<?xml version="1.0" encoding="UTF-8"?>
<!DOCTYPE html PUBLIC "-//W3C//DTD XHTML 1.0 Transitional//EN"
    "http://www.w3.org/TR/xhtml1/DTD/xhtml1-transitional.dtd">
<html xmlns="http://www.w3.org/1999/xhtml" xml:lang="en" lang="en">
 <head>
  <title>
</title>
<meta http-equiv="Content-Type" content="text/html;charset=utf-8" />
  <meta name='ocr-system' content='tesseract 3.04.00' />
  <meta name='ocr-capabilities' content='ocr_page ocr_carea ocr_par ocr_line ocrx_word'/>
</head>
<body>
  <div class='ocr_page' id='page_1' title='image "./franciscipetrar01fracgoog_0416.png"; bbox 0 0 3062 4798; ppageno 0'>
   <div class='ocr_carea' id='block_1_1' title="bbox 383 339 1268 403">
    <p class='ocr_par' dir='ltr' id='par_1_1' title="bbox 383 339 1268 403">
     <span class='ocr_line' id='line_1_1' title="bbox 383 339 1268 403; baseline -0.001 -1"><span class='ocrx_word' id='word_1_1' title='bbox 383 355 474 403; x_wconf 78' lang='lat' dir='ltr'>claun</span> <span class='ocrx_word' id='word_1_2' title='bbox 498 351 982 402; x_wconf 80' lang='lat' dir='ltr'>ssxrusbuurnus.-ur1srenn</span> <span class='ocrx_word' id='word_1_3' title='bbox 1004 351 1066 400; x_wconf 83' lang='lat' dir='ltr'>niv.</span> <span class='ocrx_word' id='word_1_4' title='bbox 1206 339 1268 401; x_wconf 60' lang='lat' dir='ltr'>1l05</span> 
     </span>
    </p>
   </div>
   <div class='ocr_carea' id='block_1_2' title="bbox 597 633 863 696">
    <p class='ocr_par' dir='ltr' id='par_1_2' title="bbox 597 633 863 696">
     <span class='ocr_line' id='line_1_2' title="bbox 597 633 863 696; baseline -0.004 -1"><span class='ocrx_word' id='word_1_5' title='bbox 597 633 773 696; x_wconf 72' lang='lat' dir='ltr'>EPISTULA</span> <span class='ocrx_word' id='word_1_6' title='bbox 795 633 863 695; x_wconf 86' lang='lat' dir='ltr'>lllll.</span> 
     </span>
    </p>
   </div>
   <div class='ocr_carea' id='block_1_3' title="bbox 272 823 1189 977">
    <p class='ocr_par' dir='ltr' id='par_1_3' title="bbox 272 823 1189 977">
     <span class='ocr_line' id='line_1_3' title="bbox 272 823 1189 876; baseline -0.004 0"><span class='ocrx_word' id='word_1_7' title='bbox 272 826 466 876; x_wconf 73' lang='lat' dir='ltr'>salnclscus</span> <span class='ocrx_word' id='word_1_8' title='bbox 487 824 654 872; x_wconf 71' lang='lat' dir='ltr'>Parnason</span> <span class='ocrx_word' id='word_1_9' title='bbox 676 823 851 873; x_wconf 74' lang='lat' dir='ltr'>Fannetsco</span> <span class='ocrx_word' id='word_1_10' title='bbox 873 823 978 872; x_wconf 78' lang='lat' dir='ltr'>Pateat</span> <span class='ocrx_word' id='word_1_11' title='bbox 1000 823 1189 873; x_wconf 71' lang='lat' dir='ltr'>SANCTORUM</span> 
     </span>
     <span class='ocr_line' id='line_1_4' title="bbox 542 927 919 977; baseline -0.003 0"><span class='ocrx_word' id='word_1_12' title='bbox 542 928 770 977; x_wconf 73' lang='lat' dir='ltr'>APOSTOLORUM</span> <span class='ocrx_word' id='word_1_13' title='bbox 792 927 817 974; x_wconf 91' lang='lat' dir='ltr'>S.</span> <span class='ocrx_word' id='word_1_14' title='bbox 841 929 868 976; x_wconf 90' lang='lat' dir='ltr'>P.</span> <span class='ocrx_word' id='word_1_15' title='bbox 891 930 919 976; x_wconf 86' lang='lat' dir='ltr'>li.</span> 
     </span>
    </p>
   </div>
   <div class='ocr_carea' id='block_1_4' title="bbox 214 1088 1251 1250">
    <p class='ocr_par' dir='ltr' id='par_1_4' title="bbox 214 1088 1251 1250">
     <span class='ocr_line' id='line_1_5' title="bbox 214 1088 1251 1166; baseline 0.001 -20"><span class='ocrx_word' id='word_1_16' title='bbox 214 1092 301 1163; x_wconf 84' lang='lat' dir='ltr'>Gapta</span> <span class='ocrx_word' id='word_1_17' title='bbox 316 1092 457 1146; x_wconf 82' lang='lat' dir='ltr'>occasione</span> <span class='ocrx_word' id='word_1_18' title='bbox 471 1091 547 1162; x_wconf 88' lang='lat' dir='ltr'>parvi</span> <span class='ocrx_word' id='word_1_19' title='bbox 561 1089 704 1144; x_wconf 87' lang='lat' dir='ltr'>cuiusdam</span> <span class='ocrx_word' id='word_1_20' title='bbox 717 1088 821 1142; x_wconf 85' lang='lat' dir='ltr'>erroris</span> <span class='ocrx_word' id='word_1_21' title='bbox 835 1088 870 1143; x_wconf 89' lang='lat' dir='ltr'>ab</span> <span class='ocrx_word' id='word_1_22' title='bbox 884 1089 972 1144; x_wconf 89' lang='lat' dir='ltr'>amico</span> <span class='ocrx_word' id='word_1_23' title='bbox 981 1089 1009 1166; x_wconf 78' lang='lat' dir='ltr'>in</span> <span class='ocrx_word' id='word_1_24' title='bbox 1021 1090 1118 1144; x_wconf 88' lang='lat' dir='ltr'>litteris</span> <span class='ocrx_word' id='word_1_25' title='bbox 1129 1089 1251 1162; x_wconf 81' lang='lat' dir='ltr'>admissi,</span> 
     </span>
     <span class='ocr_line' id='line_1_6' title="bbox 245 1175 1213 1250; baseline 0.002 -18"><span class='ocrx_word' id='word_1_26' title='bbox 245 1195 330 1250; x_wconf 88' lang='lat' dir='ltr'>quam</span> <span class='ocrx_word' id='word_1_27' title='bbox 346 1179 379 1232; x_wconf 90' lang='lat' dir='ltr'>de</span> <span class='ocrx_word' id='word_1_28' title='bbox 395 1177 587 1232; x_wconf 89' lang='lat' dir='ltr'>emendatione</span> <span class='ocrx_word' id='word_1_29' title='bbox 603 1191 713 1231; x_wconf 89' lang='lat' dir='ltr'>morum</span> <span class='ocrx_word' id='word_1_30' title='bbox 729 1175 827 1229; x_wconf 79' lang='lat' dir='ltr'>soliciti</span> <span class='ocrx_word' id='word_1_31' title='bbox 843 1191 902 1230; x_wconf 88' lang='lat' dir='ltr'>esse</span> <span class='ocrx_word' id='word_1_32' title='bbox 918 1176 1069 1246; x_wconf 86' lang='lat' dir='ltr'>debeamus</span> <span class='ocrx_word' id='word_1_33' title='bbox 1084 1180 1213 1234; x_wconf 88' lang='lat' dir='ltr'>ostendit.</span> 
     </span>
    </p>
   </div>
   <div class='ocr_carea' id='block_1_5' title="bbox 194 1467 1275 2050">
    <p class='ocr_par' dir='ltr' id='par_1_5' title="bbox 194 1467 1275 2050">
     <span class='ocr_line' id='line_1_7' title="bbox 292 1467 1269 1562; baseline 0.004 -22"><span class='ocrx_word' id='word_1_34' title='bbox 292 1469 366 1541; x_wconf 89' lang='lat' dir='ltr'>ltisi</span> <span class='ocrx_word' id='word_1_35' title='bbox 387 1478 424 1543; x_wconf 84' lang='lat' dir='ltr'>ut</span> <span class='ocrx_word' id='word_1_36' title='bbox 444 1470 557 1556; x_wconf 90' lang='lat' dir='ltr'>iubes,</span> <span class='ocrx_word' id='word_1_37' title='bbox 581 1491 649 1542; x_wconf 90' lang='lat' dir='ltr'>non</span> <span class='ocrx_word' id='word_1_38' title='bbox 670 1492 712 1541; x_wconf 91' lang='lat' dir='ltr'>ea</span> <span class='ocrx_word' id='word_1_39' title='bbox 729 1467 848 1540; x_wconf 86' lang='lat' dir='ltr'>&#39;tamen</span> <span class='ocrx_word' id='word_1_40' title='bbox 869 1492 938 1562; x_wconf 88' lang='lat' dir='ltr'>qna</span> <span class='ocrx_word' id='word_1_41' title='bbox 959 1470 1104 1544; x_wconf 90' lang='lat' dir='ltr'>iubebas</span> <span class='ocrx_word' id='word_1_42' title='bbox 1123 1473 1269 1557; x_wconf 88' lang='lat' dir='ltr'>ratione,</span> 
     </span>
     <span class='ocr_line' id='line_1_8' title="bbox 195 1591 1273 1688; baseline 0.004 -26"><span class='ocrx_word' id='word_1_43' title='bbox 195 1591 342 1684; x_wconf 83' lang='lat' dir='ltr'>sedulia</span> <span class='ocrx_word' id='word_1_44' title='bbox 363 1592 537 1684; x_wconf 82' lang='lat' dir='ltr'>quadarn;</span> <span class='ocrx_word' id='word_1_45' title='bbox 560 1613 673 1684; x_wconf 88' lang='lat' dir='ltr'>neque</span> <span class='ocrx_word' id='word_1_46' title='bbox 694 1592 784 1663; x_wconf 89' lang='lat' dir='ltr'>enim</span> <span class='ocrx_word' id='word_1_47' title='bbox 807 1591 887 1663; x_wconf 88' lang='lat' dir='ltr'>ideo</span> <span class='ocrx_word' id='word_1_48' title='bbox 908 1594 1002 1685; x_wconf 90' lang='lat' dir='ltr'>quod</span> <span class='ocrx_word' id='word_1_49' title='bbox 1025 1594 1084 1664; x_wconf 87' lang='lat' dir='ltr'>tibi</span> <span class='ocrx_word' id='word_1_50' title='bbox 1106 1597 1273 1688; x_wconf 79' lang='lat' dir='ltr'>tantisper</span> 
     </span>
     <span class='ocr_line' id='line_1_9' title="bbox 194 1712 1275 1804; baseline 0.002 -21"><span class='ocrx_word' id='word_1_51' title='bbox 194 1715 289 1786; x_wconf 88' lang='lat' dir='ltr'>latini</span> <span class='ocrx_word' id='word_1_52' title='bbox 310 1714 480 1786; x_wconf 88' lang='lat' dir='ltr'>sermonis</span> <span class='ocrx_word' id='word_1_53' title='bbox 504 1713 652 1804; x_wconf 81' lang='lat' dir='ltr'>vestigia</span> <span class='ocrx_word' id='word_1_54' title='bbox 681 1714 890 1784; x_wconf 85' lang='lat' dir='ltr'>titubassent</span> <span class='ocrx_word' id='word_1_55' title='bbox 918 1712 1097 1788; x_wconf 92' lang='lat' dir='ltr'>ridiculum</span> <span class='ocrx_word' id='word_1_56' title='bbox 1120 1717 1275 1787; x_wconf 84' lang='lat' dir='ltr'>aestima-</span> 
     </span>
     <span class='ocr_line' id='line_1_10' title="bbox 194 1834 1273 1929; baseline 0.004 -25"><span class='ocrx_word' id='word_1_57' title='bbox 194 1837 243 1919; x_wconf 90' lang='lat' dir='ltr'>vi,</span> <span class='ocrx_word' id='word_1_58' title='bbox 265 1836 328 1906; x_wconf 93' lang='lat' dir='ltr'>sed</span> <span class='ocrx_word' id='word_1_59' title='bbox 347 1834 441 1927; x_wconf 93' lang='lat' dir='ltr'>quod</span> <span class='ocrx_word' id='word_1_60' title='bbox 463 1835 631 1906; x_wconf 86' lang='lat' dir='ltr'>titubasse</span> <span class='ocrx_word' id='word_1_61' title='bbox 655 1847 721 1906; x_wconf 88' lang='lat' dir='ltr'>tam</span> <span class='ocrx_word' id='word_1_62' title='bbox 743 1836 899 1926; x_wconf 83' lang='lat' dir='ltr'>graviter</span> <span class='ocrx_word' id='word_1_63' title='bbox 921 1837 1114 1929; x_wconf 90' lang='lat' dir='ltr'>puduisset.</span> <span class='ocrx_word' id='word_1_64' title='bbox 1137 1839 1187 1910; x_wconf 87' lang='lat' dir='ltr'>lta</span> <span class='ocrx_word' id='word_1_65' title='bbox 1207 1859 1273 1929; x_wconf 80' lang='lat' dir='ltr'>ego</span> 
     </span>
     <span class='ocr_line' id='line_1_11' title="bbox 196 1954 1275 2050; baseline 0.002 -25"><span class='ocrx_word' id='word_1_66' title='bbox 196 1965 229 2028; x_wconf 86' lang='lat' dir='ltr'>te</span> <span class='ocrx_word' id='word_1_67' title='bbox 249 1957 352 2027; x_wconf 89' lang='lat' dir='ltr'>unius</span> <span class='ocrx_word' id='word_1_68' title='bbox 371 1954 484 2038; x_wconf 91' lang='lat' dir='ltr'>verbi,</span> <span class='ocrx_word' id='word_1_69' title='bbox 508 1956 576 2026; x_wconf 91' lang='lat' dir='ltr'>imo</span> <span class='ocrx_word' id='word_1_70' title='bbox 599 1956 701 2027; x_wconf 90' lang='lat' dir='ltr'>unius</span> <span class='ocrx_word' id='word_1_71' title='bbox 724 1956 883 2050; x_wconf 80' lang='lat' dir='ltr'>syllabae,</span> <span class='ocrx_word' id='word_1_72' title='bbox 907 1955 975 2026; x_wconf 90' lang='lat' dir='ltr'>imo</span> <span class='ocrx_word' id='word_1_73' title='bbox 995 1979 1078 2028; x_wconf 90' lang='lat' dir='ltr'>vero</span> <span class='ocrx_word' id='word_1_74' title='bbox 1098 1959 1199 2030; x_wconf 90' lang='lat' dir='ltr'>unius</span> <span class='ocrx_word' id='word_1_75' title='bbox 1219 1959 1275 2028; x_wconf 90' lang='lat' dir='ltr'>lit·</span> 
     </span>
    </p>
   </div>
   <div class='ocr_carea' id='block_1_6' title="bbox 195 2077 1382 2171">
    <p class='ocr_par' dir='ltr' id='par_1_6' title="bbox 195 2077 1382 2171">
     <span class='ocr_line' id='line_1_12' title="bbox 195 2077 1382 2171; baseline 0.001 -20"><span class='ocrx_word' id='word_1_76' title='bbox 195 2091 279 2152; x_wconf 84' lang='lat' dir='ltr'>terae</span> <span class='ocrx_word' id='word_1_77' title='bbox 301 2078 469 2150; x_wconf 87' lang='lat' dir='ltr'>solicitum</span> <span class='ocrx_word' id='word_1_78' title='bbox 494 2079 578 2162; x_wconf 89' lang='lat' dir='ltr'>vidi,</span> <span class='ocrx_word' id='word_1_79' title='bbox 601 2099 681 2170; x_wconf 83' lang='lat' dir='ltr'>quac</span> <span class='ocrx_word' id='word_1_80' title='bbox 708 2077 766 2148; x_wconf 90' lang='lat' dir='ltr'>tihi</span> <span class='ocrx_word' id='word_1_81' title='bbox 788 2079 929 2170; x_wconf 90' lang='lat' dir='ltr'>quidem</span> <span class='ocrx_word' id='word_1_82' title='bbox 956 2081 1090 2171; x_wconf 88' lang='lat' dir='ltr'>elapsa,</span> <span class='ocrx_word' id='word_1_83' title='bbox 1120 2092 1155 2151; x_wconf 88' lang='lat' dir='ltr'>et</span> <span class='ocrx_word' id='word_1_84' title='bbox 1181 2081 1274 2152; x_wconf 87' lang='lat' dir='ltr'>baud</span> <span class='ocrx_word' id='word_1_85' title='bbox 1311 2125 1313 2128; x_wconf 94' lang='lat'>-</span> <span class='ocrx_word' id='word_1_86' title='bbox 1377 2097 1382 2110; x_wconf 92' lang='grc'>·</span> 
     </span>
    </p>
   </div>
   <div class='ocr_carea' id='block_1_7' title="bbox 195 2197 1335 4231">
    <p class='ocr_par' dir='ltr' id='par_1_7' title="bbox 195 2197 1335 4231">
     <span class='ocr_line' id='line_1_13' title="bbox 195 2197 1273 2292; baseline 0.002 -21"><span class='ocrx_word' id='word_1_87' title='bbox 195 2199 325 2271; x_wconf 88' lang='lat' dir='ltr'>duriter</span> <span class='ocrx_word' id='word_1_88' title='bbox 338 2197 481 2269; x_wconf 91' lang='lat' dir='ltr'>auribus</span> <span class='ocrx_word' id='word_1_89' title='bbox 496 2199 582 2270; x_wconf 89' lang='lat' dir='ltr'>meis</span> <span class='ocrx_word' id='word_1_90' title='bbox 598 2200 718 2292; x_wconf 90' lang='lat' dir='ltr'>illapsa</span> <span class='ocrx_word' id='word_1_91' title='bbox 732 2208 816 2281; x_wconf 89' lang='lat' dir='ltr'>erat,</span> <span class='ocrx_word' id='word_1_92' title='bbox 832 2208 869 2268; x_wconf 91' lang='lat' dir='ltr'>ut</span> <span class='ocrx_word' id='word_1_93' title='bbox 883 2199 1052 2271; x_wconf 86' lang='lat' dir='ltr'>dicerem:</span> <span class='ocrx_word' id='word_1_94' title='bbox 1064 2198 1108 2271; x_wconf 93' lang='lat' dir='ltr'>ob</span> <span class='ocrx_word' id='word_1_95' title='bbox 1122 2203 1127 2269; x_wconf 89' lang='lat' dir='ltr'>l</span> <span class='ocrx_word' id='word_1_96' title='bbox 1145 2199 1273 2274; x_wconf 86' lang='lat' dir='ltr'>doctis-</span> 
     </span>
     <span class='ocr_line' id='line_1_14' title="bbox 197 2319 1275 2414; baseline 0.004 -24"><span class='ocrx_word' id='word_1_97' title='bbox 197 2323 363 2394; x_wconf 88' lang='lat' dir='ltr'>simorum</span> <span class='ocrx_word' id='word_1_98' title='bbox 391 2321 467 2390; x_wconf 91' lang='lat' dir='ltr'>licet</span> <span class='ocrx_word' id='word_1_99' title='bbox 492 2319 670 2390; x_wconf 90' lang='lat' dir='ltr'>homiuum</span> <span class='ocrx_word' id='word_1_100' title='bbox 700 2321 820 2390; x_wconf 88' lang='lat' dir='ltr'>curas!</span> <span class='ocrx_word' id='word_1_101' title='bbox 849 2319 904 2390; x_wconf 92' lang='lat' dir='ltr'>cui</span> <span class='ocrx_word' id='word_1_102' title='bbox 935 2321 1026 2392; x_wconf 91' lang='lat' dir='ltr'>enim</span> <span class='ocrx_word' id='word_1_103' title='bbox 1058 2341 1180 2414; x_wconf 87' lang='lat' dir='ltr'>quaeso</span> <span class='ocrx_word' id='word_1_104' title='bbox 1206 2343 1275 2394; x_wconf 93' lang='lat' dir='ltr'>non</span> 
     </span>
     <span class='ocr_line' id='line_1_15' title="bbox 197 2439 1276 2536; baseline 0.005 -26"><span class='ocrx_word' id='word_1_105' title='bbox 197 2442 288 2514; x_wconf 89' lang='lat' dir='ltr'>idem</span> <span class='ocrx_word' id='word_1_106' title='bbox 310 2440 419 2536; x_wconf 89' lang='lat' dir='ltr'>possit</span> <span class='ocrx_word' id='word_1_107' title='bbox 440 2439 619 2513; x_wconf 75' lang='lat' dir='ltr'>accidere?</span> <span class='ocrx_word' id='word_1_108' title='bbox 637 2442 756 2512; x_wconf 88' lang='lat' dir='ltr'>Cicero</span> <span class='ocrx_word' id='word_1_109' title='bbox 775 2451 894 2513; x_wconf 88' lang='lat' dir='ltr'>noster</span> <span class='ocrx_word' id='word_1_110' title='bbox 916 2464 1075 2513; x_wconf 91' lang='lat' dir='ltr'>summus</span> <span class='ocrx_word' id='word_1_111' title='bbox 1093 2445 1188 2516; x_wconf 90' lang='lat' dir='ltr'>latini</span> <span class='ocrx_word' id='word_1_112' title='bbox 1205 2447 1276 2515; x_wconf 91' lang='lat' dir='ltr'>elo-</span> 
     </span>
     <span class='ocr_line' id='line_1_16' title="bbox 199 2562 1274 2658; baseline 0.004 -24"><span class='ocrx_word' id='word_1_113' title='bbox 199 2563 268 2656; x_wconf 91' lang='lat' dir='ltr'>quii</span> <span class='ocrx_word' id='word_1_114' title='bbox 286 2585 411 2658; x_wconf 89' lang='lat' dir='ltr'>parens</span> <span class='ocrx_word' id='word_1_115' title='bbox 429 2573 497 2644; x_wconf 86' lang='lat' dir='ltr'>est;</span> <span class='ocrx_word' id='word_1_116' title='bbox 513 2562 693 2655; x_wconf 88' lang='lat' dir='ltr'>proximus</span> <span class='ocrx_word' id='word_1_117' title='bbox 707 2562 754 2631; x_wconf 93' lang='lat' dir='ltr'>illi</span> <span class='ocrx_word' id='word_1_118' title='bbox 768 2562 950 2653; x_wconf 59' lang='lat' dir='ltr'>Virgilium</span> <span class='ocrx_word' id='word_1_119' title='bbox 966 2585 1038 2646; x_wconf 88' lang='lat' dir='ltr'>seu,</span> <span class='ocrx_word' id='word_1_120' title='bbox 1053 2564 1217 2656; x_wconf 90' lang='lat' dir='ltr'>quoniam</span> <span class='ocrx_word' id='word_1_121' title='bbox 1230 2565 1274 2638; x_wconf 90' lang='lat' dir='ltr'>de</span> 
     </span>
     <span class='ocr_line' id='line_1_17' title="bbox 198 2684 1275 2778; baseline 0.007 -24"><span class='ocrx_word' id='word_1_122' title='bbox 198 2684 262 2755; x_wconf 88' lang='lat' dir='ltr'>hoc</span> <span class='ocrx_word' id='word_1_123' title='bbox 281 2685 401 2757; x_wconf 88' lang='lat' dir='ltr'>ordine</span> <span class='ocrx_word' id='word_1_124' title='bbox 419 2684 599 2756; x_wconf 91' lang='lat' dir='ltr'>dubitasse</span> <span class='ocrx_word' id='word_1_125' title='bbox 618 2684 787 2778; x_wconf 89' lang='lat' dir='ltr'>quosdam</span> <span class='ocrx_word' id='word_1_126' title='bbox 808 2684 922 2770; x_wconf 89' lang='lat' dir='ltr'>video,</span> <span class='ocrx_word' id='word_1_127' title='bbox 946 2697 1028 2757; x_wconf 88' lang='lat' dir='ltr'>suut</span> <span class='ocrx_word' id='word_1_128' title='bbox 1047 2696 1142 2758; x_wconf 90' lang='lat' dir='ltr'>certe</span> <span class='ocrx_word' id='word_1_129' title='bbox 1163 2711 1275 2762; x_wconf 86' lang='lat' dir='ltr'>roma·</span> 
     </span>
     <span class='ocr_line' id='line_1_18' title="bbox 198 2806 1276 2908; baseline 0.003 -32"><span class='ocrx_word' id='word_1_130' title='bbox 198 2825 253 2904; x_wconf 74' lang='lat' dir='ltr'>nae</span> <span class='ocrx_word' id='word_1_131' title='bbox 273 2806 444 2879; x_wconf 80' lang='lat' dir='ltr'>facundiae</span> <span class='ocrx_word' id='word_1_132' title='bbox 465 2817 627 2899; x_wconf 86' lang='lat' dir='ltr'>parentes</span> <span class='ocrx_word' id='word_1_133' title='bbox 655 2806 786 2877; x_wconf 88' lang='lat' dir='ltr'>Tullius</span> <span class='ocrx_word' id='word_1_134' title='bbox 806 2816 842 2877; x_wconf 86' lang='lat' dir='ltr'>el</span> <span class='ocrx_word' id='word_1_135' title='bbox 862 2809 967 2890; x_wconf 85' lang='lat' dir='ltr'>Maru,</span> <span class='ocrx_word' id='word_1_136' title='bbox 990 2808 1084 2900; x_wconf 90' lang='lat' dir='ltr'>quod</span> <span class='ocrx_word' id='word_1_137' title='bbox 1106 2809 1176 2908; x_wconf 32' lang='lat' dir='ltr'>qui·</span> <span class='ocrx_word' id='word_1_138' title='bbox 1191 2810 1276 2880; x_wconf 89' lang='lat' dir='ltr'>mihi</span> 
     </span>
     <span class='ocr_line' id='line_1_19' title="bbox 197 2926 1276 3022; baseline 0.004 -26"><span class='ocrx_word' id='word_1_139' title='bbox 197 2926 378 3018; x_wconf 81' lang='lat' dir='ltr'>negaverit</span> <span class='ocrx_word' id='word_1_140' title='bbox 411 2929 458 2997; x_wconf 91' lang='lat' dir='ltr'>nil</span> <span class='ocrx_word' id='word_1_141' title='bbox 492 2929 567 3021; x_wconf 86' lang='lat' dir='ltr'>ipse</span> <span class='ocrx_word' id='word_1_142' title='bbox 601 2927 666 2998; x_wconf 87' lang='lat' dir='ltr'>sibi</span> <span class='ocrx_word' id='word_1_143' title='bbox 699 2929 948 3000; x_wconf 89' lang='lat' dir='ltr'>consenserim.</span> <span class='ocrx_word' id='word_1_144' title='bbox 978 2929 1120 3022; x_wconf 89' lang='lat' dir='ltr'>Utrique</span> <span class='ocrx_word' id='word_1_145' title='bbox 1161 2941 1276 3002; x_wconf 87' lang='lat' dir='ltr'>tamen</span> 
     </span>
     <span class='ocr_line' id='line_1_20' title="bbox 197 3045 1335 3142; baseline 0.006 -26"><span class='ocrx_word' id='word_1_146' title='bbox 197 3049 442 3136; x_wconf 64' lang='lat' dir='ltr'>grammaticulc</span> <span class='ocrx_word' id='word_1_147' title='bbox 455 3059 501 3117; x_wconf 85' lang='lat' dir='ltr'>est</span> <span class='ocrx_word' id='word_1_148' title='bbox 520 3048 596 3142; x_wconf 73' lang='lat' dir='ltr'>(sic)</span> <span class='ocrx_word' id='word_1_149' title='bbox 615 3051 821 3138; x_wconf 80' lang='lat' dir='ltr'>inteprurum</span> <span class='ocrx_word' id='word_1_150' title='bbox 843 3052 942 3122; x_wconf 81' lang='lat' dir='ltr'>etium</span> <span class='ocrx_word' id='word_1_151' title='bbox 966 3050 1156 3136; x_wconf 84' lang='lat' dir='ltr'>dictionum,</span> <span class='ocrx_word' id='word_1_152' title='bbox 1176 3051 1276 3123; x_wconf 90' lang='lat' dir='ltr'>cuius</span> <span class='ocrx_word' id='word_1_153' title='bbox 1333 3045 1335 3050; x_wconf 67' lang='grc'><strong>’</strong></span> 
     </span>
     <span class='ocr_line' id='line_1_21' title="bbox 200 3165 1278 3266; baseline 0.003 -26"><span class='ocrx_word' id='word_1_154' title='bbox 200 3165 303 3240; x_wconf 83' lang='lat' dir='ltr'>taedio</span> <span class='ocrx_word' id='word_1_155' title='bbox 323 3166 440 3237; x_wconf 85' lang='lat' dir='ltr'>Cicero</span> <span class='ocrx_word' id='word_1_156' title='bbox 457 3167 531 3258; x_wconf 90' lang='lat' dir='ltr'>ipse</span> <span class='ocrx_word' id='word_1_157' title='bbox 549 3169 582 3238; x_wconf 89' lang='lat' dir='ltr'>iu</span> <span class='ocrx_word' id='word_1_158' title='bbox 600 3170 755 3262; x_wconf 89' lang='lat' dir='ltr'>epistolis</span> <span class='ocrx_word' id='word_1_159' title='bbox 773 3171 818 3242; x_wconf 92' lang='lat' dir='ltr'>ab</span> <span class='ocrx_word' id='word_1_160' title='bbox 835 3172 949 3245; x_wconf 85' lang='lat' dir='ltr'>Attico</span> <span class='ocrx_word' id='word_1_161' title='bbox 967 3195 1031 3246; x_wconf 92' lang='lat' dir='ltr'>suo</span> <span class='ocrx_word' id='word_1_162' title='bbox 1049 3175 1160 3266; x_wconf 86' lang='lat' dir='ltr'>poscit</span> <span class='ocrx_word' id='word_1_163' title='bbox 1176 3174 1278 3245; x_wconf 85' lang='lat' dir='ltr'>auxi-</span> 
     </span>
     <span class='ocr_line' id='line_1_22' title="bbox 198 3290 1277 3387; baseline 0.005 -27"><span class='ocrx_word' id='word_1_164' title='bbox 198 3290 295 3373; x_wconf 88' lang='lat' dir='ltr'>lium,</span> <span class='ocrx_word' id='word_1_165' title='bbox 318 3307 388 3379; x_wconf 91' lang='lat' dir='ltr'>quo</span> <span class='ocrx_word' id='word_1_166' title='bbox 410 3307 448 3357; x_wconf 91' lang='lat' dir='ltr'>se</span> <span class='ocrx_word' id='word_1_167' title='bbox 474 3308 600 3377; x_wconf 84' lang='lat' dir='ltr'>magna</span> <span class='ocrx_word' id='word_1_168' title='bbox 625 3290 784 3360; x_wconf 91' lang='lat' dir='ltr'>molestia</span> <span class='ocrx_word' id='word_1_169' title='bbox 810 3292 1027 3364; x_wconf 90' lang='lat' dir='ltr'>liberandum</span> <span class='ocrx_word' id='word_1_170' title='bbox 1052 3295 1144 3365; x_wconf 86' lang='lat' dir='ltr'>dicit.</span> <span class='ocrx_word' id='word_1_171' title='bbox 1171 3294 1277 3387; x_wconf 83' lang='lat' dir='ltr'>Atqui</span> 
     </span>
     <span class='ocr_line' id='line_1_23' title="bbox 201 3409 1278 3505; baseline 0.002 -22"><span class='ocrx_word' id='word_1_172' title='bbox 201 3412 231 3483; x_wconf 86' lang='lat' dir='ltr'>si</span> <span class='ocrx_word' id='word_1_173' title='bbox 251 3410 409 3504; x_wconf 85' lang='lat' dir='ltr'>quidest</span> <span class='ocrx_word' id='word_1_174' title='bbox 426 3409 459 3478; x_wconf 91' lang='lat' dir='ltr'>in</span> <span class='ocrx_word' id='word_1_175' title='bbox 477 3419 550 3479; x_wconf 88' lang='lat' dir='ltr'>arte</span> <span class='ocrx_word' id='word_1_176' title='bbox 569 3411 802 3501; x_wconf 80' lang='lat' dir='ltr'>grammatica,</span> <span class='ocrx_word' id='word_1_177' title='bbox 824 3411 878 3480; x_wconf 91' lang='lat' dir='ltr'>ubi</span> <span class='ocrx_word' id='word_1_178' title='bbox 900 3412 1058 3482; x_wconf 88' lang='lat' dir='ltr'>titubanti</span> <span class='ocrx_word' id='word_1_179' title='bbox 1079 3412 1278 3505; x_wconf 85' lang='lat' dir='ltr'>labentique</span> 
     </span>
     <span class='ocr_line' id='line_1_24' title="bbox 203 3530 1280 3625; baseline -0.002 -21"><span class='ocrx_word' id='word_1_180' title='bbox 203 3533 305 3604; x_wconf 87' lang='lat' dir='ltr'>venia</span> <span class='ocrx_word' id='word_1_181' title='bbox 325 3530 507 3615; x_wconf 85' lang='lat' dir='ltr'>debeatur,</span> <span class='ocrx_word' id='word_1_182' title='bbox 530 3530 565 3600; x_wconf 90' lang='lat' dir='ltr'>in</span> <span class='ocrx_word' id='word_1_183' title='bbox 586 3530 750 3625; x_wconf 88' lang='lat' dir='ltr'>praeteriti</span> <span class='ocrx_word' id='word_1_184' title='bbox 771 3531 913 3623; x_wconf 86' lang='lat' dir='ltr'>perfecti</span> <span class='ocrx_word' id='word_1_185' title='bbox 936 3534 1184 3624; x_wconf 90' lang='lat' dir='ltr'>propemodum</span> <span class='ocrx_word' id='word_1_186' title='bbox 1206 3554 1280 3602; x_wconf 88' lang='lat' dir='ltr'>am-</span> 
     </span>
     <span class='ocr_line' id='line_1_25' title="bbox 202 3641 1280 3747; baseline 0.001 -24"><span class='ocrx_word' id='word_1_187' title='bbox 202 3652 369 3744; x_wconf 76' lang='lat' dir='ltr'>biguitate</span> <span class='ocrx_word' id='word_1_188' title='bbox 395 3652 587 3747; x_wconf 88' lang='lat' dir='ltr'>posuerim,</span> <span class='ocrx_word' id='word_1_189' title='bbox 615 3674 703 3734; x_wconf 88' lang='lat' dir='ltr'>cum,</span> <span class='ocrx_word' id='word_1_190' title='bbox 732 3661 770 3723; x_wconf 91' lang='lat' dir='ltr'>ut</span> <span class='ocrx_word' id='word_1_191' title='bbox 799 3641 1101 3742; x_wconf 82' lang='lat' dir='ltr'>grammaiicorum</span> <span class='ocrx_word' id='word_1_192' title='bbox 1120 3652 1280 3746; x_wconf 87' lang='lat' dir='ltr'>princeps</span> 
     </span>
     <span class='ocr_line' id='line_1_26' title="bbox 203 3771 1282 3866; baseline 0 -24"><span class='ocrx_word' id='word_1_193' title='bbox 203 3773 258 3858; x_wconf 84' lang='lat' dir='ltr'>ait,</span> <span class='ocrx_word' id='word_1_194' title='bbox 273 3774 337 3866; x_wconf 91' lang='lat' dir='ltr'>ipsi</span> <span class='ocrx_word' id='word_1_195' title='bbox 357 3771 593 3866; x_wconf 90' lang='lat' dir='ltr'>probatissimi</span> <span class='ocrx_word' id='word_1_196' title='bbox 611 3773 735 3847; x_wconf 88' lang='lat' dir='ltr'>artium</span> <span class='ocrx_word' id='word_1_197' title='bbox 754 3774 941 3865; x_wconf 87' lang='lat' dir='ltr'>scriptores</span> <span class='ocrx_word' id='word_1_198' title='bbox 961 3794 1028 3843; x_wconf 89' lang='lat' dir='ltr'>nen</span> <span class='ocrx_word' id='word_1_199' title='bbox 1046 3773 1187 3844; x_wconf 91' lang='lat' dir='ltr'>omnino</span> <span class='ocrx_word' id='word_1_200' title='bbox 1206 3795 1282 3844; x_wconf 88' lang='lat' dir='ltr'>cer-</span> 
     </span>
     <span class='ocr_line' id='line_1_27' title="bbox 203 3894 1283 3986; baseline 0.001 -23"><span class='ocrx_word' id='word_1_201' title='bbox 203 3896 247 3965; x_wconf 90' lang='lat' dir='ltr'>tis</span> <span class='ocrx_word' id='word_1_202' title='bbox 280 3895 357 3966; x_wconf 86' lang='lat' dir='ltr'>haec</span> <span class='ocrx_word' id='word_1_203' title='bbox 391 3895 520 3985; x_wconf 80' lang='lat' dir='ltr'>regulis</span> <span class='ocrx_word' id='word_1_204' title='bbox 548 3894 759 3966; x_wconf 88' lang='lat' dir='ltr'>disseruisse</span> <span class='ocrx_word' id='word_1_205' title='bbox 792 3901 992 3964; x_wconf 86' lang='lat' dir='ltr'>noscantur.</span> <span class='ocrx_word' id='word_1_206' title='bbox 1027 3894 1097 3965; x_wconf 91' lang='lat' dir='ltr'>Sed</span> <span class='ocrx_word' id='word_1_207' title='bbox 1120 3916 1189 3966; x_wconf 91' lang='lat' dir='ltr'>non</span> <span class='ocrx_word' id='word_1_208' title='bbox 1215 3914 1283 3986; x_wconf 82' lang='lat' dir='ltr'>ego</span> 
     </span>
     <span class='ocr_line' id='line_1_28' title="bbox 204 4015 1283 4109; baseline 0.003 -25"><span class='ocrx_word' id='word_1_209' title='bbox 204 4016 347 4109; x_wconf 87' lang='lat' dir='ltr'>perinde</span> <span class='ocrx_word' id='word_1_210' title='bbox 370 4015 431 4086; x_wconf 90' lang='lat' dir='ltr'>tibi</span> <span class='ocrx_word' id='word_1_211' title='bbox 452 4038 542 4088; x_wconf 87' lang='lat' dir='ltr'>nunc</span> <span class='ocrx_word' id='word_1_212' title='bbox 559 4016 803 4088; x_wconf 82' lang='lat' dir='ltr'>excusationes</span> <span class='ocrx_word' id='word_1_213' title='bbox 824 4035 987 4106; x_wconf 91' lang='lat' dir='ltr'>aucupor,</span> <span class='ocrx_word' id='word_1_214' title='bbox 1007 4015 1106 4106; x_wconf 89' lang='lat' dir='ltr'>quasi</span> <span class='ocrx_word' id='word_1_215' title='bbox 1126 4016 1180 4086; x_wconf 89' lang='lat' dir='ltr'>ille</span> <span class='ocrx_word' id='word_1_216' title='bbox 1202 4028 1283 4087; x_wconf 87' lang='lat' dir='ltr'>tuus</span> 
     </span>
     <span class='ocr_line' id='line_1_29' title="bbox 204 4135 1284 4231; baseline 0.002 -24"><span class='ocrx_word' id='word_1_217' title='bbox 204 4144 240 4207; x_wconf 88' lang='lat' dir='ltr'>et</span> <span class='ocrx_word' id='word_1_218' title='bbox 260 4157 327 4208; x_wconf 91' lang='lat' dir='ltr'>non</span> <span class='ocrx_word' id='word_1_219' title='bbox 348 4137 468 4208; x_wconf 86' lang='lat' dir='ltr'>calami</span> <span class='ocrx_word' id='word_1_220' title='bbox 492 4137 618 4231; x_wconf 90' lang='lat' dir='ltr'>potius,</span> <span class='ocrx_word' id='word_1_221' title='bbox 642 4159 745 4228; x_wconf 90' lang='lat' dir='ltr'>quam</span> <span class='ocrx_word' id='word_1_222' title='bbox 769 4135 1017 4208; x_wconf 90' lang='lat' dir='ltr'>inadvertentis</span> <span class='ocrx_word' id='word_1_223' title='bbox 1039 4135 1142 4206; x_wconf 89' lang='lat' dir='ltr'>animi</span> <span class='ocrx_word' id='word_1_224' title='bbox 1165 4135 1284 4228; x_wconf 88' lang='lat' dir='ltr'>lapsus</span> 
     </span>
    </p>
   </div>
   <div class='ocr_carea' id='block_1_8' title="bbox 0 0 1547 4798">
    <p class='ocr_par' dir='ltr' id='par_1_8' title="bbox 0 0 1547 4798">
     <span class='ocr_line' id='line_1_30' title="bbox 0 0 1547 4798; baseline 0 0"><span class='ocrx_word' id='word_1_225' title='bbox 0 0 1547 4798; x_wconf 95' lang='lat' dir='ltr'> </span> 
     </span>
    </p>
   </div>
  </div>
 </body>
</html>
