3062 4798
423 337 516 388 ursan
537 335 1022 388 saxrusnncruusa-nrrsrcm
1043 336 1085 384 ur.
1236 321 1297 386 393

212 473 325 557 detur,
349 473 443 542 nullo
463 493 531 544 non
550 473 634 542 calle
656 470 871 563 fugiendum.
892 470 988 542 Sicut
1003 470 1096 541 enim
1111 470 1226 561 magni
1243 479 1298 567 ty·

212 596 313 668 ranni
339 615 434 689 saepe
456 593 620 687 rapiendo
648 591 801 665 munifici
828 601 921 678 sunt,
945 593 995 666 sic
1016 593 1116 686 parvi
1142 591 1297 666 munifici

211 740 391 812 nunquam
413 738 551 809 semper
572 715 675 799 avidi,
698 717 852 802 famelici,
873 715 1041 800 sitientes,
1059 715 1119 808 qui
1139 715 1184 787 de
1205 715 1297 810 rapi-

211 843 267 913 nis
300 838 493 912 minoribus
523 839 756 940 inardescant,
785 850 820 911 et
845 841 880 911 in
907 861 1005 933 spem
1036 837 1206 910 maiorum
1234 861 1297 912 ve-

213 963 310 1034 niant
330 963 537 1056 rapinarum.
565 963 738 1034 Caeterum
764 962 894 1034 Christi
914 963 1052 1034 famulis
1078 961 1147 1034 illic
1172 966 1297 1062 volun7

214 1086 301 1159 taria
332 1085 500 1157 servitute
533 1083 708 1157 conclusis
733 1086 827 1157 nulla
851 1088 954 1176 fugae,
989 1087 1084 1156 nulla
1105 1085 1296 1181 tyrannicae

215 1208 465 1280 misericordiae
487 1227 569 1300 spes
590 1217 667 1278 est:
690 1217 800 1278 totum
821 1205 855 1277 in
877 1207 997 1280 divino
1018 1208 1186 1301 regioque
1206 1229 1297 1301 prae-

215 1330 304 1402 sidio
324 1329 525 1423 repositum.
549 1330 668 1421 ltaque
695 1330 775 1400 olim
803 1331 905 1398 almae
931 1329 1109 1402 memoriae
1136 1332 1296 1402 Carolum

214 1453 411 1524 Secundum
447 1473 563 1542 regem
599 1451 745 1522 siculum
780 1449 884 1522 huius
918 1451 1027 1522 nostri
1063 1451 1157 1543 regis
1190 1475 1296 1526 avum

216 1577 389 1671 supplices
411 1574 572 1646 adierunt
595 1582 751 1659 oranteS,
776 1582 814 1643 ιιι
832 1573 883 1644 eis
907 1595 1012 1644 unum
1034 1594 1081 1644 ex
1108 1573 1214 1665 regiis
1241 1596 1298 1646 sa-

216 1699 379 1772 tellitibus
399 1698 593 1792 deputaret,
614 1719 683 1790 quo
705 1705 801 1781 teste,
825 1696 892 1768 sub
909 1697 1033 1768 umbra
1047 1697 1128 1769 iusti
1143 1697 1298 1790 regis-ab

214 1822 347 1893 iniuriis
376 1828 598 1913 tegerentur3
624 1820 719 1912 quod
744 1820 800 1892 ille
825 1819 885 1912 qui
909 1841 1006 1891 more
1033 1841 1187 1894 caesareo
1212 1821 1298 1894 nihil

216 1966 346 2037 negare
367 1952 512 2014 noverat
533 1942 626 2034 quod
648 1942 741 2013 dono
761 1942 906 2034 dignum
927 1955 1037 2028 esset,
1066 1943 1211 2016 libenter
1236 1967 1298 2016 an·

215 2068 313 2151 nuit;
334 2088 446 2160 eoque
471 2068 569 2138 velut
593 2066 717 2161 clypeo
738 2066 865 2136 multos
892 2086 1003 2136 annos
1025 2064 1092 2136 sub
1116 2067 1173 2136 illo
1199 2089 1295 2157 rege,

215 2189 341 2264 deinde
362 2190 428 2262 sub
450 2187 520 2262 filio
545 2189 635 2273 eius,
665 2209 802 2258 summo
834 2207 956 2277 regum
983 2197 1087 2278 atque
1118 2187 1297 2262 hominum

216 2311 373 2396 Robertc,
396 2311 548 2403 quietius
565 2317 770 2402 exegerunt,
785 2307 895 2380 donec
908 2308 1048 2404 quidam
1067 2309 1296 2382 Massiliensis

215 2436 381 2519 ecclesiae,
405 2433 497 2506 unde
530 2433 673 2524 gravius
705 2433 920 2515 infestantur,
956 2434 1067 2504 sactus
1102 2432 1297 2525 Episcopus

218 2569 335 2630 tantus
360 2557 465 2628 huius
491 2555 624 2628 ordinis
648 2565 783 2626 amator
809 2563 994 2647 tantusque
1020 2554 1162 2627 iustitiae
1187 2557 1298 2628 cultor

217 2681 291 2764 luit,
320 2689 358 2751 ut
378 2703 457 2752 cum
478 2701 521 2751 eo
547 2679 688 2750 mallent
708 2677 918 2764 voluntarie,
942 2699 1046 2771 quam
1076 2679 1110 2750 vi
1138 2688 1199 2749 aut
1228 2681 1298 2750 ullo

219 2803 407 2896 superioris
425 2802 568 2895 imperio
585 2823 700 2894 agere.
724 2803 774 2873 lta
792 2800 908 2872 multis
927 2802 1044 2873 itidem
1063 2824 1142 2872 cum
1161 2802 1218 2872 illo
1236 2823 1298 2872 an-

215 2926 271 3022 nis
303 2935 338 2996 et
369 2925 584 2997 concorditer
616 2926 716 3008 actis,
751 2934 786 2996 et
810 2923 948 2996 caeteris
981 2923 1026 2996 ab
1059 2924 1184 2995 iniuria
1216 2923 1298 2995 honi

218 3048 380 3141 praesulis
400 3048 619 3120 veneratione
639 3049 870 3132 cessantibus,
892 3048 954 3120 diu
979 3051 1096 3120 nullus
1117 3047 1298 3142 privilegio
1348 3087 1352 3094 ·

219 3168 316 3260 regio
337 3171 432 3238 locus
453 3168 527 3237 fuit.
550 3170 605 3238 Sic
631 3180 743 3244 tractu
765 3171 930 3265 temporis
957 3194 1020 3266 per
1041 3172 1298 3265 simplicitatem

218 3311 410 3388 pauperum
433 3288 575 3375 Christi,
598 3313 679 3382 quae
700 3292 793 3383 apud
814 3294 991 3387 sapientes
1013 3294 1134 3366 saeculi
1156 3294 1299 3366 stultitia
1323 3273 1325 3276 ⁵

220 3415 313 3508 apud
339 3415 450 3484 Deum
478 3411 646 3505 sapientia
680 3435 807 3504 magna
832 3425 898 3500 est,
935 3438 1063 3486 munus
1089 3418 1299 3508 optimorum

219 3559 342 3629 regum
359 3535 606 3607 obsolefactum
625 3545 730 3627 atque
747 3536 926 3629 antiquum
941 3536 1065 3608 extitit.
1080 3537 1164 3608 lude
1182 3547 1298 3609 autem

219 3657 490 3751 dictoEpiscopo
503 3655 607 3727 rebus
623 3651 785 3740 humanis
799 3669 970 3753 exempto,
984 3659 1211 3751 protinusque
1222 3658 1298 3730 aliis

219 3789 322 3873 atque
344 3781 421 3852 aliis
438 3779 614 3873 peioribus
631 3781 665 3850 in
683 3783 797 3852 locum
814 3781 891 3854 eius
909 3757 1109 3876 assumptis
1129 3782 1244 3853 omnia
1262 3780 1297 3850 in

107 3983 112 4006 .
190 3888 194 3893 ⁸
219 3903 374 3974 deterius
393 3923 514 3988 versa,
532 3902 642 3974 donec
660 3903 823 3997 paulatim
841 3902 887 3976 ad
903 3905 1045 3998 antiqua
1063 3906 1215 3978 reditum
1229 3913 1291 3984 est,

218 4025 414 4096 eteoclesia
431 4023 660 4096 Massiliensis
679 4047 782 4097 suum
798 4036 983 4121 tyrannum
1002 4024 1116 4112 habet,
1130 4035 1165 4098 et
1183 4034 1300 4099 castra

220 4146 429 4223 monasterio
448 4147 576 4233 vicina,
600 4157 635 4218 ut
655 4158 709 4222 est
726 4156 850 4222 natura
871 4147 1049 4222 hominum
1070 4149 1115 4223 ad
1136 4149 1299 4222 imitatio·
