2958 4804
346 404 439 452 monn
460 401 1012 461 ouaurusnncuurs.-srlsrona1.
1159 389 1219 450 :273

135 537 330 632 conspexit,
353 547 458 631 atquc
479 537 743 624 illismanibus,
767 559 856 631 quas
881 538 1037 610 victoriis
1063 558 1219 630 auroque

134 663 383 754 compleverat,
407 670 467 731 aut
491 659 620 753 quibus
642 660 744 731 insita
766 661 893 754 pietate
914 669 1131 754 pepercerat,
1153 659 1221 731 cir-

134 793 342 854 cumventus
367 782 537 854 occubuit.
565 781 749 875 Augustus
775 784 830 855 ille
857 784 1050 879 principum
1077 782 1221 854 mitissi-

134 928 226 989 muS,
261 915 297 976 et
330 904 435 976 totius
470 905 612 976 humani
647 907 786 997 generis
820 927 937 980 amore
968 904 1216 996 dignissimus,

132 1026 321 1118 inquietam
355 1048 497 1096 suorum
531 1025 846 1119 conspirationibus
878 1027 987 1098 vitam
1016 1026 1098 1118 ogit.
1131 1026 1219 1098 Nota

131 1146 271 1240 quidem
297 1157 334 1218 et
358 1146 448 1218 inter
474 1147 655 1220 historicos
683 1147 763 1218 trita
789 1171 965 1222 recenseo,
993 1147 1084 1240 Age,
1111 1171 1216 1240 quam

132 1290 259 1360 graves
281 1269 466 1342 discordiae
486 1271 794 1363 contentionesque
823 1270 1028 1355 vorborum,
1051 1272 1133 1344 dum
1156 1271 1219 1343 de·

131 1390 250 1461 licatas
271 1412 377 1462 aures
397 1391 528 1463 dictum
549 1392 693 1463 liberius
719 1395 847 1488 pungit
866 1417 906 1466 ac
928 1397 1086 1467 sauciat?
1110 1394 1219 1488 pudet

129 1512 266 1596 cedere,
293 1513 398 1604 pudet
417 1513 524 1598 vinci,
546 1514 641 1605 quod
664 1514 779 1608 ipsum
806 1517 875 1594 etsi
900 1517 990 1588 iuter
1014 1537 1136 1588 omnes
1161 1536 1218 1584 or·

128 1633 228 1704 dines
249 1632 447 1716 videamus,
475 1635 721 1707 Sallustianum
749 1646 867 1710 tamen
894 1639 978 1710 illud
998 1647 1053 1708 est
1073 1659 1214 1721 verum,

127 1777 312 1826 commune
332 1756 519 1830 nobilitatis
541 1759 669 1832 malum
691 1781 772 1830 csse
794 1761 1008 1854 superbiam.
1035 1760 1105 1832 lllic
1130 1781 1216 1851 orgo

127 1881 204 1972 plus
240 1878 410 1954 stomachi
442 1879 501 1954 ubi
534 1881 754 1952 excellentiae
789 1884 869 1974 plns
901 1893 973 1970 est:
1002 1884 1216 1976 insitumque

8 2099 13 2107 1
127 2002 251 2098 animis
276 2024 468 2075 oaesareum
496 2003 592 2085 illud,
616 2004 815 2095 primordiis
840 2006 1092 2090 resistendum,
1119 2005 1215 2098 quod

126 2124 303 2198 difficilius
324 2148 343 2196 a
365 2124 475 2217 primo
501 2124 536 2195 in
563 2126 768 2208 secundum,
802 2148 907 2219 quam
941 2148 961 2198 a
998 2126 1154 2198 secundo
1179 2125 1214 2196 in

126 2249 284 2320 ultimum
318 2250 432 2320 locum
465 2249 640 2344 principes
664 2223 920 2320 detrudantur.
959 2249 1033 2340 Age
1071 2269 1213 2319 rursus:

124 2392 287 2464 quaenam
306 2371 361 2442 illa
382 2391 588 2462 pomparum
609 2370 799 2452 aemulatio,
820 2371 974 2440 vestium
994 2370 1104 2453 labor,
1128 2389 1215 2462 epu-

126 2495 305 2585 larumque
325 2493 515 2576 fastidium,
535 2493 594 2590 qui
619 2515 755 2564 morum
774 2495 892 2579 sirone,
911 2493 1007 2587 quod
1025 2491 1213 2566 verborum

123 2618 274 2698 frenum,
293 2636 453 2708 quaenam
474 2614 658 2687 affectuum
677 2615 768 2707 iugis
791 2617 847 2686 illa
866 2617 1108 2709 compressio?
1124 2616 1214 2708 Ope-

123 2761 203 2810 rosa
223 2759 283 2810 res
303 2749 358 2809 est
377 2737 531 2808 humana
555 2737 734 2820 iactantia,
761 2736 846 2808 dnm
873 2740 931 2807 uel
958 2737 1053 2829 quod
1079 2759 1147 2808 non
1172 2759 1212 2808 cs

122 2859 249 2943 uideri,
272 2860 329 2949 vel
349 2859 444 2951 quod
464 2860 504 2930 e‘s
525 2858 750 2930 dissimulare
771 2860 913 2931 niteris:
939 2859 1071 2952 duplex
1095 2857 1208 2928 labor:

121 2980 175 3052 bis
197 2991 322 3052 natura
342 2971 527 3065 vincenda,
551 2997 656 3072 quam
679 2984 787 3053 semel
808 2981 939 3055 vicisse
961 2980 1211 3053 difficillimum.

121 3105 212 3190 Quid
233 3087 448 3199 propagandi
469 3101 639 3196 cupiditas
661 3105 825 3189 nominis,
845 3117 882 3174 et
902 3105 1116 3197 posteritatis
1134 3127 1213 3196 gra-

121 3230 167 3298 tia
198 3226 313 3298 studio
351 3223 538 3318 qnaerenda
571 3204 761 3318 pervigili?
796 3224 882 3316 quid
916 3223 1065 3297 filiorum
1099 3226 1211 3320 pietas

119 3358 179 3420 aut
201 3358 365 3444 nepotum
386 3347 585 3439 vetustique
607 3345 749 3436 generis
771 3367 902 3437 anceps
918 3357 1082 3430 eventus
1104 3369 1211 3437 geno-

118 3471 209 3542 rosis
235 3472 359 3562 ingens
380 3492 464 3540 cura
491 3466 713 3562 pectoribus?
738 3467 825 3559 qnid
851 3465 1009 3556 regimen
1035 3465 1211 3536 effrenatae

117 3595 257 3666 familiae
281 3601 317 3662 et
341 3603 581 3663 extremorum
608 3588 787 3660 hominum
815 3587 934 3668 odium
963 3609 1059 3680 saepe
1079 3589 1207 3668 lateus,

116 3735 367 3806 nonnunquam
392 3712 428 3781 in
455 3713 568 3804 ipsum
593 3709 724 3781 domini
752 3718 857 3802 caput
880 3709 1097 3801 erumpens?
1121 3705 1210 3778 dura

115 3836 266 3910 conditio
287 3811 382 3908 alere
402 3834 553 3926 aliquem
574 3832 650 3922 cogi
678 3830 754 3901 illos
779 3830 908 3923 quibus
935 3829 1015 3900 odio
1041 3829 1118 3921 ipse
1145 3828 1206 3912 sit,

115 3962 247 4054 quique
264 3957 331 4031 sibi
352 3960 469 4028 forsan
488 3955 609 4039 exitio,
633 3952 738 4026 taedio
764 3962 859 4024 certe
885 3950 978 4034 sint3
1005 3973 1075 4023 non
1102 3972 1208 4043 posse

60 4169 62 4175 ,
116 4086 226 4156 solum
252 4105 335 4155 esse
361 4103 440 4152 cnm
467 4078 562 4162 volit,
590 4076 743 4148 obsideri
766 4097 904 4168 semper
934 4073 1135 4148 domesticis
1161 4072 1206 4144 ab

115 4203 287 4291 hostibus
312 4227 423 4277 nosse
440 4201 638 4296 cupiditatis
660 4221 698 4270 se
720 4198 917 4292 multiplicis
939 4199 1093 4293 pradum
1117 4199 1201 4279 lore,

244 4339 274 4376 ιι.
493 4313 497 4324 ”
515 4333 518 4338 ·
1020 4323 1047 4370 18
