3024 4802
373 418 466 468 urnun
488 417 958 468 nouusnuuluus-nmsnonn
980 419 1022 468 ιιι.
1180 409 1241 470 olo

156 555 291 627 rivulos
310 553 509 627 sitibundus
527 553 676 638 ambias,
696 553 764 626 nisi
785 553 918 648 pridem
940 555 1134 628 intellectus
1155 558 1239 629 mibi

156 676 203 748 sit
223 674 329 748 animi
363 677 412 748 tui
442 675 561 760 ardor,
584 674 642 770 qui
664 685 783 748 tantus
804 686 860 748 est
884 686 923 748 ut
948 679 1079 749 nullum
1109 679 1240 771 ingenii

155 798 324 892 liquorem
342 799 586 892 undecumque
605 797 774 883 fastidiat,
797 820 912 892 neque
933 797 993 870 tibi
1015 798 1239 872 suffecturum

156 920 345 992 arbitretur
377 919 548 1014 quidquid
576 919 790 1016 perennibus
825 922 995 994 scatebris
1024 921 1240 1010 uberrimum

155 1054 278 1139 pectus
310 1042 441 1114 affatim
470 1041 609 1134 promit,
641 1042 709 1115 nisi
737 1045 796 1114 vel
825 1043 871 1115 ad
901 1043 1020 1118 limine
1045 1066 1239 1138 pauperum

154 1167 289 1260 pulses,
315 1174 349 1236 et
379 1165 429 1236 tui
458 1167 612 1258 locuples
646 1165 756 1239 aliena
785 1166 974 1239 mendices,
1005 1169 1130 1260 Perge,
1161 1189 1237 1260 age,

155 1287 266 1361 habes
291 1307 381 1382 quos
411 1287 570 1382 sequaris
595 1288 717 1375 duceS,
740 1310 803 1363 seu
829 1289 1007 1362 Socratem
1033 1292 1149 1363 mavis
1175 1312 1239 1362 seu

153 1411 345 1496 Platonem,
367 1432 517 1504 quorum
538 1414 625 1483 alter
653 1423 690 1484 ut
721 1413 887 1505 scriptum
916 1412 1015 1485 vides
1036 1412 1081 1485 ud
1101 1412 1240 1485 discen-

154 1533 237 1606 dum
263 1553 411 1628 pauper,
432 1531 628 1636 ditissimus
648 1529 693 1608 ad
712 1533 907 1607 docendum
933 1534 1012 1620 suin
1038 1538 1124 1608 alter
1149 1535 1240 1608 litte-

154 1679 212 1730 ras
239 1667 311 1732 toto
330 1655 415 1730 orbe
443 1657 592 1751 collegit,
620 1679 709 1752 quas
735 1667 806 1732 toto
830 1658 916 1732 orbe
938 1657 1238 1760 retunderetllis

153 1781 325 1877 exemplis
342 1780 466 1867 fretus,
491 1788 527 1850 et
546 1779 612 1854 boc
633 1780 698 1852 iter
716 1781 909 1874 ingressus,
932 1779 1008 1852 fieri
1034 1802 1103 1852 non
1124 1791 1239 1874 potest

152 1904 237 1998 quin
257 1903 303 1975 ad
329 1923 485 1974 summus
504 1923 646 1996 quoque
664 1902 806 1975 divitias
832 1903 1038 2000 provehere.
1066 1901 1168 1987 Quod
1193 1903 1239 1976 ad

151 2043 268 2116 nugas
281 2044 377 2095 meas
394 2023 527 2107 attinet,
547 2013 723 2096 desiderio
744 2035 804 2096 tuo
825 2026 930 2096 etiam
948 2025 1016 2096 mei
1030 2032 1065 2096 et
1077 2045 1237 2096 mearum

152 2168 271 2219 rerum
293 2167 392 2217 amor
417 2142 561 2216 accedit.
582 2142 690 2217 Amor
710 2166 843 2230 coeous,
868 2153 906 2215 ut
925 2143 1017 2228 dixi,
1040 2153 1076 2216 et
1097 2165 1237 2238 semper

151 2266 314 2362 obliquus
341 2289 458 2339 rerum
490 2265 621 2338 arbiter
653 2269 761 2360 vulgo
790 2267 982 2342 dici-solet.
1013 2269 1157 2344 Placens
1183 2271 1238 2342 hi-

152 2391 238 2464 strio
269 2411 409 2485 semper
437 2391 603 2486 placitum
636 2390 739 2464 canit.
773 2391 931 2464 Proiecto
961 2399 1078 2464 autem
1105 2413 1175 2464 non
1200 2393 1237 2464 in

151 2535 224 2599 me,
245 2535 362 2608 neque
381 2515 417 2585 iu
439 2514 527 2585 meis
549 2513 686 2605 scriptis
708 2521 763 2585 est
789 2521 827 2584 ut
853 2515 1023 2606 placeant,
1047 2512 1112 2586 sed
1133 2512 1169 2584 in
1191 2521 1234 2585 te.

150 2637 327 2721 Quantum
351 2657 437 2710 vero
457 2636 494 2706 in
513 2633 585 2720 bis,
607 2635 749 2727 quando
770 2634 825 2706 his
846 2635 1047 2720 delectaris,
1066 2645 1235 2729 quantum

149 2761 186 2830 in
206 2757 406 2846 maioribus
421 2758 450 2830 si
465 2780 535 2852 qua
550 2778 627 2830 sors
642 2758 781 2843 laverit,
801 2757 862 2832 tibi
881 2779 1012 2832 morem
1031 2779 1154 2850 gerere
1172 2779 1236 2830 eu-

149 2883 256 2975 piam,
275 2889 311 2952 et
329 2901 470 2953 rursum
487 2880 574 2974 quid
591 2880 621 2953 si
644 2889 744 2952 vacet
760 2903 807 2952 ex
826 2892 859 2954 te
876 2880 995 2966 velim,
1011 2881 1089 2954 eius
1108 2901 1155 2950 ex
1173 2900 1235 2952 ore

150 3006 272 3079 audies
294 3006 393 3078 cuius
417 3027 438 3076 e
458 3004 619 3078 manibus
644 3005 709 3076 ista
731 3005 914 3100 percipies.
935 3003 1003 3092 Qui
1027 3003 1083 3076 uir
1101 3004 1235 3076 musica

151 3129 325 3203 suavitate
345 3130 497 3200 mulcere
514 3149 634 3214 aures,
658 3139 693 3202 et
712 3127 821 3220 digito
838 3137 963 3222 potens
980 3135 1035 3200 est
1055 3125 1234 3219 ingenium

150 3251 319 3324 excitare:
342 3271 494 3343 cumque
518 3250 593 3343 ipse
619 3250 664 3320 sit
688 3269 851 3340 magnus,
874 3271 1087 3343 quemquam
1117 3265 1188 3321 non
1213 3271 1234 3321 e

149 3373 311 3466 coniugio
324 3370 489 3455 Thetidis,
505 3369 671 3444 maiorem
690 3391 729 3440 se
746 3370 876 3460 genuit.
895 3371 993 3442 Nunc
1014 3370 1115 3442 ambo
1136 3372 1235 3464 quie-

152 3499 194 3570 tis
216 3495 311 3569 avidi
330 3496 376 3568 de
396 3503 469 3568 toto
490 3493 575 3567 orbe
601 3491 667 3566 sibi
693 3491 873 3564 Venetiam
899 3492 1072 3584 delegere.
1100 3491 1232 3564 Adesto

149 3621 217 3691 illis
247 3641 309 3692 oro
338 3642 408 3713 qua
427 3628 542 3714 potes:
575 3616 643 3688 mei
670 3625 766 3701 sunt,
794 3637 907 3709 eoque
932 3617 1045 3708 magis
1071 3637 1152 3688 esse
1172 3639 1233 3688 cu-

149 3743 250 3836 piunt
269 3765 339 3836 quo
357 3741 421 3827 tui,
436 3761 517 3814 esse
535 3739 602 3813 sibi
620 3761 687 3812 non
705 3740 848 3812 alterius
866 3737 1089 3811 videbuntur.
1107 3738 1233 3814 Novis*

150 3864 276 3937 simum
299 3875 354 3937 est
376 3872 413 3934 ut
433 3861 528 3934 noris
548 3861 729 3956 epistolam
756 3861 848 3934 illius
865 3859 984 3955 optimi
1005 3860 1124 3934 viriet
1143 3859 1232 3932 civis

149 3998 184 4058 ot
200 3984 301 4058 ducis
319 3983 461 4056 meliore
480 4004 573 4054 nunc
593 3983 627 4053 in
648 3982 756 4076 patria
778 3983 942 4068 viventis,
961 4004 1031 4076 quo
1048 3982 1144 4074 digni
1165 3981 1232 4054 uti-

148 4129 229 4180 nam
251 4105 382 4180 diutius
403 4102 609 4189 fuissemus,
632 4105 750 4176 laetum
770 4125 826 4176 me
852 4104 917 4178 sed
940 4125 1009 4177 non
1037 4103 1111 4183 sine
1131 4103 1232 4176 lacri-

150 4229 216 4300 mis
244 4227 448 4323 perlegisse:
468 4226 514 4296 ita
536 4226 618 4300 mibi
640 4228 684 4300 de
706 4229 898 4323 sepulchro,
921 4229 990 4300 imo
1007 4228 1050 4304 de
1066 4231 1155 4303 coelo
1177 4251 1230 4301 re-

274 4359 300 4397 u.
1044 4351 1074 4399 35
