2958 4804
243 306 302 367 u8l
574 320 615 367 nn
637 319 738 368 rrnnns
759 318 980 388 rtrnrnrnnruns

242 478 334 527 nunc
367 455 467 528 hoste
501 455 635 526 notorio
669 455 781 526 taliter
813 454 972 526 inimicus
998 457 1129 548 vulgus
1156 457 1232 528 iure
1258 478 1334 529 suo

242 577 364 660 utitur;
387 575 504 668 magni
525 586 641 647 autem
664 586 700 646 et
719 576 808 647 bene
830 578 1010 669 compositi
1031 578 1174 650 viatoris
1195 588 1251 650 est
1275 579 1334 648 la-

243 700 390 771 tratibus
423 720 490 770 non
526 698 669 769 moveri.
702 699 778 789 Ego
816 702 968 792 profecto
999 722 1066 771 non
1105 721 1262 785 moveor,
1289 707 1333 770 et

242 843 336 917 saepe
370 823 454 895 illud
485 819 660 892 Ciceronis
681 819 716 890 in
737 819 895 892 animum·
914 821 1022 892 redit:
1053 821 1132 912 quid
1156 818 1195 892 de
1220 831 1251 891 te
1276 823 1330 890 lo-

241 957 385 1036 quantur
421 946 569 1014 houu'ues
606 945 672 1036 ipsi
707 941 860 1013 uiderint.
899 945 944 1013 Et
980 937 1059 1036 post
1090 967 1221 1037 pauca:
1255 947 1327 1014 ulla

240 1079 386 1160 spectare
406 1071 436 1137 si
454 1069 556 1149 ucles,
578 1087 683 1157 ueque
708 1067 801 1158 vulpi
818 1066 1021 1136 sermonibus
1043 1079 1072 1136 te
1093 1065 1235 1148 dederis,
1264 1087 1324 1135 uec

240 1191 277 1258 iu
294 1191 443 1281 pluuiis
463 1189 616 1258 humenis
636 1210 725 1280 spem
742 1191 893 1280 posueris
912 1213 1024 1259 rerum
1046 1201 1198 1259 tucrum:
1224 1199 1260 1260 et
1283 1189 1322 1258 il-

240 1312 301 1384 lud
321 1313 478 1382 Senecae:
500 1313 585 1380 mele
605 1308 644 1378 de
664 1332 715 1378 ute
738 1311 914 1400 loquantur
930 1312 1091 1396 homiues,
1109 1313 1240 1401 suciuut
1256 1334 1321 1382 uou

240 1433 325 1528 quod
344 1457 486 1519 mereor,
507 1431 563 1502 sed
582 1431 667 1522 quod
693 1434 798 1502 soleut
821 1435 912 1527 piqri
935 1455 1032 1530 euues
1065 1445 1096 1502 et
1128 1435 1262 1504 inutiles
1292 1446 1322 1504 et

240 1557 353 1628 inedie
378 1558 528 1640 scabiosi,
556 1554 686 1646 quaudo
712 1554 755 1624 ud
781 1559 896 1626 luuulu
917 1560 1050 1628 lutruut.
1086 1556 1177 1639 Quid
1209 1579 1248 1628 se
1279 1557 1320 1628 de

241 1681 346 1751 rebus
367 1703 407 1751 ac
427 1679 471 1750 de
493 1678 670 1771 proposito
690 1679 767 1749 eius
790 1688 952 1772 torquent
978 1681 1038 1774 qui
1064 1702 1242 1773 nunquam
1269 1681 1322 1750 vel

241 1802 349 1872 semel
370 1801 415 1871 de
435 1822 557 1871 eorum
580 1800 652 1870 vita
670 1802 725 1870 vel
745 1812 868 1886 morte,
888 1812 948 1872 aut
965 1805 1105 1875 omnino
1122 1801 1167 1873 de
1184 1803 1236 1874 eis
1258 1802 1322 1872 nisi

242 1935 279 1994 ut
298 1922 342 1993 de
366 1922 524 2004 totidem,
547 1945 591 1992 ne
612 1922 725 1994 dicam
750 1922 890 2008 belluis,
920 1924 984 1996 sed
1010 1924 1242 1997 cadaveribus
1268 1945 1323 1995 co-

241 2044 385 2137 gitavit?
405 2042 450 2113 At
474 2045 575 2128 dulce
600 2053 654 2116 est
680 2043 798 2114 multis
820 2044 987 2129 insanire,
1022 2054 1057 2117 et
1089 2045 1238 2140 propriis
1266 2066 1323 2115 ne

241 2168 372 2260 glectis,
387 2167 490 2238 alieni
504 2166 655 2262 pectoris
679 2176 812 2238 secret-a
833 2167 1051 2261 perquirere,
1072 2168 1325 2280 profundaequq

241 2293 367 2364 mentis
388 2291 538 2364 latebras
561 2289 721 2362 scrutari.
748 2291 835 2374 Quae
859 2291 1013 2363 omnium
1036 2290 1249 2386 perdifficilis
1274 2289 1324 2358 in-

240 2413 332 2504 dago
346 2422 408 2498 est,
424 2413 583 2485 divinant
595 2415 682 2483 forte
694 2412 786 2504 quod
802 2410 954 2482 humano
969 2412 1086 2484 studio
1100 2411 1179 2483 sciri
1195 2409 1323 2504 nequit.

240 2536 422 2621 Quisnam,
458 2557 533 2620 oro,
559 2535 702 2626 Delphis
728 2535 898 2626 profugus
924 2531 1047 2627 Apollo
1073 2535 1218 2604 istorum
1248 2554 1325 2604 sese

240 2657 438 2752 pectoribus
455 2656 607 2751 inludit?
627 2657 793 2728 Prorsum
818 2657 906 2726 mira
934 2677 1010 2727 res:
1037 2679 1154 2726 rerum
1182 2677 1323 2726 suarum

241 2779 346 2852 nescii
368 2801 463 2850 meas
485 2787 625 2862 norunt,
645 2799 733 2871 quas
750 2800 817 2869 ego
838 2800 943 2870 quam
963 2777 1165 2869 longissime
1187 2775 1232 2847 ab
1253 2777 1326 2845 illo-

240 2925 318 2973 rum
352 2903 473 2982 oculis,
500 2909 549 2984 et,
583 2910 623 2970 ut
649 2900 778 2970 AEneas
804 2901 949 2993 pignora
978 2909 1193 2997 penatesque
1224 2920 1322 2982 snos,

240 3045 348 3094 curva
374 3022 407 3090 in
436 3022 527 3092 valle
561 3019 749 3114 recondidi.
784 3023 876 3106 Quid
909 3031 1025 3101 autem
1058 3023 1175 3095 dicant
1206 3039 1324 3112 operae

241 3142 387 3236 pretium
410 3151 465 3212 est
484 3132 661 3212 excutere.
686 3145 753 3214 lam
776 3144 867 3214 enim
889 3145 1099 3239 pedetentim
1119 3146 1164 3228 ad
1180 3167 1325 3215 causam

239 3262 403 3356 loquendi
425 3264 658 3357 pervenimus.
682 3266 719 3335 ln
741 3265 861 3360 primis
882 3266 1023 3359 quidem
1044 3267 1144 3338 cuius
1166 3266 1211 3337 ab
1227 3265 1325 3336 Italia

240 3387 438 3459 discessum
463 3388 561 3462 velut
586 3387 724 3459 letalem
760 3388 827 3459 sibi
860 3411 900 3459 ac
926 3389 1028 3460 valde
1054 3379 1258 3483 pestiferum
1285 3387 1325 3458 ti-

241 3519 416 3592 muerunt,
437 3507 513 3578 eius
535 3531 626 3579 nunc
647 3509 796 3580 reditum
816 3512 920 3595 fama,
938 3521 974 3581 ut
991 3511 1055 3595 ais,
1071 3511 1324 3606 praecognitum

239 3630 479 3715 criminantur,
501 3632 560 3702 vel
581 3632 786 3716 insolentes,
811 3632 841 3703 si
861 3654 1035 3725 nusquam
1061 3654 1143 3703 esse
1169 3631 1280 3704 velint
1304 3655 1324 3703 a

239 3774 309 3843 quo
329 3774 502 3845 nusquam
523 3775 603 3825 esse
623 3753 863 3848 prohibentur,
884 3756 938 3824 vel
960 3754 1085 3839 insani,
1107 3755 1136 3825 si
1157 3754 1323 3826 eumdem

240 3874 397 3945 simulet
420 3874 602 3947 discedere
627 3876 766 3947 doleant
791 3885 826 3946 et
852 3876 990 3946 reverti.
1026 3876 1102 3968 Ego
1128 3897 1213 3946 vero
1239 3873 1325 3968 quid

239 3993 376 4065 dicam?
397 3996 536 4088 quando
556 3999 659 4068 etiam
682 4021 771 4070 nunc
792 4007 930 4070 actuum
950 3997 1037 4068 ratio
1055 3997 1233 4070 reddenda
1250 4005 1322 4080 est,

242 4099 409 4208 (estenim
424 4119 523 4189 officii
546 4121 721 4212 proprium
745 4120 829 4191 nihil
850 4142 970 4212 agere,
994 4121 1094 4193 cuius
1116 4141 1184 4191 non
1205 4118 1322 4215 possis
