3078 4798
415 369 508 417 niusa
530 365 796 416 ssxrususcluus.
807 383 847 419 ··.·
858 367 1012 418 utusronn
1033 369 1075 418 111.
1229 357 1289 419 300

199 528 239 578 se
260 507 356 598 ipsos
375 515 410 576 et
428 502 627 576 rebellantis
646 512 761 574 motus
783 501 889 574 animi
908 503 1075 574 vicerunt.
1097 503 1167 578 Sed
1184 503 1286 596 qnid-

197 629 285 722 quid
302 626 376 710 fiat,
401 647 578 718 nunqnam
603 634 734 696 tantum
757 623 886 695 babere
907 624 1085 717 continget
1097 624 1181 719 quin
1197 626 1285 696 mul-

201 750 247 822 tis
268 748 407 820 etmihi
428 747 505 841 ipsi,
529 748 558 818 si
579 747 736 818 avaritiae
757 744 950 828 credidero,
974 747 1216 840 pauperrimus
1241 769 1282 820 ao

199 871 381 944 mendicus
402 870 537 942 videar.
559 869 717 942 Luxuria
736 879 771 940 et
790 868 936 940 avaritia
963 880 998 941 et
1017 869 1160 942 ambitio
1180 871 1284 942 nullis

199 994 330 1066 finibus
365 1003 445 1065 sunt
472 1005 659 1077 contentae,
687 993 783 1065 salsis
811 1013 894 1064 vero
919 993 1140 1089 opinionibus
1168 995 1284 1068 omnia

197 1119 300 1210 piena
335 1123 431 1200 sunt,
467 1115 596 1212 quibus
629 1115 697 1186 uisi
728 1114 920 1200 resistitur,
948 1125 1073 1208 urgent
1098 1137 1210 1208 usque
1239 1117 1284 1190 ad

197 1248 390 1310 extremam
418 1238 649 1310 miseriarum.
675 1238 737 1309 His
763 1238 903 1310 obstare
932 1238 1084 1324 difficile,
1112 1239 1284 1311 obsecun-

197 1363 284 1434 dare
317 1362 541 1456 pestiserum:
574 1361 704 1454 quibus
734 1362 793 1454 qui
830 1383 868 1432 se
894 1360 1074 1434 serendum
1101 1357 1198 1434 de'dit
1224 1362 1283 1436 ubi

158 1557 161 1564 A
197 1484 349 1556 voluerit
368 1506 437 1555 non
455 1483 634 1555 subsistet.
654 1483 773 1556 Habeo
792 1484 884 1555 unde
904 1483 1032 1568 vivam,
1049 1485 1144 1577 quod
1158 1489 1283 1578 vuigo-

197 1607 283 1676 riter
308 1605 375 1676 dici
404 1608 504 1692 solet,
532 1615 581 1691 et,
609 1629 678 1698 quo
703 1607 830 1676 melius
854 1627 1022 1691 carerem,
1052 1607 1164 1680 habeo
1191 1609 1283 1681 unde

197 1727 390 1800 lasciuiam.
412 1729 503 1813 Quid
524 1751 580 1800 me
599 1738 720 1823 optare
741 1728 869 1800 iubetis
893 1729 1065 1823 amplius?
1085 1732 1177 1815 Quid
1203 1754 1282 1825 spe-

197 1873 276 1923 rare
298 1851 419 1937 babeo,
440 1849 499 1923 ubi
520 1853 651 1946 possim
674 1853 703 1924 si
723 1861 881 1947 oporteat
902 1853 936 1923 in
958 1854 1098 1947 proprio
1121 1855 1283 1947 sepeliri?

198 1977 249 2046 lta
275 1975 367 2060 dico,
397 1974 538 2068 siquid
568 1975 745 2068 proprium
774 1975 829 2047 hic
853 1975 1047 2048 habemus:
1075 1978 1188 2050 babeo
1223 1979 1281 2049 ubi

196 2097 305 2168 breve
335 2106 488 2191 tempos,
515 2096 575 2168 ubi
602 2099 743 2188 longum
766 2097 931 2183 habitem,
954 2100 1039 2192 quid
1059 2100 1174 2186 edam,
1198 2100 1282 2193 quid

196 2221 327 2306 bibam,
350 2221 434 2313 qnid
454 2222 609 2307 calciam,
637 2220 721 2315 quid
747 2221 910 2306 vestiam,
941 2222 1001 2314 qui
1028 2222 1112 2292 mibi
1134 2222 1280 2307 serviat,

196 2346 257 2438 qui
279 2365 334 2415 me
356 2344 479 2430 societ,
501 2345 561 2438 qui
582 2367 638 2416 me
665 2345 788 2428 vehat,
816 2365 886 2438 qno
913 2351 1024 2436 tegar,
1052 2341 1111 2415 ubi
1136 2344 1278 2429 iaceam,

198 2467 256 2538 nbi
270 2460 417 2562 spatior,
435 2489 506 2560 quo
525 2467 685 2538 delecter.
705 2465 796 2550 Quid
814 2467 1000 2560 imperator
1016 2469 1096 2559 pius
1114 2489 1280 2539 romanus

198 2589 324 2662 habet?
344 2591 408 2662 Est
427 2601 597 2686 practerea
619 2611 745 2684 corpus
773 2611 897 2660 sanum
919 2591 1027 2660 mnito
1053 2589 1138 2661 mihi
1162 2588 1280 2666 labore

198 2713 442 2808 perdomitum,
470 2713 609 2806 iamque
635 2733 703 2784 non
729 2713 777 2783 ita
802 2722 993 2785 contumax
1019 2711 1124 2784 animi
1150 2713 1281 2785 manci-

197 2836 305 2928 pium,
331 2849 367 2908 ut
395 2835 537 2908 solebat.
559 2835 737 2909 Accedunt
763 2835 876 2908 omnis
901 2836 1041 2928 generis
1067 2835 1168 2908 libelii
1189 2835 1281 2908 divi·

198 2958 323 3031 tiarum
346 2981 501 3031 mearum
525 2960 637 3054 portio
658 2982 727 3032 non
754 2959 884 3031 ultima.
910 2957 1055 3032 Accedit
1081 2959 1146 3034 hoc
1170 2982 1300 3052 quan-¹

197 3085 448 3174 tuiunoumque
473 3095 528 3152 est
552 3083 744 3173 ingenium,
773 3084 828 3155 hio
853 3104 950 3155 amor
975 3082 1165 3157 litterarum
1195 3083 1281 3154 mira

199 3228 280 3278 cum
302 3205 482 3297 voluptate
502 3203 655 3274 animum
677 3225 838 3295 pascens,
864 3217 899 3278 et
920 3207 995 3279 sine
1016 3206 1155 3280 fastidio
1176 3229 1281 3280 exer·
1320 3184 1323 3190 ’

196 3349 291 3400 cens.
313 3323 489 3397 deceditis
512 3345 585 3408 vos,
607 3326 721 3407 amici,
742 3349 832 3418 quos
853 3328 943 3398 inter
962 3330 1073 3421 prima
1095 3351 1172 3402 mea
1189 3329 1281 3402 bona

198 3470 418 3532 oonnumero,
442 3447 546 3520 modo
567 3445 721 3531 libertas
746 3447 821 3518 sine
842 3472 910 3541 qua
932 3449 1054 3520 vivere
1074 3450 1135 3521 diu
1156 3453 1278 3535 nolim,

197 3571 326 3644 vestris
348 3571 500 3644 consitiis
520 3591 589 3642 non
609 3580 738 3664 pereat.
757 3569 900 3642 Accedit
921 3571 1051 3642 bonum
1074 3573 1206 3665 grande
1225 3595 1282 3642 se-

197 3697 350 3778 curitas3
372 3696 503 3766 nulium
525 3694 616 3766 enim
640 3703 710 3766 toto
731 3692 815 3766 orbe
835 3717 938 3787 quem
959 3694 1115 3767 noverim
1144 3695 1279 3766 hostem

198 3815 318 3900 babeo,
342 3815 407 3887 nisi
429 3837 518 3908 quos
536 3814 618 3887 mihi
639 3815 719 3888 fecit
739 3815 879 3901 invidia,
902 3839 990 3910 quos
1012 3827 1048 3887 et
1068 3816 1144 3888 iure
1164 3815 1281 3908 despi-

196 3938 257 4022 cio,
283 3948 318 4009 et
338 3937 468 4031 quibus
488 3941 607 4010 c'arere
634 3942 724 4011 velie
745 3961 813 4011 non
841 3940 885 4010 sit
909 3941 1058 4012 sortasse
1082 3937 1278 4012 consitium.

198 4059 341 4134 Accedit
361 4083 459 4133 amor
480 4060 639 4156 publicus
662 4061 828 4134 bonorum
856 4062 1010 4158 omnium
1032 4063 1139 4135 nostri
1165 4061 1278 4146 orbis,
1341 4145 1348 4157 1

196 4203 314 4252 eorum
350 4205 490 4277 qnoque
524 4184 652 4277 quibus
680 4207 742 4256 nec
770 4187 869 4259 visus
895 4187 981 4258 forte
1008 4209 1071 4258 neo
1105 4185 1280 4258 videndus

321 4314 346 4351 rr.
484 4317 488 4324 ·
1091 4308 1121 4357 “li
