2958 4804
273 379 332 440 296
607 388 648 435 nn
670 387 771 436 nesus
793 385 1015 436 resumamus

274 525 481 618 obsequium
503 525 582 594 lesu
603 521 731 592 Christi
751 521 895 592 feliciter
915 530 1152 604 assumentes,
1172 529 1340 614 spectacu-
1461 599 1462 608 χ

274 651 345 719 lum
367 646 498 718 mundo
519 654 553 716 et
573 643 767 740 posteritati
791 642 1029 734 gratissimum
1056 641 1256 736 praebeatis!
1278 640 1342 712 Sed
1461 629 1462 640 ἢ

275 769 451 862 inceptum
484 788 622 858 sequor.
648 763 802 847 Vicistis,
829 763 896 834 viri
916 765 1039 835 sortes:
1066 762 1235 835 ostendite
1259 783 1341 834 nunc

275 892 410 963 cunctis
431 888 636 962 mortalibus
656 910 725 959 non
745 908 811 958 vos
831 889 911 959 curn
932 888 1025 958 ltalis
1041 910 1105 982 pro
1121 887 1201 959 odio
1216 896 1273 959 aut
1286 908 1342 958 cu-

276 1014 419 1108 piditate
440 1014 524 1098 ulla,
547 1012 611 1085 sed
629 1033 693 1106 pro
712 1031 798 1104 pace
816 1021 983 1082 certasse.
1006 1011 1124 1102 Cogite
1143 1008 1262 1081 hostes
1286 1031 1342 1079 ve-

278 1150 384 1222 stros,
407 1137 464 1206 vel
485 1136 519 1204 in
542 1135 677 1206 silentio
698 1135 797 1205 lateri
815 1155 854 1205 se
870 1155 891 1204 a
908 1132 1008 1204 vobis
1028 1155 1097 1204 non
1115 1132 1226 1224 magis
1245 1132 1342 1203 armis

278 1262 390 1348 victos
409 1279 490 1330 esse
509 1279 614 1349 quam
638 1255 806 1327 moribus.
832 1256 899 1341 Qui
923 1255 1110 1348 potentiam
1138 1266 1287 1326 vestram
1306 1256 1344 1325 ti-

277 1391 373 1455 ment
393 1381 555 1453 virtutem
577 1389 789 1452 venerentur
807 1401 849 1452 ac
865 1379 1020 1471 diligant.
1039 1379 1178 1452 Rectius
1197 1379 1344 1474 superior

276 1506 345 1581 dici
366 1505 471 1578 debet
496 1504 558 1598 qui
589 1502 832 1575 adversarium
847 1515 850 1520 '
866 1502 996 1576 virtute
1027 1502 1147 1588 animi,
1169 1524 1273 1595 quam
1291 1500 1344 1594 qui

276 1632 368 1702 ferro
389 1637 541 1722 superat.
563 1629 623 1698 llle
645 1649 751 1699 verus
771 1638 826 1699 est
846 1627 969 1712 victor,
996 1626 1056 1720 qui
1077 1627 1230 1697 animum
1251 1647 1344 1696 suurn

277 1749 396 1834 vincit,
420 1749 553 1821 ratione
573 1749 737 1833 uincitur,
761 1758 878 1821 motus
899 1747 1047 1840 mitigat,
1069 1747 1248 1820 victoriam
1269 1759 1347 1818 tem-

276 1879 389 1967 perat,
412 1873 499 1941 iram
519 1872 653 1942 fraenat.
688 1872 721 1942 ls
755 1892 849 1967 saepe
881 1873 1011 1964 dignus
1042 1884 1098 1944 est
1130 1871 1271 1942 vincere
1294 1871 1347 1963 qui

277 1995 451 2067 vincendo
471 1993 511 2064 fit
532 1994 665 2079 melior,
688 2005 723 2066 et
744 2017 942 2089 supremam
960 1994 1116 2068 bellicam
1135 1995 1273 2067 laudem
1292 1993 1350 2065 ba·

277 2117 349 2204 bet,
372 2141 475 2211 quem
498 2140 565 2190 non
587 2117 711 2189 sternit
731 2118 942 2204 adversitas,
964 2118 1179 2216 prosperitas
1204 2139 1274 2189 non
1293 2140 1351 2190 ex-

278 2243 373 2315 tollit.
394 2243 547 2313 Primum
574 2241 608 2310 in
634 2241 720 2336 ipsis
735 2241 822 2314 belli
842 2241 1103 2315 difficultatibus
1123 2241 1351 2336 praestitistiS,

279 2365 470 2436 secundum
492 2373 572 2458 post
592 2364 771 2436 victoriam
793 2373 973 2457 praestate‚
997 2375 1036 2437 ut
1060 2363 1213 2438 mundus
1235 2364 1353 2436 intelli-

279 2498 339 2578 gat
363 2486 397 2555 in
423 2488 515 2559 omni
542 2490 682 2559 fortuna
708 2487 853 2560 eosdem
887 2508 952 2559 vos
985 2489 1120 2560 animos
1152 2487 1297 2575 habere,
1323 2499 1355 2559 et

280 2609 521 2680 uniformitatis
542 2632 583 2682 ae
602 2610 808 2684 constantim
825 2622 1068 2683 ornamentum
1088 2611 1277 2683 virtutibus
1297 2631 1355 2683 ve

281 2731 362 2803 stris
383 2732 532 2816 accedat,
553 2732 670 2826 nilque
687 2733 858 2818 omnium,
892 2755 975 2827 quae
1000 2733 1045 2805 ad
1077 2736 1266 2827 perlectam
1286 2735 1356 2826 glo

281 2856 367 2928 riam
388 2865 550 2949 optantur
579 2877 664 2949 pace
697 2855 857 2950 belloque
885 2856 985 2928 vobis
1010 2857 1112 2930 de'sit.
1133 2857 1232 2930 Nunc
1256 2856 1356 2928 venio

282 2976 326 3047 ad
346 2999 422 3048 eam
443 2998 577 3060 curam,
599 2999 681 3069 quae
700 2979 802 3050 valde
824 3002 881 3052 me
900 2980 1026 3073 premit
1045 3001 1086 3052 ac
1103 2979 1272 3065 sollicitat,
1290 3001 1356 3072 qua

282 3099 311 3169 si
332 3118 389 3167 me
408 3098 581 3170 modestia
600 3109 720 3172 vestra
739 3101 952 3181 liberaverit,
980 3101 1065 3173 nihil
1090 3102 1156 3174 erit
1179 3103 1215 3172 in
1241 3111 1355 3174 vestra

214 3278 217 3282 .
281 3217 457 3311 republica
476 3221 570 3313 quod
591 3232 754 3294 metuam.
773 3225 867 3295 Solet
882 3223 1044 3318 equidem
1062 3232 1100 3295 ut
1115 3225 1272 3296 exterior
1289 3248 1358 3296 ma-

282 3363 429 3436 gnorum
450 3358 632 3438 corporum
655 3347 803 3434 sanitas,
827 3348 876 3422 sie
901 3371 972 3441 pax
998 3371 1202 3440 magnarum
1222 3349 1356 3420 urbium

283 3466 413 3539 morbis
427 3467 605 3540 abundare
620 3470 817 3557 latentibus,
836 3480 872 3543 et
887 3471 1098 3565 compressis
1113 3471 1356 3565 apparentibus
1398 3465 1401 3471 ’

282 3590 396 3675 malis,
425 3590 517 3662 intus
542 3591 698 3686 ipsisque
723 3593 759 3664 in
786 3593 981 3667 visceribus
1011 3594 1183 3681 laborare,
1210 3617 1284 3687 qooe
1303 3615 1357 3688 pc

281 3715 339 3784 stis
359 3715 538 3798 emerserit,
561 3725 671 3784 tamen
690 3718 835 3809 primum
854 3719 1052 3808 intelligitur
1077 3720 1192 3790 metim
1220 3719 1259 3788 in
1291 3727 1358 3787 cote

282 3858 440 3906 umnsuro
459 3858 558 3926 quam
581 3838 639 3906 sub
660 3839 794 3928 cepione
814 3837 919 3910 cordis
939 3843 1124 3934 miprutura
1143 3849 1217 3930 quo
1234 3861 1359 3933 preme·

282 3951 358 4028 ret*
380 3960 481 4055 Saepe
501 3971 540 4031 ut
560 3960 728 4051 gravibus
745 3961 949 4054 corporibus
974 3962 1141 4036 exercitia
1159 3961 1209 4034 sic
1226 3960 1359 4054 magnis

376 4152 384 4184 ¹
401 4153 460 4204 llaec
475 4167 531 4217 quae
546 4154 639 4208 italicis
651 4156 743 4208 litteris
756 4158 897 4211 notavimus
913 4160 976 4212 adeo
992 4160 1102 4226 implere
1118 4164 1191 4222 sunt,
1208 4166 1238 4210 ut
1258 4171 1291 4210 ea
1309 4172 1362 4224 ger·

249 4254 251 4260 ι
283 4239 364 4278 menae
376 4229 478 4282 lectioni
489 4231 625 4286 restituere
639 4237 834 4299 nequiverimus.
