3062 4798
286 314 344 375 lot
624 326 664 372 ns
686 325 786 373 naeus
810 323 1029 373 rsurnumnus

286 485 362 532 rum
384 462 428 532 ad
451 482 572 532 sonum
593 462 766 543 relorunt;
790 462 868 532 huic
887 461 1003 533 studio
1020 484 1122 533 omne
1145 471 1283 556 tempus
1302 464 1362 535 im-

286 584 455 676 pendunt;
471 585 505 652 hi
521 595 601 655 sunt
613 586 672 676 qui
690 585 895 678 contemptis
912 585 1068 657 moribus
1086 595 1235 657 tractant
1247 609 1360 673 sonoS,

285 708 539 777 ciceronianum
558 706 641 777 illud
658 706 776 778 obliti:
794 709 900 777 molor
921 719 953 776 et
972 709 1088 776 melior
1113 719 1160 776 est
1184 711 1352 780 actionum

285 851 383 918 quom
403 843 557 898 sonorum
584 840 768 898 concentus
790 830 860 900 Illic
878 851 921 899 ne
943 828 1159 922 discreparet
1177 830 1362 902 elaboran-

285 949 367 1021 dum
390 960 477 1034 erat,
501 950 556 1022 hio
582 950 699 1044 sperni
719 959 854 1042 poterat
874 952 908 1021 in
934 971 1004 1043 quo
1024 960 1120 1022 tanto
1140 971 1247 1046 opere
1268 951 1364 1024 labo-

285 1083 390 1143 ratur.
422 1071 595 1163 Astrologi
621 1074 746 1143 coelum
774 1074 931 1156 lustrant,
963 1081 1058 1143 astra
1090 1083 1362 1157 connumerant;

284 1196 361 1267 ausi
382 1218 463 1278 rem,
483 1204 522 1265 ut
541 1196 588 1266 ait
604 1195 742 1280 Plinius,
763 1196 864 1266 etiam
884 1197 953 1265 Deo
971 1193 1172 1288 improbam.
1192 1194 1364 1276 Quidim-

283 1317 389 1412 periis
410 1327 471 1388 aut
493 1316 636 1387 urbibus
657 1327 865 1388 eventurum
893 1317 938 1387 sit
965 1325 1033 1386 tam
1060 1315 1240 1399 audacter,
1268 1325 1363 1387 tanto

283 1449 362 1509 ante
379 1439 610 1522 denunciant3
631 1440 715 1532 quid
737 1439 802 1509 sibi
822 1438 976 1531 quotidie
996 1438 1136 1508 eveniat
1160 1459 1229 1508 non
1251 1447 1361 1509 allen*

283 1563 391 1642 duut;
422 1564 513 1631 lunae
542 1563 695 1653 solisque
726 1561 882 1631 delectus
914 1560 1122 1652 praevident,
1154 1573 1361 1652 praesentem

282 1684 448 1778 eclypsim
471 1684 597 1754 animae
615 1705 684 1752 non
702 1682 873 1752 videntes.
892 1683 963 1751 lam
981 1682 1042 1772 qui
1058 1684 1189 1751 clarum
1208 1683 1360 1773 philosu-
1414 1709 1418 1715 ’

281 1805 373 1898 phiae
391 1825 514 1874 nomen
533 1803 662 1899 habent
679 1805 733 1874 vel
754 1825 868 1874 rerum
887 1823 1013 1874 causas
1027 1813 1198 1894 quaerunt,
1215 1815 1360 1876 ventosa

280 1927 454 2010 iactantia,
477 1925 566 1996 scire
587 1933 702 2024 autem
729 1926 908 2016 negligunt
932 1924 1017 2015 quid
1042 1933 1096 1995 est
1122 1927 1217 1996 Deus
1243 1948 1359 1997 rerum

280 2060 415 2121 creator
445 2049 617 2131 omnium,
651 2050 708 2117 vel
743 2048 892 2117 virtutes
932 2048 1106 2139 loquendo
1138 2047 1356 2132 describunt,

281 2172 432 2244 vivendo
449 2170 652 2240 destituunt.
672 2170 852 2240 Postremo
870 2170 929 2260 qui
948 2167 1015 2240 sibi
1032 2190 1158 2240 nomen
1178 2170 1358 2242 honestius

279 2303 579 2387 praesumpserunt
599 2303 634 2363 et
655 2293 851 2364 divinorum
880 2291 1057 2362 scientiam
1085 2299 1167 2362 sunt
1194 2293 1354 2383 professi,

278 2437 347 2507 quo
367 2415 557 2486 deciderint
579 2415 689 2487 vides.
708 2417 764 2484 Ex
782 2414 951 2505 theologis
972 2413 1149 2497 dialectici,
1169 2427 1274 2506 atque
1293 2414 1357 2486 uti-

278 2560 358 2608 nam
371 2559 439 2607 uon
455 2538 631 2630 sophistae,
651 2559 764 2629 neque
781 2538 871 2608 enim
892 2538 951 2606 Dei
965 2546 1146 2618 amatores
1163 2535 1226 2608 sed
1237 2537 1356 2626 cogni-

278 2669 381 2742 tores,
396 2681 508 2750 neque
521 2659 671 2751 idipsum
684 2680 765 2730 esse
778 2658 920 2753 eupiunt
935 2659 998 2730 sed
1013 2657 1133 2728 videri.
1148 2659 1353 2750 ltaqueeum

276 2784 423 2853 alterum
445 2782 580 2852 silentio
601 2781 701 2872 sequi
722 2791 879 2872 possent,
903 2783 1048 2850 alterum
1071 2782 1214 2874 strepitu
1232 2802 1353 2851 conse

274 2912 437 2993 quantur.
453 2904 506 2970 En
519 2923 589 2992 quo
604 2903 798 2971 mortalium
813 2900 951 2972 redacta
965 2912 1046 2972 sunt
1059 2901 1184 2974 studia.
1200 2901 1270 2971 Oh!
1289 2901 1352 2972 uti-

274 3042 354 3089 nam
382 3019 503 3102 scires,
526 3030 679 3112 quantus
701 3043 791 3090 nunc
814 3043 867 3091 me
889 3032 991 3113 urget
1012 3022 1177 3116 impetus,
1200 3033 1350 3115 quantus

273 3139 409 3210 dicendi
423 3142 517 3211 calor
529 3142 699 3224 accendit,
714 3153 752 3212 ut
765 3140 810 3212 dc
823 3141 878 3212 his
896 3143 1137 3234 copiosissime
1155 3146 1327 3216 disseram
1341 3167 1348 3224 ;

274 3261 337 3332 sed
350 3261 458 3331 maior
471 3263 714 3355 conlusiorque
729 3285 844 3333 rerum
862 3284 943 3333 area
960 3274 1021 3346 est,
1041 3285 1144 3355 quam
1163 3285 1244 3357 qnae
1262 3286 1350 3357 praev

273 3382 362 3456 senti
382 3385 514 3454 calamo
537 3384 629 3454 verri
653 3394 766 3476 queat,
793 3395 843 3466 et,
872 3383 938 3454 nisi
963 3386 1073 3466 fallor,
1103 3407 1209 3479 super
1233 3386 1349 3458 iocoso

272 3515 342 3576 tuae
370 3505 488 3576 brevis
517 3506 673 3598 epistolae
696 3504 919 3576 fundamento
946 3507 1032 3577 satis
1053 3506 1262 3579 aedificatum
1285 3518 1347 3581 est.

270 3627 324 3700 Ad
356 3628 432 3698 haec
461 3640 497 3698 et
527 3627 610 3697 mihi
650 3649 789 3722 semper
826 3637 954 3718 optatae
987 3628 1182 3701 solitudinis
1219 3631 1347 3723 otiique

269 3750 485 3820 dulcedinem
507 3758 637 3840 quanta
661 3771 772 3843 nuper
797 3748 921 3820 invisae
946 3748 1147 3840 frequentiae
1172 3761 1208 3820 et
1233 3751 1346 3844 inspe-

269 3882 421 3941 ratarum
457 3871 717 3964 occupationum
761 3870 954 3942 amaritudo
991 3870 1240 3964 consperserit,
1278 3873 1347 3942 for-

269 4011 332 4066 san
365 3992 502 4068 audisti.
537 3992 687 4062 Nimium
722 3993 782 4064 diu
813 3993 897 4064 felix
930 3995 1072 4078 fueram,
1109 3994 1251 4064 nimium
1285 3994 1345 4070 diu

267 4108 368 4194 liber,
407 4111 550 4188 nimium
589 4131 698 4186 meus.
739 4111 910 4188 Invidisse
946 4116 1118 4190 fortunam
1151 4115 1344 4199 dicamas
