2958 4804
333 374 427 422 LIBER
448 371 740 438 QUARTUSDECJMUS.
754 394 793 408 ·-
803 373 956 424 EPISTULA
978 376 1018 424 lv.
1157 362 1215 424 υ285

113 505 280 578 reddere
302 506 487 602 rationem)
512 529 580 578 non
607 511 714 601 vulgo
737 520 845 596 certe,
870 510 934 583 sed
960 511 1019 582 tibi
1044 522 1080 583 et
1105 513 1216 606 prole-

114 630 257 700 ctionis
284 651 388 713 meae,
415 638 450 701 et
475 652 594 716 morae,
621 641 656 702 et
682 617 828 716 reditus,
856 645 891 704 et
919 621 1022 706 totius
1050 635 1218 728 propositi

117 773 309 821 summam
331 749 499 823 brevibus
525 752 716 825 absolvam.
738 755 839 840 Veni,
868 763 906 826 ut
931 756 1014 840 scis,
1037 779 1147 849 nuper
1171 758 1217 830 ad

115 873 280 958 curiam,
296 873 400 946 immo
414 897 498 946 vero
511 875 723 972 Babylonem
742 877 832 948 veni.
847 877 1016 948 Mirantur
1029 891 1063 949 ot
1077 889 1218 972 stupent

117 994 230 1087 quod
251 992 331 1066 binc
350 995 447 1068 abire
468 995 630 1082 meditor,
651 998 725 1084 ubi,
745 1001 819 1070 Deo
839 1008 874 1070 et
895 999 1103 1072 conscientia
1122 1001 1217 1071 testi-

118 1116 213 1202 buS,
238 1117 333 1211 quod
353 1140 400 1189 ex
421 1141 476 1190 me
498 1119 628 1214 saepius
649 1121 793 1208 audisti,
816 1144 991 1216 nunquam
1022 1122 1086 1194 nisi
1108 1123 1217 1194 tristis

120 1249 160 1311 et
182 1240 321 1332 invitus
342 1241 404 1325 sui,
428 1253 509 1314 tuuc
528 1242 631 1314 etiam
653 1244 738 1316 dum
760 1245 894 1337 laqueis
916 1244 1141 1318 validioribus
1163 1269 1219 1318 re-

122 1361 279 1432 tinebar.
303 1361 372 1434 Sed
404 1363 496 1436 veni.
519 1365 590 1434 lam
618 1364 711 1448 bino,
739 1366 813 1436 nisi
837 1365 977 1460 penitus
1007 1367 1216 1460 desiperent,

123 1483 326 1574 praesagire
345 1494 506 1579 poteraut
530 1507 598 1556 non
625 1486 699 1557 sine
727 1508 853 1578 magna
882 1509 1003 1573 causa,
1041 1488 1105 1560 scd
1137 1511 1218 1582 quse

124 1627 193 1676 eos
219 1613 254 1676 et
276 1606 374 1678 latuit
393 1619 429 1679 et
446 1607 581 1694 latebit,
601 1631 656 1680 me
677 1631 745 1681 non
766 1630 884 1682 errore
904 1610 1019 1702 aliquo
1040 1612 1085 1682 ad
1106 1613 1216 1682 locum

126 1727 221 1798 mihi
240 1727 284 1798 ab
305 1727 445 1800 infantia
466 1739 501 1800 et
522 1730 697 1822 cognitum
718 1740 754 1802 et
774 1731 926 1804 invisum
951 1731 1215 1824 commigrasse,

126 1849 276 1921 deserta
309 1851 352 1922 ad
386 1861 523 1947 tempus
558 1853 705 1925 statione
731 1855 931 1947 gratissima
956 1865 992 1926 et
1017 1855 1217 1938 solitudine,

128 1973 243 2058 cuius,
265 1972 294 2043 si
313 1995 367 2044 me
385 1973 499 2068 ipsum
518 1975 731 2047 familiariter
752 1999 921 2068 agnosco,
937 1999 1040 2049 nemo
1053 1987 1218 2073 appeten-

132 2095 200 2166 tior
237 2117 385 2188 usquam
419 2097 522 2180 vivit,
550 2096 696 2169 dimisso
722 2100 883 2170 Helicone
918 2112 1037 2170 nostro
1063 2101 1158 2184 irato,
1184 2110 1220 2171 et

130 2220 205 2290 otio
224 2219 374 2290 litterato
394 2239 435 2290 ac
457 2220 655 2312 tranquillo,
678 2220 762 2289 nulli
782 2242 908 2303 nocuo,
931 2221 1047 2292 multis
1072 2219 1220 2290 invidio-

132 2364 182 2427 so,
198 2352 246 2426 et,
264 2349 301 2412 ut
318 2339 596 2413 animadvertere
615 2342 754 2434 incipio,
772 2343 945 2415 nonnullis
965 2342 1067 2414 etiam
1085 2341 1217 2426 odioso,

134 2477 241 2559 atque
262 2464 317 2536 bis
340 2472 389 2536 tot
410 2464 583 2556 tantisque
609 2466 739 2536 solatiis
765 2463 939 2536 inamoena
965 2465 1104 2558 negotia
1131 2487 1221 2559 prae-

136 2587 259 2658 tulisse
280 2596 316 2658 et.
335 2585 610 2658 inextricabilem
632 2588 739 2660 ouriae
760 2587 1007 2683 labyrinthum.
1036 2589 1137 2661 Forte
1162 2612 1219 2660 mo

134 2718 324 2805 paupertas
346 2711 402 2779 vel
423 2691 556 2780 divitiae
582 2712 760 2802 pepulere,
789 2710 920 2803 duplex
946 2711 1143 2781 mortalium
1171 2714 1220 2784 la·

134 2829 211 2915 bor,
247 2833 303 2902 vel
331 2828 520 2914 inimicitia,
547 2831 603 2901 vel
631 2829 789 2902 simultas
821 2832 948 2923 aliqua,
976 2834 1048 2916 vel,
1077 2853 1146 2923 quo
1173 2832 1221 2902 nil

135 2952 317 3025 molestius
339 2952 417 3024 altis
438 2951 563 3023 animis
583 2973 664 3023 esse
686 2956 787 3039 solet,
806 2963 1026 3050 contemptus
1044 2976 1100 3026 me
1120 2954 1221 3025 forsi-

137 3088 194 3149 tan
221 3081 297 3150 loco
324 3077 456 3148 movit?
488 3077 594 3148 Plane
625 3076 749 3148 horum
776 3078 955 3169 quodlibet
984 3077 1228 3170 suspicentur,

136 3201 202 3272 nisi
222 3221 363 3292 semper
379 3193 491 3292 aequis
510 3197 631 3290 spatiis
649 3208 685 3270 et
701 3219 722 3270 a
740 3201 875 3290 magnis
895 3200 1025 3272 divitiis
1043 3208 1079 3270 et
1095 3221 1115 3270 a
1130 3198 1222 3293 turpi

136 3322 251 3415 inopia
277 3322 409 3393 distare
435 3320 565 3404 studui,
593 3319 658 3390 nisi
686 3319 787 3392 bonis
813 3321 988 3417 omuibus,¹
1012 3343 1078 3392 non
1107 3323 1220 3392 solum

136 3442 178 3516 iis
197 3443 408 3537 quibuscum
430 3442 537 3514 vitam
559 3461 665 3532 agere
690 3440 871 3532 contingit,
902 3440 964 3512 sed
989 3441 1091 3512 etiam
1119 3443 1221 3530 longo

137 3566 259 3659 positis
280 3587 382 3637 carus
406 3586 545 3659 semper
564 3572 600 3636 et
621 3563 788 3654 singulari
810 3563 962 3655 quadam
981 3561 1222 3634 benevolentia

136 3693 250 3762 cultus
271 3690 335 3773 fui;
358 3687 476 3760 sinon
503 3709 560 3758 me
586 3684 758 3779 principes
779 3685 886 3756 ltaliae
906 3684 972 3755 viri
997 3694 1033 3755 et
1056 3681 1221 3777 precibus

136 3810 285 3882 retinere
307 3817 494 3893 tentarunt,
516 3818 551 3880 et
571 3808 757 3879 abeuntem
779 3807 966 3878 doluerunt
985 3815 1021 3876 et
1040 3803 1220 3875 absentem

136 3930 340 4003 avidissime
364 3931 619 4021 praestolantur.
647 3925 786 4019 Aliquid
813 3935 910 4020 puto,
935 3925 998 3996 sed
1021 3921 1220 3995 occultioris

136 4073 253 4124 causae
285 4052 363 4138 luit,
387 4071 467 4144 quaa
493 4073 549 4122 me
575 4059 625 4122 tot
644 4046 863 4121 obstantibus
892 4057 1046 4139 urgeret,
1070 4044 1221 4116 reniten-

137 4174 299 4270 tibusque
320 4176 541 4246 convelleret.
570 4173 614 4243 lll
638 4171 723 4264 quid
749 4169 863 4242 sciunt
889 4190 933 4240 an
962 4169 996 4242 id
1017 4167 1131 4260 ipsum
1158 4189 1221 4260 pro
