2988 4800
419 355 512 402 nmna
533 353 957 404 nuonacruns.-ur1srom
980 357 1010 403 u.
1196 345 1250 404 tit

166 517 247 564 rum
272 515 311 564 se
334 493 504 563 bonarum
526 491 672 562 docilem
694 491 858 586 praebeat,
886 492 1009 586 cupide
1035 494 1126 583 legat
1150 502 1254 587 atque

166 617 293 688 audiat
314 617 484 686 maiorum
518 625 617 706 gesta
651 603 823 698 virorum,
859 623 895 684 et
914 617 1154 709 exemplorum
1179 616 1255 688 illu·
1319 665 1326 674 ·

167 741 299 812 strium
322 738 367 810 sit
389 747 559 809 scrutator
577 735 743 808 sollicitus
761 744 796 806 et
813 736 969 807 fervidus
987 735 1148 808 imitator.
1167 739 1255 811 Illud
1360 746 1362 756 ⁴

167 863 379 934 nominatim
401 863 541 933 demum
563 870 678 932 teneat
698 861 792 953 quod
812 859 892 932 olim
920 859 964 929 ab
990 860 1046 930 itto
1073 859 1255 950 magnifico

169 986 393 1057 inimicarum
415 984 551 1056 urbium
571 1005 734 1055 eversore
758 991 934 1053 servatum
957 983 989 1050 in
1012 981 1169 1053 exercitu
1189 1007 1254 1054 nu-

171 1109 346 1192 mantiae,
382 1106 500 1178 multis
534 1105 660 1178 deinde
694 1105 846 1176 romanis
879 1105 1027 1178 ducibus
1061 1105 1255 1201 disciplinae

171 1229 336 1301 militaris
362 1232 561 1322 exemptum
583 1229 661 1312 fuit3
686 1237 738 1312 ut,
763 1229 853 1298 siout
873 1228 930 1298 ille
952 1228 1091 1314 eastris,
1115 1229 1165 1300 sic
1191 1231 1256 1300 iste

173 1353 324 1424 urbibus
346 1374 386 1424 ae
406 1374 513 1444 regno
536 1353 766 1425 instrumenta
783 1354 933 1422 luxuriae
956 1354 1112 1446 depellat,
1131 1363 1166 1426 et
1183 1376 1257 1425 mo-

177 1499 235 1548 res
256 1479 361 1567 longa
381 1475 518 1546 lieentia
537 1475 746 1567 depravatos
773 1474 933 1565 corrigat,
971 1475 1044 1545 sine
1078 1499 1148 1568 quo
1175 1497 1255 1568 spes

182 1600 316 1683 salutis,
336 1622 405 1670 non
423 1599 535 1671 dicam
559 1597 726 1682 victoriae,
750 1601 843 1671 nulla
864 1607 929 1670 est.
944 1601 1016 1671 Hoo
1029 1599 1103 1692 ipse
1124 1599 1168 1669 ab
1186 1599 1253 1684 ilio,

180 1723 242 1794 alia
265 1733 381 1794 sumat
403 1722 447 1792 ab
468 1721 553 1806 aliis,
575 1722 744 1814 equibus
766 1722 927 1794 omnibns
948 1721 1103 1818 perficiat
1124 1726 1255 1795 ciarum

179 1846 308 1926 virum;
330 1854 483 1936 quotque
504 1842 654 1934 insignia
674 1843 812 1914 nomina
834 1856 1091 1938 praecesserunt
1113 1855 1162 1917 tot
1189 1846 1255 1917 sibi

179 1967 365 2060 magistros
385 1965 478 2049 vitae,
503 1975 551 2037 tot
572 1965 637 2036 sibi
658 1967 765 2038 duces
798 1967 843 2038 ad
869 1968 1014 2060 gloriam
1032 1970 1133 2040 datos
1158 1969 1254 2040 sciat.

177 2092 248 2160 Non
263 2091 380 2161 minus
394 2090 565 2161 interdum
581 2091 773 2162 accendunt
786 2112 973 2180 generosos
988 2093 1120 2163 animos
1135 2115 1257 2162 exem-

178 2217 244 2306 pta,
269 2236 375 2306 quam
396 2215 553 2309 praemia,
575 2235 640 2284 neo
660 2197 775 2282 minus
794 2212 902 2284 verba
919 2237 1023 2304 quam
1043 2223 1182 2284 stature:
1203 2213 1256 2284 iu-·

178 2345 236 2405 vat
256 2335 406 2406 laudatis
426 2358 505 2406 sese
523 2338 677 2406 conterre
699 2334 910 2418 nominibus,
930 2345 964 2404 et
981 2336 1125 2427 pulchra
1145 2327 1255 2406 aemuss

177 2459 256 2530 latio
277 2470 333 2528 est
352 2480 433 2551 quae
454 2460 498 2530 de
520 2459 647 2530 virtute
681 2457 877 2550 suscipitur.
899 2456 949 2529 Ao
976 2480 1021 2527 ne
1043 2457 1180 2529 curiosa
1203 2457 1255 2527 in-

178 2581 363 2673 quisitione
386 2590 522 2674 tempus
544 2593 665 2666 teram,
688 2582 813 2652 habeat
834 2589 912 2653 ante
934 2585 1051 2652 oculos
1073 2604 1138 2653 rex
1157 2592 1253 2664 tuus,

178 2727 242 2775 non
264 2704 489 2798 peregrinum
512 2712 772 2797 vetustumque,
796 2705 860 2776 sed
882 2726 1000 2776 recens
1022 2726 1063 2774 ac
1083 2705 1254 2775 domesti-

177 2851 253 2898 cum
276 2827 442 2898 virtutum
465 2828 631 2910 omnium,
654 2827 721 2898 nisi
747 2851 801 2898 me
828 2849 924 2898 amor
949 2827 1046 2911 fallit,
1073 2830 1255 2920 exemplar

178 2951 353 3035 idoneum,
376 2950 544 3021 illustrem
563 2972 602 3020 ao
619 2949 773 3020 divinum
788 2951 864 3022 eius
879 2959 1039 3044 patruum
1054 2949 1252 3034 Rohertum,

177 3074 275 3144 cuius
296 3095 400 3164 quam
423 3094 530 3163 regno
552 3073 644 3144 utilis
662 3073 735 3145 vita
751 3084 859 3159 esset,
876 3096 969 3146 mors
984 3074 1255 3145 damnosissima

178 3194 376 3266 declaravit.
398 3198 496 3266 ltlunr
518 3195 707 3282 intueatur,
730 3198 776 3268 ad
796 3198 886 3268 illius
909 3198 1052 3290 gloriam
1069 3220 1107 3269 se
1120 3197 1255 3269 nitidis·
1295 3292 1297 3300 Ι

179 3318 264 3388 simo
288 3321 429 3412 speculo
450 3306 708 3414 contempletur.
736 3322 795 3391 Ille
823 3321 974 3412 sapiens,
998 3321 1054 3391 itta
1075 3320 1254 3411 magnani-

178 3464 268 3525 mus
292 3443 347 3511 ille
369 3441 472 3526 mitis
497 3443 553 3514 ille
573 3466 637 3514 rex
657 3467 779 3535 regum
798 3453 882 3515 erat.
905 3446 1002 3514 Illum
1026 3451 1062 3514 ut
1084 3455 1253 3536 tempore,

178 3576 215 3634 ut
235 3564 415 3667 sanguine,
436 3564 486 3635 sic
505 3565 618 3636 animo
637 3577 803 3658 sequatur
820 3576 855 3637 et
868 3567 1033 3636 moribus.
1050 3567 1150 3658 Saepe
1162 3565 1252 3635 enim

179 3709 255 3757 eum
276 3687 481 3758 caeterarum
503 3711 628 3772 rerum,
653 3700 725 3760 tum
748 3689 923 3781 praecipue
942 3689 1159 3781 ingeniorum
1178 3685 1254 3754 imi-

181 3811 261 3882 tatio
282 3811 366 3880 felix
392 3812 464 3880 fuit.
491 3814 562 3882 lam
587 3812 698 3882 bonus
731 3824 786 3882 est
819 3812 877 3904 qni
911 3811 986 3881 fieri
1014 3810 1104 3882 bono
1132 3807 1252 3878 similis

180 3937 305 4006 studet.
328 3937 435 4006 Multa
456 3935 541 4017 dixi,
566 3935 627 4006 sed
647 3957 709 4028 pro
730 3935 969 4026 magnitudine
989 3955 1105 4004 rerum
1131 3953 1250 4025 pauca,

178 4060 275 4151 ptura
292 4059 420 4130 etenim
440 4071 520 4130 sunt
537 4081 616 4151 quae
633 4069 775 4128 restant.
791 4060 840 4128 Tu
854 4057 993 4150 quidem
1008 4077 1114 4149 prope
1128 4055 1251 4138 omnia,

179 4181 446 4271 praelar‘issime
474 4183 539 4266 vir,
563 4182 717 4253 humeris
741 4182 808 4253 tuis
831 4181 938 4253 sentis
960 4179 1172 4260 incumberm
1192 4202 1254 4248 vo-
