<?xml version="1.0" encoding="UTF-8"?>
<!DOCTYPE html PUBLIC "-//W3C//DTD XHTML 1.0 Transitional//EN"
    "http://www.w3.org/TR/xhtml1/DTD/xhtml1-transitional.dtd">
<html xmlns="http://www.w3.org/1999/xhtml" xml:lang="en" lang="en">
 <head>
  <title>
</title>
<meta http-equiv="Content-Type" content="text/html;charset=utf-8" />
  <meta name='ocr-system' content='tesseract 3.04.00' />
  <meta name='ocr-capabilities' content='ocr_page ocr_carea ocr_par ocr_line ocrx_word'/>
</head>
<body>
  <div class='ocr_page' id='page_1' title='image "./franciscipetrar01fracgoog_0124.png"; bbox 0 0 2988 4800; ppageno 0'>
   <div class='ocr_carea' id='block_1_1' title="bbox 415 335 1242 396">
    <p class='ocr_par' dir='ltr' id='par_1_1' title="bbox 415 335 1242 396">
     <span class='ocr_line' id='line_1_1' title="bbox 415 335 1242 396; baseline 0.007 -8"><span class='ocrx_word' id='word_1_1' title='bbox 415 341 506 390; x_wconf 77' lang='lat' dir='ltr'>erosa</span> <span class='ocrx_word' id='word_1_2' title='bbox 527 343 927 396; x_wconf 77' lang='lat' dir='ltr'>nnneemos-srrsronn</span> <span class='ocrx_word' id='word_1_3' title='bbox 950 347 989 394; x_wconf 84' lang='lat' dir='ltr'>rv.</span> <span class='ocrx_word' id='word_1_4' title='bbox 1186 335 1242 394; x_wconf 82' lang='grc'>1-13</span> 
     </span>
    </p>
   </div>
   <div class='ocr_carea' id='block_1_2' title="bbox 577 637 821 702">
    <p class='ocr_par' dir='ltr' id='par_1_2' title="bbox 577 637 821 702">
     <span class='ocr_line' id='line_1_2' title="bbox 577 637 821 702; baseline -0.008 -1"><span class='ocrx_word' id='word_1_5' title='bbox 577 637 755 701; x_wconf 77' lang='lat' dir='ltr'>sprsvoln</span> <span class='ocrx_word' id='word_1_6' title='bbox 776 639 821 702; x_wconf 89' lang='lat' dir='ltr'>lV.</span> 
     </span>
    </p>
   </div>
   <div class='ocr_carea' id='block_1_3' title="bbox 116 811 1186 988">
    <p class='ocr_par' dir='ltr' id='par_1_3' title="bbox 116 811 1186 988">
     <span class='ocr_line' id='line_1_3' title="bbox 116 811 1186 884; baseline 0.007 -7"><span class='ocrx_word' id='word_1_7' title='bbox 116 811 120 822; x_wconf 48' lang='lat'>⁸</span> <span class='ocrx_word' id='word_1_8' title='bbox 209 830 407 880; x_wconf 75' lang='lat' dir='ltr'>sannolsoos</span> <span class='ocrx_word' id='word_1_9' title='bbox 428 831 596 880; x_wconf 74' lang='lat' dir='ltr'>Parnasso</span> <span class='ocrx_word' id='word_1_10' title='bbox 618 833 764 880; x_wconf 85' lang='lat' dir='ltr'>PHILIPPO</span> <span class='ocrx_word' id='word_1_11' title='bbox 787 833 939 882; x_wconf 86' lang='lat' dir='ltr'>EPISCOPO</span> <span class='ocrx_word' id='word_1_12' title='bbox 961 833 1186 884; x_wconf 76' lang='lat' dir='ltr'>cnvtLLlcnnsr</span> 
     </span>
     <span class='ocr_line' id='line_1_4' title="bbox 635 939 759 988; baseline 0.016 -2"><span class='ocrx_word' id='word_1_13' title='bbox 635 939 660 986; x_wconf 88' lang='lat' dir='ltr'>S.</span> <span class='ocrx_word' id='word_1_14' title='bbox 680 939 708 986; x_wconf 89' lang='lat' dir='ltr'>P.</span> <span class='ocrx_word' id='word_1_15' title='bbox 730 941 759 988; x_wconf 85' lang='lat' dir='ltr'>ll.</span> 
     </span>
    </p>
   </div>
   <div class='ocr_carea' id='block_1_4' title="bbox 229 1127 1166 1290">
    <p class='ocr_par' dir='ltr' id='par_1_4' title="bbox 229 1127 1166 1290">
     <span class='ocr_line' id='line_1_5' title="bbox 229 1127 1166 1204; baseline 0.006 -22"><span class='ocrx_word' id='word_1_16' title='bbox 229 1127 315 1182; x_wconf 85' lang='lat' dir='ltr'>Mittit</span> <span class='ocrx_word' id='word_1_17' title='bbox 329 1129 500 1200; x_wconf 80' lang='lat' dir='ltr'>epigramma</span> <span class='ocrx_word' id='word_1_18' title='bbox 515 1129 549 1183; x_wconf 89' lang='lat' dir='ltr'>de</span> <span class='ocrx_word' id='word_1_19' title='bbox 564 1129 642 1184; x_wconf 84' lang='lat' dir='ltr'><strong>Valle</strong></span> <span class='ocrx_word' id='word_1_20' title='bbox 661 1129 776 1200; x_wconf 84' lang='lat' dir='ltr'>Clausa,</span> <span class='ocrx_word' id='word_1_21' title='bbox 791 1147 824 1185; x_wconf 82' lang='lat' dir='ltr'>ex</span> <span class='ocrx_word' id='word_1_22' title='bbox 839 1147 894 1202; x_wconf 90' lang='lat' dir='ltr'>quo</span> <span class='ocrx_word' id='word_1_23' title='bbox 910 1137 984 1203; x_wconf 87' lang='lat' dir='ltr'>patet</span> <span class='ocrx_word' id='word_1_24' title='bbox 1000 1148 1061 1186; x_wconf 86' lang='lat' dir='ltr'>earn</span> <span class='ocrx_word' id='word_1_25' title='bbox 1075 1132 1166 1204; x_wconf 87' lang='lat' dir='ltr'>ipsum</span> 
     </span>
     <span class='ocr_line' id='line_1_6' title="bbox 537 1219 855 1290; baseline 0.006 -18"><span class='ocrx_word' id='word_1_26' title='bbox 537 1219 589 1273; x_wconf 91' lang='lat' dir='ltr'>sihi</span> <span class='ocrx_word' id='word_1_27' title='bbox 603 1219 697 1274; x_wconf 87' lang='lat' dir='ltr'>sedem</span> <span class='ocrx_word' id='word_1_28' title='bbox 711 1219 855 1290; x_wconf 81' lang='lat' dir='ltr'>delegisse.</span> 
     </span>
    </p>
   </div>
   <div class='ocr_carea' id='block_1_5' title="bbox 56 1466 1237 3148">
    <p class='ocr_par' dir='ltr' id='par_1_5' title="bbox 56 1466 1237 3148">
     <span class='ocr_line' id='line_1_7' title="bbox 252 1466 1237 1560; baseline 0.005 -22"><span class='ocrx_word' id='word_1_29' title='bbox 252 1467 362 1538; x_wconf 91' lang='lat' dir='ltr'>Multa</span> <span class='ocrx_word' id='word_1_30' title='bbox 382 1467 451 1536; x_wconf 90' lang='lat' dir='ltr'>iam</span> <span class='ocrx_word' id='word_1_31' title='bbox 472 1466 532 1537; x_wconf 86' lang='lat' dir='ltr'>tibi</span> <span class='ocrx_word' id='word_1_32' title='bbox 555 1466 689 1560; x_wconf 81' lang='lat' dir='ltr'>pridem</span> <span class='ocrx_word' id='word_1_33' title='bbox 711 1469 838 1560; x_wconf 77' lang='lat' dir='ltr'>satagit</span> <span class='ocrx_word' id='word_1_34' title='bbox 859 1489 958 1538; x_wconf 87' lang='lat' dir='ltr'>mens</span> <span class='ocrx_word' id='word_1_35' title='bbox 979 1467 1093 1552; x_wconf 84' lang='lat' dir='ltr'>anxia,</span> <span class='ocrx_word' id='word_1_36' title='bbox 1112 1478 1148 1540; x_wconf 91' lang='lat' dir='ltr'>et</span> <span class='ocrx_word' id='word_1_37' title='bbox 1167 1474 1237 1543; x_wconf 92' lang='lat' dir='ltr'>col-</span> 
     </span>
     <span class='ocr_line' id='line_1_8' title="bbox 155 1589 1236 1686; baseline 0.001 -22"><span class='ocrx_word' id='word_1_38' title='bbox 155 1590 317 1685; x_wconf 89' lang='lat' dir='ltr'>loquendi</span> <span class='ocrx_word' id='word_1_39' title='bbox 351 1589 470 1660; x_wconf 90' lang='lat' dir='ltr'>avida:</span> <span class='ocrx_word' id='word_1_40' title='bbox 505 1589 568 1661; x_wconf 90' lang='lat' dir='ltr'>sed</span> <span class='ocrx_word' id='word_1_41' title='bbox 598 1590 687 1660; x_wconf 88' lang='lat' dir='ltr'>inter</span> <span class='ocrx_word' id='word_1_42' title='bbox 719 1590 899 1682; x_wconf 81' lang='lat' dir='ltr'>angustias</span> <span class='ocrx_word' id='word_1_43' title='bbox 934 1592 1098 1684; x_wconf 89' lang='lat' dir='ltr'>temporis</span> <span class='ocrx_word' id='word_1_44' title='bbox 1131 1603 1236 1686; x_wconf 88' lang='lat' dir='ltr'>atque</span> 
     </span>
     <span class='ocr_line' id='line_1_9' title="bbox 153 1713 1236 1810; baseline 0.003 -25"><span class='ocrx_word' id='word_1_45' title='bbox 153 1715 256 1785; x_wconf 90' lang='lat' dir='ltr'>animi</span> <span class='ocrx_word' id='word_1_46' title='bbox 277 1713 442 1784; x_wconf 86' lang='lat' dir='ltr'>festinare</span> <span class='ocrx_word' id='word_1_47' title='bbox 461 1735 567 1804; x_wconf 81' lang='lat' dir='ltr'>cogor</span> <span class='ocrx_word' id='word_1_48' title='bbox 584 1713 629 1784; x_wconf 91' lang='lat' dir='ltr'>ad</span> <span class='ocrx_word' id='word_1_49' title='bbox 647 1713 765 1797; x_wconf 86' lang='lat' dir='ltr'>finem,</span> <span class='ocrx_word' id='word_1_50' title='bbox 785 1714 853 1806; x_wconf 88' lang='lat' dir='ltr'>qui,</span> <span class='ocrx_word' id='word_1_51' title='bbox 876 1724 913 1784; x_wconf 87' lang='lat' dir='ltr'>nt</span> <span class='ocrx_word' id='word_1_52' title='bbox 930 1714 1145 1808; x_wconf 86' lang='lat' dir='ltr'>philosophis</span> <span class='ocrx_word' id='word_1_53' title='bbox 1161 1718 1236 1810; x_wconf 89' lang='lat' dir='ltr'>pla-</span> 
     </span>
     <span class='ocr_line' id='line_1_10' title="bbox 152 1833 1236 1929; baseline 0.002 -25"><span class='ocrx_word' id='word_1_54' title='bbox 152 1845 219 1917; x_wconf 87' lang='lat' dir='ltr'>cet,</span> <span class='ocrx_word' id='word_1_55' title='bbox 242 1833 407 1924; x_wconf 80' lang='lat' dir='ltr'>cogitanti</span> <span class='ocrx_word' id='word_1_56' title='bbox 428 1833 559 1926; x_wconf 91' lang='lat' dir='ltr'>primus</span> <span class='ocrx_word' id='word_1_57' title='bbox 579 1843 646 1916; x_wconf 89' lang='lat' dir='ltr'>est,</span> <span class='ocrx_word' id='word_1_58' title='bbox 674 1833 817 1904; x_wconf 88' lang='lat' dir='ltr'>ultimus</span> <span class='ocrx_word' id='word_1_59' title='bbox 838 1834 1005 1927; x_wconf 88' lang='lat' dir='ltr'>operanti.</span> <span class='ocrx_word' id='word_1_60' title='bbox 1028 1837 1127 1906; x_wconf 88' lang='lat' dir='ltr'>Hono</span> <span class='ocrx_word' id='word_1_61' title='bbox 1148 1857 1236 1929; x_wconf 90' lang='lat' dir='ltr'>qua-</span> 
     </span>
     <span class='ocr_line' id='line_1_11' title="bbox 152 1957 1234 2050; baseline 0.003 -25"><span class='ocrx_word' id='word_1_62' title='bbox 152 1957 218 2027; x_wconf 91' lang='lat' dir='ltr'>lem</span> <span class='ocrx_word' id='word_1_63' title='bbox 240 1957 325 2026; x_wconf 91' lang='lat' dir='ltr'>mihi</span> <span class='ocrx_word' id='word_1_64' title='bbox 346 1957 460 2028; x_wconf 89' lang='lat' dir='ltr'>animo</span> <span class='ocrx_word' id='word_1_65' title='bbox 480 1978 671 2050; x_wconf 92' lang='lat' dir='ltr'>proponam</span> <span class='ocrx_word' id='word_1_66' title='bbox 696 1979 736 2028; x_wconf 90' lang='lat' dir='ltr'>ao</span> <span class='ocrx_word' id='word_1_67' title='bbox 761 1957 998 2028; x_wconf 82' lang='lat' dir='ltr'>vehementer·</span> <span class='ocrx_word' id='word_1_68' title='bbox 1008 1957 1154 2050; x_wconf 87' lang='lat' dir='ltr'>cupiam,</span> <span class='ocrx_word' id='word_1_69' title='bbox 1181 1959 1234 2030; x_wconf 91' lang='lat' dir='ltr'>vi-</span> 
     </span>
     <span class='ocr_line' id='line_1_12' title="bbox 150 2077 1231 2172; baseline 0.004 -24"><span class='ocrx_word' id='word_1_70' title='bbox 150 2077 263 2162; x_wconf 85' lang='lat' dir='ltr'>debis,</span> <span class='ocrx_word' id='word_1_71' title='bbox 300 2079 440 2149; x_wconf 91' lang='lat' dir='ltr'>omissis</span> <span class='ocrx_word' id='word_1_72' title='bbox 462 2079 623 2150; x_wconf 89' lang='lat' dir='ltr'>omnibus</span> <span class='ocrx_word' id='word_1_73' title='bbox 644 2080 772 2172; x_wconf 89' lang='lat' dir='ltr'>quibus</span> <span class='ocrx_word' id='word_1_74' title='bbox 805 2081 850 2150; x_wconf 90' lang='lat' dir='ltr'>ad</span> <span class='ocrx_word' id='word_1_75' title='bbox 884 2081 979 2150; x_wconf 89' lang='lat' dir='ltr'>illum</span> <span class='ocrx_word' id='word_1_76' title='bbox 1013 2083 1231 2171; x_wconf 90' lang='lat' dir='ltr'>pervenitur;</span> 
     </span>
     <span class='ocr_line' id='line_1_13' title="bbox 151 2195 1232 2292; baseline 0 -24"><span class='ocrx_word' id='word_1_77' title='bbox 151 2218 230 2289; x_wconf 84' lang='lat' dir='ltr'>quae</span> <span class='ocrx_word' id='word_1_78' title='bbox 251 2198 411 2290; x_wconf 86' lang='lat' dir='ltr'>amplecti</span> <span class='ocrx_word' id='word_1_79' title='bbox 430 2200 538 2279; x_wconf 77' lang='lat' dir='ltr'>locus¹</span> <span class='ocrx_word' id='word_1_80' title='bbox 560 2209 708 2292; x_wconf 89' lang='lat' dir='ltr'>tempus,</span> <span class='ocrx_word' id='word_1_81' title='bbox 729 2197 833 2268; x_wconf 90' lang='lat' dir='ltr'>ardor</span> <span class='ocrx_word' id='word_1_82' title='bbox 853 2195 982 2278; x_wconf 90' lang='lat' dir='ltr'>nuncii,</span> <span class='ocrx_word' id='word_1_83' title='bbox 998 2204 1033 2266; x_wconf 89' lang='lat' dir='ltr'>et</span> <span class='ocrx_word' id='word_1_84' title='bbox 1049 2196 1232 2268; x_wconf 86' lang='lat' dir='ltr'>comitatus</span> 
     </span>
     <span class='ocr_line' id='line_1_14' title="bbox 148 2317 1231 2412; baseline 0.001 -25"><span class='ocrx_word' id='word_1_85' title='bbox 148 2319 268 2410; x_wconf 84' lang='lat' dir='ltr'>fragor</span> <span class='ocrx_word' id='word_1_86' title='bbox 287 2328 393 2389; x_wconf 86' lang='lat' dir='ltr'>vetat.</span> <span class='ocrx_word' id='word_1_87' title='bbox 419 2317 533 2412; x_wconf 80' lang='lat' dir='ltr'>Atque</span> <span class='ocrx_word' id='word_1_88' title='bbox 562 2320 657 2390; x_wconf 86' lang='lat' dir='ltr'>hune</span> <span class='ocrx_word' id='word_1_89' title='bbox 687 2319 803 2412; x_wconf 90' lang='lat' dir='ltr'>ipsum</span> <span class='ocrx_word' id='word_1_90' title='bbox 837 2338 907 2388; x_wconf 94' lang='lat' dir='ltr'>non</span> <span class='ocrx_word' id='word_1_91' title='bbox 935 2338 1098 2388; x_wconf 82' lang='lat' dir='ltr'>sermone</span> <span class='ocrx_word' id='word_1_92' title='bbox 1123 2317 1231 2388; x_wconf 89' lang='lat' dir='ltr'>libero</span> 
     </span>
     <span class='ocr_line' id='line_1_15' title="bbox 150 2438 1232 2534; baseline -0.002 -22"><span class='ocrx_word' id='word_1_93' title='bbox 150 2441 311 2534; x_wconf 80' lang='lat' dir='ltr'>explicui,</span> <span class='ocrx_word' id='word_1_94' title='bbox 329 2440 390 2511; x_wconf 89' lang='lat' dir='ltr'>sed</span> <span class='ocrx_word' id='word_1_95' title='bbox 408 2443 555 2513; x_wconf 89' lang='lat' dir='ltr'>amioum</span> <span class='ocrx_word' id='word_1_96' title='bbox 575 2441 735 2514; x_wconf 86' lang='lat' dir='ltr'>brevitati</span> <span class='ocrx_word' id='word_1_97' title='bbox 752 2463 893 2512; x_wconf 90' lang='lat' dir='ltr'>carmen</span> <span class='ocrx_word' id='word_1_98' title='bbox 914 2438 1045 2525; x_wconf 79' lang='lat' dir='ltr'>scisne,</span> <span class='ocrx_word' id='word_1_99' title='bbox 1061 2451 1138 2510; x_wconf 87' lang='lat' dir='ltr'>octo</span> <span class='ocrx_word' id='word_1_100' title='bbox 1157 2450 1232 2512; x_wconf 88' lang='lat' dir='ltr'>tan—</span> 
     </span>
     <span class='ocr_line' id='line_1_16' title="bbox 152 2547 1230 2659; baseline 0 -24"><span class='ocrx_word' id='word_1_101' title='bbox 152 2575 222 2635; x_wconf 89' lang='lat' dir='ltr'>tum</span> <span class='ocrx_word' id='word_1_102' title='bbox 245 2548 427 2636; x_wconf 82' lang='lat' dir='ltr'>versiculis</span> <span class='ocrx_word' id='word_1_103' title='bbox 448 2567 633 2651; x_wconf 84' lang='lat' dir='ltr'>coarctavi,</span> <span class='ocrx_word' id='word_1_104' title='bbox 657 2547 779 2658; x_wconf 87' lang='lat' dir='ltr'>quales</span> <span class='ocrx_word' id='word_1_105' title='bbox 800 2573 969 2659; x_wconf 90' lang='lat' dir='ltr'>occupato</span> <span class='ocrx_word' id='word_1_106' title='bbox 990 2566 1128 2656; x_wconf 80' lang='lat' dir='ltr'>ingenio</span> <span class='ocrx_word' id='word_1_107' title='bbox 1153 2587 1230 2638; x_wconf 91' lang='lat' dir='ltr'>sors</span> 
     </span>
     <span class='ocr_line' id='line_1_17' title="bbox 151 2687 1230 2779; baseline 0.004 -23"><span class='ocrx_word' id='word_1_108' title='bbox 151 2687 275 2758; x_wconf 89' lang='lat' dir='ltr'>obtulit</span> <span class='ocrx_word' id='word_1_109' title='bbox 301 2687 391 2759; x_wconf 91' lang='lat' dir='ltr'>inter</span> <span class='ocrx_word' id='word_1_110' title='bbox 422 2688 574 2759; x_wconf 90' lang='lat' dir='ltr'>urbanas</span> <span class='ocrx_word' id='word_1_111' title='bbox 600 2710 702 2760; x_wconf 89' lang='lat' dir='ltr'>curas</span> <span class='ocrx_word' id='word_1_112' title='bbox 728 2699 762 2760; x_wconf 91' lang='lat' dir='ltr'>et</span> <span class='ocrx_word' id='word_1_113' title='bbox 787 2689 938 2779; x_wconf 83' lang='lat' dir='ltr'>virgulta</span> <span class='ocrx_word' id='word_1_114' title='bbox 965 2687 1147 2759; x_wconf 84' lang='lat' dir='ltr'>silvestria.</span> <span class='ocrx_word' id='word_1_115' title='bbox 1173 2691 1230 2760; x_wconf 83' lang='lat' dir='ltr'>llx</span> 
     </span>
     <span class='ocr_line' id='line_1_18' title="bbox 151 2810 1230 2905; baseline 0 -23"><span class='ocrx_word' id='word_1_116' title='bbox 151 2812 277 2905; x_wconf 90' lang='lat' dir='ltr'>quibus</span> <span class='ocrx_word' id='word_1_117' title='bbox 300 2823 414 2884; x_wconf 90' lang='lat' dir='ltr'>tamen</span> <span class='ocrx_word' id='word_1_118' title='bbox 436 2812 466 2885; x_wconf 91' lang='lat' dir='ltr'>si</span> <span class='ocrx_word' id='word_1_119' title='bbox 487 2816 608 2902; x_wconf 81' lang='lat' dir='ltr'>legens</span> <span class='ocrx_word' id='word_1_120' title='bbox 630 2811 839 2883; x_wconf 88' lang='lat' dir='ltr'>scribentem</span> <span class='ocrx_word' id='word_1_121' title='bbox 857 2821 935 2882; x_wconf 90' lang='lat' dir='ltr'>ante</span> <span class='ocrx_word' id='word_1_122' title='bbox 957 2814 1075 2884; x_wconf 88' lang='lat' dir='ltr'>oculos</span> <span class='ocrx_word' id='word_1_123' title='bbox 1097 2810 1230 2882; x_wconf 87' lang='lat' dir='ltr'>habue—</span> 
     </span>
     <span class='ocr_line' id='line_1_19' title="bbox 149 2932 1226 3028; baseline -0.001 -24"><span class='ocrx_word' id='word_1_124' title='bbox 149 2933 208 3020; x_wconf 82' lang='lat' dir='ltr'>ris,</span> <span class='ocrx_word' id='word_1_125' title='bbox 233 2957 338 3028; x_wconf 86' lang='lat' dir='ltr'>spero</span> <span class='ocrx_word' id='word_1_126' title='bbox 354 2937 426 3006; x_wconf 85' lang='lat' dir='ltr'>tore</span> <span class='ocrx_word' id='word_1_127' title='bbox 444 2945 483 3004; x_wconf 89' lang='lat' dir='ltr'>ut</span> <span class='ocrx_word' id='word_1_128' title='bbox 500 2947 620 3005; x_wconf 87' lang='lat' dir='ltr'>votam</span> <span class='ocrx_word' id='word_1_129' title='bbox 638 2942 743 3026; x_wconf 89' lang='lat' dir='ltr'>atque</span> <span class='ocrx_word' id='word_1_130' title='bbox 762 2933 919 3004; x_wconf 91' lang='lat' dir='ltr'>habitum</span> <span class='ocrx_word' id='word_1_131' title='bbox 937 2932 1090 3024; x_wconf 80' lang='lat' dir='ltr'>fatigatae</span> <span class='ocrx_word' id='word_1_132' title='bbox 1108 2932 1226 3004; x_wconf 88' lang='lat' dir='ltr'>admo-</span> 
     </span>
     <span class='ocr_line' id='line_1_20' title="bbox 56 3055 1085 3148; baseline -0.001 -21"><span class='ocrx_word' id='word_1_133' title='bbox 56 3075 57 3080; x_wconf 72' lang='grc'>’</span> <span class='ocrx_word' id='word_1_134' title='bbox 148 3056 228 3127; x_wconf 91' lang='lat' dir='ltr'>dum</span> <span class='ocrx_word' id='word_1_135' title='bbox 250 3069 287 3129; x_wconf 91' lang='lat' dir='ltr'>et</span> <span class='ocrx_word' id='word_1_136' title='bbox 306 3060 460 3148; x_wconf 83' lang='lat' dir='ltr'>graviter</span> <span class='ocrx_word' id='word_1_137' title='bbox 480 3057 613 3128; x_wconf 82' lang='lat' dir='ltr'>affectae</span> <span class='ocrx_word' id='word_1_138' title='bbox 635 3056 762 3128; x_wconf 86' lang='lat' dir='ltr'>mentis</span> <span class='ocrx_word' id='word_1_139' title='bbox 783 3055 967 3146; x_wconf 84' lang='lat' dir='ltr'>intelligas.</span> <span class='ocrx_word' id='word_1_140' title='bbox 989 3057 1085 3127; x_wconf 90' lang='lat' dir='ltr'>Vale.</span> 
     </span>
    </p>
   </div>
   <div class='ocr_carea' id='block_1_6' title="bbox 304 3227 1161 3998">
    <p class='ocr_par' dir='ltr' id='par_1_6' title="bbox 305 3227 1037 3405">
     <span class='ocr_line' id='line_1_21' title="bbox 305 3227 1037 3294; baseline -0.004 0"><span class='ocrx_word' id='word_1_141' title='bbox 305 3229 384 3294; x_wconf 86' lang='lat' dir='ltr'>Valle</span> <span class='ocrx_word' id='word_1_142' title='bbox 401 3231 485 3292; x_wconf 86' lang='lat' dir='ltr'>locas</span> <span class='ocrx_word' id='word_1_143' title='bbox 503 3229 607 3292; x_wconf 88' lang='lat' dir='ltr'>Clausa</span> <span class='ocrx_word' id='word_1_144' title='bbox 623 3233 687 3290; x_wconf 87' lang='lat' dir='ltr'>toto</span> <span class='ocrx_word' id='word_1_145' title='bbox 705 3227 782 3290; x_wconf 89' lang='lat' dir='ltr'>mihi</span> <span class='ocrx_word' id='word_1_146' title='bbox 798 3227 898 3291; x_wconf 85' lang='lat' dir='ltr'>nullos</span> <span class='ocrx_word' id='word_1_147' title='bbox 915 3229 946 3290; x_wconf 96' lang='lat' dir='ltr'>in</span> <span class='ocrx_word' id='word_1_148' title='bbox 963 3229 1037 3291; x_wconf 87' lang='lat' dir='ltr'>orbe</span> 
     </span>
     <span class='ocr_line' id='line_1_22' title="bbox 347 3325 952 3405; baseline -0.005 -13"><span class='ocrx_word' id='word_1_149' title='bbox 347 3328 465 3392; x_wconf 87' lang='lat' dir='ltr'>Gratior</span> <span class='ocrx_word' id='word_1_150' title='bbox 482 3332 535 3389; x_wconf 86' lang='lat' dir='ltr'>ant</span> <span class='ocrx_word' id='word_1_151' title='bbox 551 3325 659 3389; x_wconf 90' lang='lat' dir='ltr'>studiis</span> <span class='ocrx_word' id='word_1_152' title='bbox 677 3325 775 3405; x_wconf 86' lang='lat' dir='ltr'>aptior</span> <span class='ocrx_word' id='word_1_153' title='bbox 793 3341 846 3388; x_wconf 92' lang='lat' dir='ltr'>ora</span> <span class='ocrx_word' id='word_1_154' title='bbox 864 3326 952 3390; x_wconf 89' lang='lat' dir='ltr'>meis.</span> 
     </span>
    </p>

    <p class='ocr_par' dir='ltr' id='par_1_7' title="bbox 304 3423 1161 3620">
     <span class='ocr_line' id='line_1_23' title="bbox 304 3423 1161 3504; baseline -0.002 -12"><span class='ocrx_word' id='word_1_155' title='bbox 304 3428 384 3492; x_wconf 87' lang='lat' dir='ltr'>Valle</span> <span class='ocrx_word' id='word_1_156' title='bbox 400 3443 478 3504; x_wconf 85' lang='lat' dir='ltr'>puer</span> <span class='ocrx_word' id='word_1_157' title='bbox 495 3425 601 3489; x_wconf 83' lang='lat' dir='ltr'>Clausa</span> <span class='ocrx_word' id='word_1_158' title='bbox 617 3423 753 3500; x_wconf 85' lang='lat' dir='ltr'>ineram,</span> <span class='ocrx_word' id='word_1_159' title='bbox 772 3423 981 3503; x_wconf 89' lang='lat' dir='ltr'>iuvenemque</span> <span class='ocrx_word' id='word_1_160' title='bbox 999 3442 1161 3490; x_wconf 87' lang='lat' dir='ltr'>reversum</span> 
     </span>
     <span class='ocr_line' id='line_1_24' title="bbox 345 3509 929 3620; baseline -0.005 -32"><span class='ocrx_word' id='word_1_161' title='bbox 345 3509 438 3588; x_wconf 72' lang='lat' dir='ltr'>Fovit&#39;</span> <span class='ocrx_word' id='word_1_162' title='bbox 450 3527 481 3587; x_wconf 92' lang='lat' dir='ltr'>in</span> <span class='ocrx_word' id='word_1_163' title='bbox 499 3525 601 3620; x_wconf 73' lang='lat' dir='ltr'>aprico</span> <span class='ocrx_word' id='word_1_164' title='bbox 619 3523 705 3587; x_wconf 90' lang='lat' dir='ltr'>vallis</span> <span class='ocrx_word' id='word_1_165' title='bbox 722 3539 840 3586; x_wconf 71' lang='lat' dir='ltr'>amoena</span> <span class='ocrx_word' id='word_1_166' title='bbox 859 3524 929 3585; x_wconf 89' lang='lat' dir='ltr'>situ.</span> 
     </span>
    </p>

    <p class='ocr_par' dir='ltr' id='par_1_8' title="bbox 304 3622 1035 3799">
     <span class='ocr_line' id='line_1_25' title="bbox 304 3622 1035 3686; baseline -0.001 -1"><span class='ocrx_word' id='word_1_167' title='bbox 304 3622 382 3685; x_wconf 90' lang='lat' dir='ltr'>Valle</span> <span class='ocrx_word' id='word_1_168' title='bbox 401 3625 450 3686; x_wconf 92' lang='lat' dir='ltr'>vir</span> <span class='ocrx_word' id='word_1_169' title='bbox 467 3623 498 3686; x_wconf 93' lang='lat' dir='ltr'>in</span> <span class='ocrx_word' id='word_1_170' title='bbox 516 3622 621 3686; x_wconf 82' lang='lat' dir='ltr'>Clausa</span> <span class='ocrx_word' id='word_1_171' title='bbox 639 3623 781 3684; x_wconf 88' lang='lat' dir='ltr'>meliores</span> <span class='ocrx_word' id='word_1_172' title='bbox 799 3623 925 3684; x_wconf 88' lang='lat' dir='ltr'>dulciter</span> <span class='ocrx_word' id='word_1_173' title='bbox 942 3639 1035 3684; x_wconf 90' lang='lat' dir='ltr'>annos</span> 
     </span>
     <span class='ocr_line' id='line_1_26' title="bbox 345 3721 898 3799; baseline -0.002 -15"><span class='ocrx_word' id='word_1_174' title='bbox 345 3722 452 3799; x_wconf 80' lang='lat' dir='ltr'>Exegi,</span> <span class='ocrx_word' id='word_1_175' title='bbox 471 3728 500 3783; x_wconf 91' lang='lat' dir='ltr'>et</span> <span class='ocrx_word' id='word_1_176' title='bbox 518 3721 590 3784; x_wconf 81' lang='lat' dir='ltr'>vite</span> <span class='ocrx_word' id='word_1_177' title='bbox 606 3721 728 3784; x_wconf 88' lang='lat' dir='ltr'>candida</span> <span class='ocrx_word' id='word_1_178' title='bbox 745 3722 794 3783; x_wconf 87' lang='lat' dir='ltr'>fila</span> <span class='ocrx_word' id='word_1_179' title='bbox 811 3737 898 3783; x_wconf 84' lang='lat' dir='ltr'>meae.</span> 
     </span>
    </p>

    <p class='ocr_par' dir='ltr' id='par_1_9' title="bbox 304 3820 1076 3998">
     <span class='ocr_line' id='line_1_27' title="bbox 304 3820 1076 3900; baseline -0.003 -18"><span class='ocrx_word' id='word_1_180' title='bbox 304 3820 384 3883; x_wconf 83' lang='lat' dir='ltr'>Valle</span> <span class='ocrx_word' id='word_1_181' title='bbox 401 3837 494 3884; x_wconf 83' lang='lat' dir='ltr'>senex</span> <span class='ocrx_word' id='word_1_182' title='bbox 510 3820 614 3884; x_wconf 83' lang='lat' dir='ltr'>Clausa</span> <span class='ocrx_word' id='word_1_183' title='bbox 632 3835 812 3900; x_wconf 87' lang='lat' dir='ltr'>supremum</span> <span class='ocrx_word' id='word_1_184' title='bbox 828 3821 939 3883; x_wconf 86' lang='lat' dir='ltr'>ducere</span> <span class='ocrx_word' id='word_1_185' title='bbox 956 3824 1076 3899; x_wconf 88' lang='lat' dir='ltr'>tempus</span> 
     </span>
     <span class='ocr_line' id='line_1_28' title="bbox 343 3918 972 3998; baseline -0.002 -16"><span class='ocrx_word' id='word_1_186' title='bbox 343 3919 379 3982; x_wconf 84' lang='lat' dir='ltr'>Et</span> <span class='ocrx_word' id='word_1_187' title='bbox 395 3920 495 3983; x_wconf 89' lang='lat' dir='ltr'>clausa</span> <span class='ocrx_word' id='word_1_188' title='bbox 511 3919 615 3998; x_wconf 83' lang='lat' dir='ltr'>cupio,</span> <span class='ocrx_word' id='word_1_189' title='bbox 633 3925 663 3982; x_wconf 89' lang='lat' dir='ltr'>te</span> <span class='ocrx_word' id='word_1_190' title='bbox 681 3920 771 3997; x_wconf 87' lang='lat' dir='ltr'>duce,</span> <span class='ocrx_word' id='word_1_191' title='bbox 789 3919 865 3984; x_wconf 89' lang='lat' dir='ltr'>valle</span> <span class='ocrx_word' id='word_1_192' title='bbox 882 3918 972 3982; x_wconf 86' lang='lat' dir='ltr'>mori.</span> 
     </span>
    </p>
   </div>
   <div class='ocr_carea' id='block_1_7' title="bbox 647 4131 719 4141">
    <p class='ocr_par' dir='ltr' id='par_1_10' title="bbox 647 4131 719 4141">
     <span class='ocr_line' id='line_1_29' title="bbox 647 4131 719 4141; baseline 0 0"><span class='ocrx_word' id='word_1_193' title='bbox 647 4131 719 4141; x_wconf 64' lang='lat'>...-</span> 
     </span>
    </p>
   </div>
   <div class='ocr_carea' id='block_1_8' title="bbox 0 0 1498 4800">
    <p class='ocr_par' dir='ltr' id='par_1_11' title="bbox 0 0 1498 4800">
     <span class='ocr_line' id='line_1_30' title="bbox 0 0 1498 4800; baseline 0 6"><span class='ocrx_word' id='word_1_194' title='bbox 0 0 1498 4800; x_wconf 95' lang='lat' dir='ltr'> </span> 
     </span>
    </p>
   </div>
  </div>
 </body>
</html>
