3078 4798
239 350 298 413 330
581 361 622 408 nn
644 361 745 410 nunus
766 359 989 409 rsuurtnmus

238 496 394 569 burdiam
416 498 559 589 vulgus,
581 495 672 568 docti
699 503 816 566 autem
838 495 1029 587 Liguriam,
1054 496 1236 583 AEmiliam,
1259 499 1328 570 Ve-

238 623 366 692 netiam
387 627 575 704 recantet
592 617 762 713 quidquid
779 616 885 710 Alpes
903 615 1193 714 Apenninumque
1212 630 1249 692 et
1265 643 1327 693 au-

240 744 371 837 tiquum
386 743 492 814 ltaliae
507 741 692 813 terminum
706 738 918 812 Rubiconem
932 739 1124 827 interiacet,
1147 753 1217 815 tota
1238 765 1326 836 pene

239 888 345 959 quam
372 886 497 956 magna
522 876 578 934 est
603 862 786 958 tyrannide
811 861 981 956 premitur
1007 863 1205 936 immortali:
1226 866 1324 938 cuius

238 988 341 1059 etiam
364 987 419 1057 illa
440 1008 521 1080 pars
540 1007 622 1079 quae
642 1006 803 1056 occasum
827 983 1016 1076 respiciens
1035 983 1102 1056 sub
1119 987 1211 1059 Pede
1228 1009 1325 1060 mon-

239 1113 323 1183 tium
346 1110 444 1182 sedet
462 1110 513 1204 (ol
530 1111 679 1181 sortnnae
700 1107 833 1201 taedia),
854 1109 942 1179 tactu
959 1116 1016 1179 est
1034 1108 1324 1203 transalpinorum
1396 1165 1406 1171 .

239 1233 396 1308 accessio
416 1242 659 1328 tyrannorum3
680 1241 785 1323 atque
805 1229 852 1302 ita
873 1251 917 1302 ne
938 1229 984 1300 ibi
1005 1229 1147 1324 quidem
1168 1231 1325 1304 invenies

239 1355 297 1428 ubi
320 1355 459 1426 virtutis
482 1353 615 1425 amicus
636 1361 740 1446 atque
760 1351 820 1423 otii
841 1352 1053 1445 acquiescat,
1076 1362 1204 1449 praeter
1230 1355 1326 1426 nobi-

239 1478 409 1549 lissimam
431 1476 523 1546 illam
542 1475 755 1548 Venetorum
784 1471 920 1559 urbem,
947 1495 1028 1566 quae
1054 1473 1134 1546 licet
1157 1474 1325 1546 hactenus

242 1600 380 1670 unicum
400 1598 570 1669 libertatis
597 1620 637 1670 ac
664 1597 804 1668 iustitiae
831 1599 995 1690 templum
1019 1598 1135 1681 suerit,
1156 1619 1250 1668 nunc
1276 1608 1325 1669 ta-

241 1743 320 1792 men
351 1730 446 1792 tanto
476 1719 557 1790 belli
583 1729 678 1792 metu
706 1712 888 1812 quatitur,¹
918 1730 956 1790 ut
983 1728 1168 1812 praeterea,
1191 1729 1326 1792 utcum-

239 1864 308 1934 que
341 1864 461 1934 pacem
494 1843 675 1934 pristinam
711 1842 868 1935 recipiat,
898 1864 943 1912 an
968 1864 1010 1914 ea
1037 1842 1141 1914 sedes
1168 1841 1230 1912 tibi
1255 1843 1327 1935 pla·

239 1985 318 2036 cere
350 1964 461 2056 possit
493 1965 529 2034 in
560 1962 668 2035 dubio
698 1964 776 2036 sim.
810 1963 935 2036 Tuscia
960 1965 1041 2035 olim
1069 1975 1240 2035 terrarum
1265 1963 1328 2033 llo-

241 2085 453 2170 rentissima,
468 2106 548 2179 quae
570 2097 607 2157 ut
628 2085 748 2159 Livius
770 2086 926 2158 meminit
945 2089 1037 2158 fama
1055 2085 1204 2157 nominis
1224 2097 1327 2178 atque

239 2231 344 2303 opum
359 2207 524 2280 universa
541 2211 792 2301 compleverat,
807 2209 907 2280 cuius
926 2210 1028 2301 longe
1045 2218 1127 2281 ante
1144 2230 1327 2281 romanum

239 2332 421 2426 imperium
448 2332 593 2405 felicitas
616 2344 746 2426 quanta
779 2333 843 2404 luit
876 2333 984 2404 multa
1016 2340 1202 2415 testantur;
1223 2340 1327 2424 atque

240 2452 323 2526 illud
345 2454 379 2525 in
401 2455 536 2549 primis,
559 2456 753 2547 quodcum
774 2453 974 2529 duomaria
999 2475 1080 2547 quae
1103 2453 1236 2526 ltaliam
1257 2452 1328 2524 cin·

242 2586 342 2670 gunt,
365 2577 560 2648 innumerae
585 2588 708 2671 gentes
735 2582 903 2662 accolunt,
927 2576 1052 2649 Tuscia
1074 2577 1147 2655 sola
1167 2573 1328 2668 patienti-

243 2698 309 2771 bus
332 2699 481 2780 cunctis,
510 2708 659 2793 utroque
685 2702 808 2794 pelago
834 2721 959 2771 nomen
980 2698 1078 2772 dedit
1097 2719 1177 2768 cum
1199 2696 1328 2768 saeculo

241 2822 461 2907 duraturum,
486 2823 588 2895 hodie
614 2823 702 2893 inter
728 2822 928 2913 ambiguam
949 2820 1145 2893 libertatem
1166 2815 1329 2890 formida·

243 2957 385 3036 tumque
411 2944 594 3014 servitium
621 2941 779 3016 titubanti
807 2943 958 3034 vestigio
989 2964 1095 3037 quam
1128 2943 1163 3011 in
1196 2949 1327 3033 partem

242 3085 369 3137 casura
395 3066 441 3135 sit
464 3064 610 3137 dubitat.
637 3065 799 3138 Meritimi
821 3065 983 3157 Ligures,
1006 3065 1107 3136 Floro
1130 3073 1238 3144 teste,
1259 3062 1329 3133 Va·

244 3209 320 3258 rum
347 3187 436 3259 inter
461 3210 502 3260 ac
527 3170 679 3260 Macram
700 3187 911 3272 habitantes,
934 3208 1083 3281 quorum
1109 3187 1189 3262 olim
1211 3183 1330 3255 Albin-

245 3331 407 3400 gaunum,
428 3312 530 3385 hodie
548 3323 653 3408 caput
669 3321 725 3384 est
745 3313 865 3395 lanua,
889 3311 935 3382 ita
957 3333 1014 3383 res
1037 3333 1121 3383 suas
1147 3318 1255 3402 agunt
1281 3307 1331 3380 sic

247 3446 403 3529 tempora
435 3438 642 3531 partiuntur,
683 3445 739 3528 nt,
779 3433 1031 3507 consuetudine
1065 3434 1132 3505 iam
1167 3439 1327 3513 vetusta,

337 3643 345 3676 ¹
363 3645 394 3695 In
408 3645 465 3696 Cod.
480 3645 508 3696 X.
524 3645 590 3696 ΡΜ.
601 3644 686 3711 ml.
698 3645 752 3696 Sin.
761 3644 827 3694 Bibl.
839 3643 957 3693 laurent.
968 3643 1011 3708 qui
1024 3642 1071 3706 tuit
1084 3639 1168 3691 lucebi
1176 3653 1221 3690 sau
1230 3639 1291 3706 Lepi
1301 3637 1331 3687 de

247 3726 449 3790 Castipltonalio,
462 3725 495 3775 ud
507 3725 574 3776 verb.
587 3725 703 3785 Quatitur
714 3723 814 3786 lapitas,
829 3723 907 3787 ipsius
919 3737 996 3773 muna
1007 3724 1109 3787 scripta,
1122 3723 1174 3772 ltoec
1186 3717 1330 3770 adnotatio:

245 3808 307 3857 llum
322 3805 387 3856 banc
399 3806 533 3873 epistelam
545 3805 578 3856 de
591 3817 657 3856 noro
673 3805 765 3857 Puduae
781 3805 893 3869 legerem
912 3818 960 3869 ego
977 3805 1061 3870 Lepus
1077 3805 1110 3856 de
1126 3800 1331 3866 castiglionebio,

245 3886 391 3950 supervenit
403 3900 434 3936 eo
446 3891 499 3936 tum
512 3899 619 3948 norum,
632 3885 701 3950 quod
714 3885 822 3949 inclytus
836 3897 881 3936 rex
895 3884 1009 3946 Ungariac
1025 3891 1052 3935 et
1065 3884 1204 3934 lanuenses
1217 3886 1243 3930 et
1254 3879 1333 3929 domi·

245 3976 293 4014 nus
307 3964 440 4014 l’aduanus
451 3968 477 4013 et
490 3961 532 4013 alil
543 3963 583 4014 sul
595 3961 705 4027 colligatl
719 3967 927 4027 expugnaverunt
939 3969 1034 4013 terram
1045 3961 1171 4026 cntoggiae
1182 3965 1208 4012 et
1220 3955 1334 4010 obtinue-

244 4049 312 4094 runt.
325 4043 378 4094 Res
389 4043 483 4107 quippe
494 4043 622 4093 miranda:
639 4049 700 4094 tunc
711 4055 788 4108 snper
799 4043 849 4092 isto
861 4042 937 4093 verbo
950 4043 1062 4106 plectitur
1078 4041 1145 4092 dlxi:
1162 4041 1185 4092 sl
1198 4035 1334 4090 petrarcha

245 4129 332 4172 auctor
347 4123 452 4172 istorum
465 4123 626 4186 epistolarum
640 4122 751 4184 vireret,
764 4123 833 4174 aliud
849 4123 925 4173 modo
943 4123 1054 4174 diceret:
1072 4128 1159 4186 posset
1175 4122 1260 4172 dicere
1277 4129 1334 4167 con·

244 4205 387 4265 quassetur.
