2958 4804
250 326 309 388 200
581 342 621 388 nu
643 343 743 392 nunus
765 343 984 394 rnuruunmus

248 474 395 546 ctionem
424 477 620 547 laventibus
652 478 774 550 animis
808 479 1025 558 accedentes.
1053 481 1316 554 examinandam

249 598 421 691 petitionis
439 620 525 671 meae
545 622 714 672 summam
737 603 771 672 in
792 627 868 674 eam
891 613 1022 700 partem
1049 604 1153 676 animi
1177 605 1318 678 induca-

250 722 308 805 tis,
330 743 426 814 quae,
446 732 483 791 ut
502 722 589 806 dixi,
608 726 761 797 omnium
783 728 983 821 passionum
1004 728 1237 799 humanarum
1256 750 1316 811 ne-

249 844 347 917 bulas
370 865 602 938 supergrcssa
621 857 685 918 cst.
708 849 751 920 Ut
772 854 890 922 valeas
911 861 1002 945 opto.

390 989 432 1042 Ad
447 990 550 1044 sontem
565 990 667 1061 Sorgiae
681 991 728 1045 lx.
746 992 884 1047 Kalendas
899 993 980 1047 lunii.

749 1194 823 1204 ——..

659 1403 834 1471 EPISTOLA
856 1407 912 1468 llll.

331 1616 523 1664 rnuuuscus
546 1615 712 1666 rurnnncn
735 1617 871 1665 znuonro
891 1617 1091 1668 ruoanurruo
1108 1619 1134 1667 s.
1155 1619 1185 1668 n.
1206 1622 1238 1670 n.

247 1804 354 1862 Laudat
368 1803 441 1875 quod
456 1803 561 1857 Nicolai
575 1803 704 1858 Acciaioli
718 1805 831 1858 consilio
845 1804 927 1860 merit
941 1806 1126 1878 obsequutus‚
1142 1808 1223 1880 eique
1238 1825 1321 1881 quem

318 1909 369 1964 pro
382 1893 488 1947 meritis
498 1893 629 1962 celebrat,
640 1911 669 1948 se
682 1895 825 1966 epistolam
835 1895 951 1949 dictasse
966 1897 1088 1950 nunciat.
1100 1895 1183 1951 Notat
1192 1898 1323 1968 exiguum

317 1983 346 2035 in
365 1982 485 2036 carmine
504 1981 538 2036 ab
557 1999 589 2036 eo
608 1982 760 2036 admissum
775 1999 908 2038 errorem.
925 1985 1014 2056 Rogat
1027 1990 1059 2039 ut
1077 1985 1246 2058 scriptorum
1262 2003 1322 2043 suo·

317 2090 381 2127 rum
391 2073 578 2127 defensionem
589 2074 719 2145 suscipiat
732 2073 865 2128 adversus
880 2073 996 2143 invidos,
1006 2076 1133 2146 aquibus
1146 2077 1213 2130 satis
1226 2091 1322 2132 cavere

318 2162 424 2238 nequit.

346 2435 472 2520 Quanti
492 2437 613 2508 faciam
631 2435 724 2530 quod
742 2459 762 2508 a
780 2447 814 2507 te
834 2436 919 2507 tanti
937 2434 1025 2520 fiam,
1043 2435 1138 2507 baud
1154 2435 1252 2506 lacile
1270 2432 1323 2503 di-

248 2557 371 2628 xerim.
392 2555 522 2630 Auctor
542 2558 603 2629 tibi
626 2560 756 2629 fueram
779 2558 923 2652 patriam
956 2557 1002 2629 ad
1032 2567 1182 2652 tempus,
1206 2579 1323 2649 gram-

249 2678 384 2750 maticae
405 2680 541 2751 scholas
563 2681 596 2750 in
618 2689 822 2774 perpetuum
845 2679 1071 2772 relinquendi.
1095 2677 1245 2749 Paruisti
1268 2677 1322 2748 di-

248 2808 304 2870 cto
321 2822 426 2894 prope
446 2802 556 2884 ocius,
579 2802 758 2894 nodosque
779 2801 997 2895 praevalidos
1014 2799 1076 2873 soli
1093 2799 1218 2871 natalis
1238 2799 1322 2870 affe

249 2932 343 2993 ctum
367 2933 402 2994 et
427 2923 687 3010 consuetudinis
714 2925 785 2995 vim
806 2923 989 3015 magnifice
1013 2921 1222 3014 confregisti.
1250 2923 1321 2992 lam

250 3044 311 3114 tibi
330 3044 482 3115 debitam
503 3044 695 3116 libertatem
713 3067 784 3138 quo
801 3047 912 3117 serius
930 3067 972 3118 eo
989 3044 1126 3116 dulcius
1143 3053 1252 3117 tenes.
1271 3044 1322 3114 Si-

249 3167 408 3239 cutenim
421 3167 506 3239 nulli
520 3168 671 3240 servitus
682 3169 832 3240 amarior
843 3190 947 3262 quam
962 3169 1152 3240 libertatern
1166 3177 1320 3261 experto,

251 3293 302 3363 sic
318 3291 401 3362 nulli
417 3291 549 3364 dulcior
565 3304 620 3364 est
639 3294 794 3378 libertas¹
819 3315 923 3387 quam
942 3292 1145 3364 servitutem
1166 3291 1324 3387 praeteri-

251 3426 321 3486 tam
358 3414 532 3488 recolenti.
570 3416 742 3488 Secundet
774 3418 867 3488 Deus
900 3415 1116 3508 omnipotens
1141 3414 1322 3486 consilium

251 3559 366 3609 meum
381 3537 658 3631 obsequiumque
676 3549 782 3625 tuum,
796 3549 832 3610 et
847 3539 957 3621 faciet,
979 3560 1091 3632 spero.
1107 3537 1324 3617 Salutileram

252 3661 296 3732 ad
320 3660 479 3753 umbram
504 3662 708 3734 consedisti:
729 3662 861 3734 auctior
881 3661 1095 3754 alacriorque
1118 3681 1324 3752 consurges.

251 3784 355 3878 Apud
374 3807 430 3856 me
449 3794 543 3857 certe
566 3785 634 3857 iam
660 3807 752 3856 nunc
783 3794 819 3855 et
845 3784 977 3857 bonore
996 3784 1132 3875 dignior
1159 3792 1196 3853 et
1226 3783 1325 3854 titulo

251 3906 387 3991 clarior,
408 3929 521 3999 neque
542 3907 626 3977 mibi
647 3917 778 3978 tantum
797 3907 1042 3999 grammaticus
1068 3906 1130 3978 sed
1152 3913 1255 3998 poeta
1273 3924 1324 3974 es.

253 4029 400 4100 Litteras
416 4030 507 4102 illius
528 4031 594 4100 viri
611 4031 731 4126 optimi
750 4030 894 4102 maximi
913 4052 992 4101 cum
1010 4027 1079 4100 tuis
1099 4026 1226 4120 accepi,
1249 4025 1327 4119 qui—

253 4149 320 4226 bus
333 4151 415 4242 quid
432 4153 553 4224 faciam
572 4153 699 4225 dubius
718 4175 805 4225 sum.
824 4153 859 4222 Si
875 4153 968 4228 enim
986 4151 1215 4245 respondeam
1232 4149 1326 4246 quod
