2988 4800
403 359 495 406 uranu
518 359 942 408 anennumus.-nelsnnnn
966 361 1005 406 n.
1191 351 1238 410 tal

164 491 256 562 licior
276 491 443 575 Platonis,
466 514 570 585 quam
592 494 687 564 Plato
722 493 872 564 Socratis
899 495 1074 579 convictu,
1103 497 1152 566 sic
1178 518 1244 587 ego

164 624 219 686 tua
241 615 388 684 multum
407 613 557 686 amicitia
578 613 718 698 felicior,
742 615 847 706 quam
870 625 905 686 tu
924 637 1012 688 mea.
1028 618 1157 688 Verum
1179 619 1245 689 ista

129 743 132 750 '
163 746 343 828 preetereo,
359 756 440 830 quae
455 739 597 821 nullum,
616 737 685 808 nisi
702 746 735 807 te
750 760 866 822 unum,
883 739 1126 812 adversarium
1144 741 1245 814 inve·

163 859 285 932 nirent.
307 860 362 932 Ad
394 883 564 932 summam
594 860 642 932 rei
668 833 787 932 venio:
815 861 931 948 Sensi,
967 863 1091 946 lateor,
1126 865 1245 936 nescio

163 983 245 1075 quid
277 983 371 1054 vivae
401 984 595 1056 dulcedinis
628 984 785 1078 epistolae
820 984 910 1056 illius
943 985 1111 1070 adventu,
1148 989 1244 1059 velut

162 1107 235 1200 ipse
262 1107 401 1191 afferes,
424 1129 494 1200 quo
514 1106 597 1178 nihil
616 1107 731 1178 animo
752 1129 829 1180 mec
850 1110 983 1200 gratius
1004 1131 1085 1181 esse
1107 1124 1242 1204 posset;

162 1229 227 1301 nisi
251 1229 424 1322 quianon
446 1251 523 1301 sum
546 1252 659 1323 usque
680 1231 768 1302 adeo
789 1240 849 1303 aut
875 1232 940 1302 nei
967 1253 1088 1304 amans
1109 1243 1170 1304 aut
1196 1236 1242 1306 tui

162 1329 357 1444 negligens,
382 1360 442 1439 ut,
471 1354 567 1446 quod
597 1354 725 1424 AEneas
756 1353 877 1448 patriae
909 1354 1045 1450 pietati,
1082 1335 1243 1450 Orpheus

161 1473 333 1564 coniugi0,
370 1473 526 1544 Theseus
557 1471 716 1544 amicitiae
748 1471 956 1568 praestitisse
976 1486 1180 1560 narrantur,
1209 1475 1243 1548 id

163 1606 194 1668 te
212 1603 381 1691 praestare
402 1596 521 1680 velim,
544 1604 582 1665 ut
604 1596 733 1667 scilicet
756 1595 791 1666 in
817 1595 995 1668 Tartarum
1030 1619 1085 1670 me
1118 1620 1243 1692 sequa-

161 1721 221 1804 ne,
246 1730 295 1803 et,
318 1727 356 1790 ut
378 1719 630 1814 scriptumest,
653 1719 847 1792 descendas
865 1720 900 1791 in
918 1722 1089 1792 infernum
1105 1720 1241 1794 vivens.

160 1843 212 1914 Dii
247 1841 380 1914 laetiora
410 1843 537 1912 ferant:
571 1843 661 1914 malo
695 1844 729 1913 in
762 1845 889 1915 caelum
910 1843 1101 1915 ascendant
1120 1867 1242 1939 preces

163 1976 242 2036 tuae.
265 1964 421 2050 Quande,
445 1974 482 2036 ut
501 1967 606 2050 soloe,
625 1967 749 2051 Deum,
769 1967 828 2060 qui
849 1976 882 2037 te
900 1989 1020 2038 mensa
1039 1990 1103 2038 sua
1119 1967 1243 2060 digna-

160 2096 215 2159 tus
248 2097 319 2174 est,
354 2089 563 2162 familiariter
598 2090 795 2182 alloqueris,
818 2111 891 2173 ora,
914 2111 1048 2181 quaese,
1073 2100 1111 2161 ut
1130 2113 1243 2162 emer-

160 2233 239 2302 gam
261 2210 358 2295 hinc,
389 2211 420 2283 si
439 2235 507 2305 qua
541 2224 597 2284 est
621 2213 679 2283 via
706 2213 752 2283 ad
786 2233 931 2308 superos
953 2211 1132 2284 redeundi.
1156 2214 1243 2306 Opto

158 2343 273 2406 autem
288 2343 335 2417 ut,
351 2334 519 2428 quidquid
536 2335 581 2406 de
602 2358 659 2406 me
677 2337 744 2407 fata
760 2334 987 2419 decreverint,
1004 2355 1145 2405 maneas
1160 2356 1240 2426 pars

158 2457 287 2552 optima
308 2457 430 2542 nostri,
452 2467 487 2529 et
505 2461 593 2530 coelo
613 2457 725 2552 patrio
746 2458 828 2528 felix
849 2456 961 2528 vivas.
983 2458 1079 2526 Vale.

303 2602 436 2658 Kalendis
450 2603 561 2674 npnns.

664 2819 739 2830 η.-

588 3043 764 3107 EPISTULA
785 3043 818 3105 X.

228 3250 424 3300 FlldNClSCUS
446 3249 614 3300 Pnaalucl
634 3251 767 3300 IOHANNI
786 3253 827 3301 DE
849 3251 1017 3303 cnurllno
1039 3253 1064 3301 S.
1089 3255 1115 3302 P.
1139 3255 1168 3302 D.

179 3426 279 3481 Scribit
294 3443 329 3481 ne
344 3426 445 3498 oblitus
460 3426 520 3481 eius
534 3425 674 3494 videatur,
690 3429 717 3478 et
731 3424 805 3479 dolet
819 3441 848 3479 se
863 3425 953 3479 adhuc
968 3425 1073 3480 versari
1088 3425 1117 3479 in
1133 3426 1218 3480 curia.

255 3690 306 3761 Ne
333 3689 549 3785 praeleritum
579 3700 612 3762 te
638 3702 778 3783 putares
805 3691 919 3763 omnia
945 3690 1024 3775 leni,
1049 3700 1087 3760 ut
1109 3691 1237 3782 aliquid

159 3812 332 3884 mitterem
353 3834 491 3906 quoque
513 3811 573 3883 tihi
595 3836 656 3908 per
677 3813 768 3884 hunc
788 3813 962 3885 nuntium:
985 3812 1047 3883 sed
1069 3811 1143 3883 sive
1163 3813 1239 3881 lue-

160 3935 201 4005 rit
223 3933 377 4006 brevitas
399 3935 577 4028 temperis
607 3935 682 4006 sive
710 3957 825 4006 rerum
852 3935 1011 4029 penuria,
1037 3935 1112 4005 sive
1138 3955 1239 4004 cura-

160 4078 234 4126 rum
266 4057 378 4152 copia,
413 4059 497 4152 quib
525 4082 541 4130 s
576 4060 676 4131 solito
703 4081 793 4130 nunc
820 4058 963 4151 gravius
984 4081 1138 4156 premor,
1163 4057 1237 4130 sive
1285 4039 1288 4046 “

159 4179 261 4250 etiarn
283 4180 355 4252 vivi
378 4203 458 4274 spes
480 4039 605 4341 banda
626 4182 796 4275 colloquii,
822 4194 923 4276 teque
944 4183 976 4254 in
997 4184 1159 4278 proximo
1186 4204 1239 4251 re-

537 4346 545 4380 l
