3062 4798
370 368 461 416 arnan
485 363 1002 416 suentuusnncntus.-snrsuonl
1024 367 1086 415 vlft.
1210 354 1267 414 tto

186 521 254 574 non
274 519 417 592 possum
431 518 585 593 corpore,
605 499 728 570 saltem
747 497 977 570 moribundus
995 499 1166 572 incumbo.
1183 501 1266 570 Car·

186 621 333 694 naadcm
357 629 536 692 senectute
559 619 678 692 ultima
702 619 972 712 frigescentibus
997 620 1161 694 membris
1182 621 1266 694 inae·

186 742 351 816 stimabili
371 742 496 816 ardore
517 739 635 826 animi,
658 740 860 834 inexplebili
880 741 1072 814 litterarum
1091 743 1146 814 siti
1169 765 1265 839 saepe

185 867 253 939 cibi
273 864 436 938 videmus
462 864 718 949 immemorem,
749 874 785 936 et
806 865 836 935 si
857 866 1020 937 ancillare
1046 866 1139 938 desit
1162 867 1264 938 obse·

185 989 320 1085 quium,
348 990 437 1061 inter
462 990 584 1084 epulas
603 989 720 1058 forsan
748 987 864 1059 inedia
881 987 1106 1059 defecturum.
1126 990 1266 1060 Nullum

153 1167 157 1176 .
187 1120 305 1184 tamen
318 1132 365 1182 ex
381 1110 544 1182 omnibus
561 1111 761 1203 exemplum
780 1108 907 1181 clarius
920 1131 1024 1202 quarn
1044 1131 1193 1202 magnus
1210 1111 1273 1181 illc-

187 1235 305 1326 legifcr
321 1234 440 1318 Solon,
459 1233 519 1325 qui
541 1253 704 1328 supremo
725 1231 782 1303 die
802 1231 893 1303 circa
914 1233 1078 1304 lectulum
1101 1253 1213 1317 suum,
1232 1233 1267 1302 in

187 1376 257 1449 quo
276 1355 351 1448 ipse
372 1355 440 1427 iam
460 1356 608 1427 animam
629 1352 764 1446 agebat,
784 1352 1041 1443 disputantibus
1058 1355 1192 1438 amiciS,
1212 1375 1267 1426 se-

187 1479 356 1551 mivivum
381 1487 485 1571 caput
508 1449 653 1562 extulit,
678 1488 715 1548 et
739 1475 979 1570 quaerentibus
1001 1475 1128 1570 inopini
1150 1486 1267 1549 motus

186 1621 328 1674 cansam
350 1600 625 1692 mirantibusque
647 1597 845 1693 respondit,
867 1600 958 1670 velle
981 1619 1019 1670 se
1040 1599 1211 1694 quidquid
1232 1601 1267 1673 id
1303 1629 1307 1637 ·

187 1734 283 1797 osset
302 1723 348 1797 de
371 1743 441 1816 quo
466 1725 689 1816 loquerentur
714 1720 910 1804 addiscere,
932 1732 967 1792 ct
992 1721 1044 1794 sic
1070 1724 1175 1806 mori;
1202 1746 1267 1796 nec

83 1915 88 1928 ,
186 1849 359 1920 immerito
374 1845 542 1920 discendo
556 1845 642 1916 mori
655 1845 778 1928 voluit,
797 1844 858 1938 qni
874 1843 943 1938 (sic
959 1844 1053 1916 enim
1067 1867 1153 1918 vere
1170 1846 1265 1917 illum

186 1967 328 2062 gloriari
347 1968 484 2068 solitum
501 1965 714 2060 accepimus)
729 1965 883 2059 quotidie
900 1965 1068 2038 discendo
1087 1982 1264 2039 senuerat.

186 2093 216 2164 0
240 2089 406 2163 nobilium
432 2089 648 2182 ingeniorum
676 2110 847 2180 generosa
872 2087 1064 2183 cupiditas!
1093 2090 1267 2183 Optabam

186 2215 235 2287 illi
255 2222 394 2286 veteres
410 2213 546 2286 discere
564 2233 633 2283 non
650 2210 766 2282 ditari:
784 2212 894 2283 nostri
911 2222 1028 2283 aulem
1048 2233 1165 2296 senaa,
1185 2235 1266 2285 con-

188 2347 239 2411 tra
259 2358 348 2431 quos
368 2338 443 2410 iure
463 2334 596 2429 optimo
613 2334 744 2406 Tullius
760 2343 956 2420 execratur,
975 2357 1044 2428 quo
1063 2336 1178 2408 minus
1196 2336 1266 2407 viae

187 2470 295 2532 restat
313 2482 356 2534 eu
376 2462 455 2552 plus
472 2457 589 2532 viatici
605 2467 780 2550 quaerunt.
793 2459 908 2530 Placet
924 2457 1030 2550 igitur
1047 2460 1140 2554 quod
1159 2463 1267 2552 vulgo

186 2581 314 2656 dictum
330 2603 425 2677 saepe
438 2582 595 2655 laudavi:
607 2581 725 2654 felices
742 2581 902 2654 homines
923 2582 953 2654 si
972 2593 1040 2654 tam
1060 2581 1266 2676 patrimonio

189 2729 253 2779 suo
269 2709 431 2802 quisquc,
454 2728 558 2799 quam
577 2705 746 2798 sapientia
764 2707 904 2798 propria
921 2706 966 2779 sit
984 2713 1178 2778 contentus.
1197 2704 1267 2775 Sed

189 2851 252 2904 nos
277 2830 406 2923 obliqui
430 2828 688 2902 existimatores
714 2851 830 2902 rerum
857 2837 1055 2902 nostrarum
1075 2828 1143 2900 cito
1165 2825 1265 2898 nobis

188 2954 278 3028 docti
304 2954 550 3046 sapientesque
579 2950 762 3038 videmur,
797 2951 925 3024 divites
958 2973 1043 3024 vero
1076 2972 1263 3044 nunquam.

188 3076 274 3147 Hinc
294 3074 351 3145 illa
368 3076 583 3166 perversitas
601 3086 640 3146 ut
659 3076 817 3168 pecuniae
837 3072 1115 3171 appetentissimi
1137 3074 1264 3157 simus,

188 3205 225 3270 et
249 3194 386 3268 honesti
411 3193 514 3265 studii
543 3206 808 3290 contemptores.
837 3198 906 3269 Cur
937 3219 1060 3292 quaeso
1086 3196 1152 3268 nisi
1184 3197 1265 3291 quia

188 3341 269 3414 quaa
289 3319 414 3391 deesse
435 3318 536 3393 nobis
555 3318 738 3412 opinamur
757 3294 969 3412 appetimus
991 3343 1072 3413 quae
1090 3319 1266 3393 credimus

188 3443 368 3517 abundum
382 3439 614 3533 negligimus?
631 3440 731 3512 Haud
749 3440 918 3515 immerito
930 3443 1088 3536 quidem,
1111 3442 1179 3512 nisi
1196 3445 1266 3513 ele-

187 3567 334 3638 ctionem
355 3563 470 3657 opinio
494 3564 582 3634 falsa
605 3561 834 3654 praecederat,
859 3566 1005 3657 pecunia
1030 3564 1121 3636 enim
1148 3562 1265 3635 multis

188 3707 417 3782 supervacua,
440 3663 558 3756 multis
580 3703 674 3777 saepe
695 3683 888 3767 mortifera,
912 3688 1082 3782 sapientia
1101 3684 1185 3756 nulli
1206 3707 1266 3777 pe-

188 3812 281 3882 nitus
297 3819 391 3882 tanta
403 3818 458 3882 cst
473 3808 557 3902 quin
571 3817 672 3899 egeat
685 3807 861 3902 ampliora.
876 3807 951 3878 Tibi
963 3810 1133 3902 equidem,
1144 3807 1264 3888 amice,

188 3937 343 4028 gratulor
359 3933 453 4026 quod
465 3930 622 4028 pecuniae
636 3952 705 4002 non
720 3932 831 4002 solum
845 3930 961 4003 animo
975 3931 1038 4002 sed
1050 3928 1264 4022 professione

155 4151 157 4155 ι
188 4066 418 4151 contemptor,
442 4053 623 4149 sapientiae
648 4062 765 4126 autem
787 4051 970 4146 atquibus
996 4051 1155 4125 abundas
1176 4051 1265 4124 litte-
1332 4133 1336 4138 ,

189 4201 304 4251 rarum
324 4178 586 4272 cupidissimus,
615 4176 744 4269 quaeris
765 4177 887 4251 sedulo
908 4175 1048 4248 ubinam
1069 4175 1145 4248 illas
1165 4175 1264 4248 inve·-

307 4310 331 4348 u.
1075 4299 1105 4350 fl)
