2958 4804
245 315 306 376 260
583 331 624 378 na
644 329 746 378 naeus
767 330 989 381 rnnnmnarnus

246 468 300 538 vis
320 466 469 537 amicitia
494 473 578 538 vera
603 468 793 539 innumeris
812 465 1098 543 oblectationibus
1119 482 1154 542 et
1173 494 1327 546 eommo-

246 589 301 661 dis
333 589 516 684 abundet),
544 614 613 662 non
638 591 812 663 illecebrae
839 595 1055 686 voluptatum
1087 593 1260 695 (quamvis
1290 606 1327 668 et

248 736 331 785 suas
352 714 531 787 illecebras
552 717 665 787 virtus
691 716 839 811 babeat),
863 717 1012 809 denique
1032 718 1118 787 nihil
1137 717 1240 790 vobis
1259 719 1326 790 nisi

246 839 359 911 virtus
376 839 470 911 nuda
482 841 699 934 proponitur:
718 841 818 912 cuius
837 841 866 910 si
883 841 1156 935 appetentissimi
1173 825 1269 925 estis,
1288 851 1326 912 ut

247 963 338 1032 fama
350 963 523 1055 loquitur,
543 963 698 1032 certatim
719 961 810 1033 illam
828 963 981 1056 arripite,
1001 985 1114 1055 usque
1131 962 1177 1035 ad
1192 963 1324 1034 exitum

248 1085 391 1157 feliciter
412 1085 598 1168 cobaesuri;
619 1084 720 1168 eade,
743 1097 780 1155 ot
800 1107 890 1155 launo
910 1087 1063 1156 bumana
1088 1085 1326 1176 indignationis

247 1209 468 1302 implacabiles
490 1210 599 1278 oculei
616 1209 763 1279 minimis
784 1211 857 1278 licet
877 1211 1119 1303 offensioncolie
1134 1207 1323 1292 irritantur,

246 1357 311 1428 por
325 1336 412 1404 roris
431 1335 593 1426 cooemplis
623 1335 709 1405 laos:
741 1330 916 1425 aliquando
942 1343 1032 1404 lanto
1061 1334 1169 1403 maior
1188 1335 1327 1422 iasomia

248 1482 306 1528 oos
325 1468 449 1542 moreat,
468 1469 590 1548 qooalo
611 1459 720 1528 mr'oor
735 1455 914 1550 impediens
935 1477 1035 1526 causo
1053 1449 1125 1526 ect.¹
1148 1457 1260 1527 Tanta
1276 1467 1329 1528 est

248 1581 341 1652 enim
361 1580 522 1652 amicitiae
541 1579 688 1650 dulcedo
709 1589 748 1650 ut
764 1602 806 1651 ea
826 1578 939 1664 vobis,
958 1580 1038 1650 lieet
1053 1580 1088 1650 in
1101 1580 1238 1651 incultis
1257 1579 1328 1672 epi-

250 1706 349 1774 stolae
363 1724 451 1774 meae
465 1703 570 1787 vasiS,
585 1702 754 1795 apposita,
770 1700 836 1772 nisi
847 1702 981 1773 animos
995 1712 1132 1774 vestros
1146 1714 1330 1795 quantum-

249 1825 334 1896 libet
355 1825 612 1896 stomachantes
635 1824 805 1910 allexerit,
825 1827 1020 1898 verendum
1042 1826 1087 1896 sit
1107 1847 1152 1896 ne
1171 1836 1330 1897 nontam

250 1947 327 2029 irati
347 1969 453 2042 quam
477 1947 656 2030 inhumani
682 1957 716 2019 et
741 1948 892 2020 immites
917 1970 998 2020 esse
1023 1948 1229 2021 videamini:
1252 1971 1330 2042 quae

248 2072 444 2142 animorum
464 2073 600 2142 macula
620 2093 698 2142 cum
720 2071 883 2143 omnibus
903 2072 963 2165 qui
983 2073 1101 2142 virtuti
1123 2079 1184 2143 aut
1209 2071 1332 2162 gloriae

250 2194 404 2279 student,
428 2202 501 2266 tum
523 2192 624 2265 vobis
646 2196 821 2288 praecipue
852 2204 921 2266 tam
948 2194 1050 2266 claris
1079 2193 1165 2265 viris
1193 2216 1333 2267 summo

251 2317 368 2390 studio
386 2318 553 2410 fugienda
569 2327 634 2389 est.
653 2319 828 2388 Hactenus
845 2318 932 2402 haeo,
952 2300 1033 2410 duae
1050 2336 1242 2408 generosos
1261 2318 1334 2388 ani-

251 2463 328 2512 mos
350 2449 485 2510 motura
508 2461 576 2510 non
606 2438 738 2511 dubito.
761 2439 914 2533 Accedet
934 2461 1138 2511 serenarum
1168 2440 1332 2512 frontium

250 2585 293 2634 eo
327 2562 457 2654 gratior
496 2585 567 2657 quo
604 2563 735 2634 diutius
767 2561 965 2635 intermissa
997 2563 1193 2657 praesentia.
1232 2563 1333 2654 saepe

251 2689 397 2758 multum
413 2687 578 2780 ponderis
597 2688 642 2758 ad
659 2687 891 2758 inclinandum
909 2687 1061 2758 animum
1080 2689 1198 2758 vultus
1216 2685 1330 2768 habet

250 2820 443 2904 praesentes
464 2810 567 2891 oculi,
591 2811 674 2880 viva
691 2830 777 2891 vox;
795 2831 860 2880 noo
880 2809 963 2880 illud
980 2809 1170 2893 dissimulo,
1190 2831 1247 2880 me
1265 2831 1333 2879 non

252 2956 336 3004 casu
358 2934 485 3024 aliquo,
507 2933 569 3002 sed
591 2932 740 3003 scienter
761 2931 829 3003 huc
851 2919 1002 3004 traxisse
1025 2953 1240 3016 sermonem,
1263 2953 1333 3024 quo

252 3057 356 3127 simul
375 3054 478 3146 vobis
495 3055 628 3146 longior
645 3077 742 3127 mora
756 3057 813 3138 sit3
827 3050 932 3149 qu'am
950 3055 995 3127 ob
1016 3079 1157 3128 causam
1178 3057 1214 3126 in
1235 3065 1333 3147 tergo

252 3178 359 3269 buius
380 3177 503 3247 litterae
521 3177 686 3271 scriptum
700 3189 783 3262 erat,
801 3189 839 3250 ut
856 3179 1009 3263 vidistis,
1025 3201 1069 3250 ne
1081 3201 1149 3272 qua
1163 3201 1240 3250 eam
1259 3201 1333 3248 ma-

252 3323 319 3372 nus
339 3310 485 3372 externa
502 3301 734 3393 contingeret,
753 3325 822 3374 neu
839 3304 918 3396 quis
936 3313 1093 3374 vestrum
1115 3323 1332 3373 communem

254 3425 349 3495 solus
370 3424 551 3517 epistolam
573 3425 734 3519 aperiret.
754 3425 923 3498 Omnibus
942 3424 1053 3496 modis
1066 3426 1123 3516 egi
1142 3435 1178 3495 ut
1193 3423 1255 3494 diu
1268 3443 1332 3496 vos

253 3547 288 3616 in
313 3549 482 3640 colloquio
507 3547 713 3620 detinerem:
740 3547 775 3618 id
802 3548 850 3618 uti
877 3569 919 3618 ne
945 3548 1075 3618 frustra
1107 3547 1246 3618 fecerim
1273 3569 1333 3617 oro

254 3692 331 3753 vos,
355 3691 501 3762 quorum
515 3671 560 3741 de
576 3670 738 3741 menibus
756 3671 919 3742 orationis
934 3691 1023 3741 meae
1036 3669 1165 3764 pendet
1177 3669 1331 3740 allectus.

253 3795 374 3866 Putate
396 3817 451 3864 me
471 3795 506 3864 in
527 3795 641 3866 medio
661 3795 770 3865 vestri
786 3817 882 3878 esse;
901 3793 947 3866 ibi
964 3794 1053 3865 enim
1073 3814 1166 3875 sum,
1185 3801 1221 3862 et
1238 3801 1333 3860 metu

254 3917 388 3988 crucior
409 3925 443 3986 et
464 3939 582 3987 amore
602 3917 724 4000 arde03
747 3917 871 3988 mirum
891 3939 1035 4012 prorsus
1055 3916 1084 3987 si
1102 3917 1170 3986 ium
1192 3935 1258 3986 vos
1279 3937 1333 3984 ar-

347 4106 355 4138 ¹
372 4107 431 4158 llaec
451 4107 530 4158 altera
546 4108 643 4172 periodi
665 4121 723 4170 pars
738 4107 802 4157 adeo
818 4109 927 4172 implexa
944 4116 982 4159 ost
1001 4109 1027 4158 in
1040 4109 1169 4160 codicibus
1185 4108 1203 4158 C
1220 4107 1240 4157 ll
1257 4113 1282 4158 et
1298 4108 1331 4168 F,

256 4191 284 4236 ut
296 4197 352 4236 earn
364 4199 488 4249 germanae
500 4187 601 4238 lectioni
615 4189 749 4238 restituere
762 4187 925 4251 nequiverim.
