3002 4794
244 347 282 405 ”ld
586 356 626 402 nn
644 355 744 403 nunus
766 353 988 402 cummunione

244 490 456 562 suavissimo
477 491 603 560 Christi
622 490 703 580 iugo
723 491 811 560 colla
832 487 1035 559 subieceris.
1063 489 1154 570 Quid
1179 477 1234 561 de
1249 467 1328 562 aliis

243 614 379 684 dicam‘?
400 613 493 704 quod
514 612 599 682 illud
616 610 955 681 adulationislatens
974 610 1061 680 inter
1082 610 1196 682 dulcia
1222 633 1328 684 vene-

243 755 339 818 num,
375 755 491 805 coram
517 732 743 804 arridentium
759 743 933 824 retroque
964 732 1220 804 mordentium?
1246 754 1327 824 quse

243 856 299 926 illa
316 855 360 926 de
381 865 583 925 transverso
604 856 705 924 lamae
726 854 888 936 vulnera,
911 852 1052 923 incertis
1066 852 1278 938 auctoribus,
1293 863 1328 924 et

243 998 263 1046 e
280 975 395 1047 media
415 976 514 1066 vulgi
534 976 607 1046 acie
626 978 714 1045 clam
728 975 875 1045 iaculata
889 973 1068 1044 convicia?
1081 995 1161 1066 quae
1175 973 1232 1044 illa
1245 995 1327 1046 ava-

244 1096 333 1166 ritiae
347 1093 475 1180 rabies
499 1097 633 1168 animos
654 1095 845 1179 efferentis,
867 1095 1051 1187 omnisque
1072 1094 1182 1166 divini
1201 1107 1247 1166 et·
1263 1095 1328 1166 hu-

246 1219 338 1290 mani
357 1218 443 1288 iuris
462 1219 669 1290 oblivionem
685 1219 885 1314 pestiferam
902 1219 1102 1290 afferentis?
1115 1218 1328 1290 llaec'deou-
1431 1297 1451 1313 χ

246 1339 419 1410 ratoribns
440 1341 625 1432 praedones
642 1341 760 1411 efficit:
779 1349 975 1412 extremum
992 1351 1108 1412 autern
1122 1340 1202 1413 mali
1216 1363 1328 1432 genus

147 1458 149 1462 ’
245 1471 314 1545 est,
341 1463 426 1534 dum
452 1463 615 1534 remediis
641 1463 778 1534 aconita
798 1463 998 1535 miscentur.
1022 1462 1131 1554 Eligis
1152 1462 1329 1534 hominem

245 1585 345 1656 euius
367 1582 436 1655 fide
456 1585 545 1654 inter
566 1583 745 1654 hominum
763 1584 916 1656 fallacias
936 1583 985 1654 sis
1007 1592 1118 1667 tutus3
1140 1585 1196 1654 ille
1209 1584 1328 1677 lepri-

246 1729 342 1778 mum
363 1707 455 1777 lallit.
482 1705 575 1788 Quid
593 1706 674 1776 huic
700 1705 834 1778 consilii
861 1706 1002 1799 capias?
1022 1715 1131 1791 et‚'ut
1152 1705 1329 1801 Satyrious

247 1827 307 1912 ait,

489 1986 558 2064 quis
576 1985 725 2048 custodiet
742 1987 824 2065 ipsos
840 1985 1003 2048 custodes?
1104 1989 1106 1994 '

248 2197 330 2266 Haee
346 2215 412 2266 nos
428 2194 539 2286 pestis
556 2193 602 2264 ab
618 2193 760 2264 infantia
776 2192 1006 2285 persequitur.
1025 2193 1093 2266 Seu
1112 2197 1249 2265 fortuna
1267 2215 1330 2266 seu

248 2318 449 2413 simplicitas
467 2325 587 2390 nostra
604 2324 668 2402 est,
688 2315 926 2388 adolescentes
945 2316 1018 2400 soli,
1035 2317 1200 2388 incuriosi
1211 2327 1246 2388 et
1259 2318 1330 2409 apti

248 2439 383 2510 iniuriae
405 2439 470 2508 visi
485 2461 620 2510 sumus.
635 2439 766 2510 Tritum
786 2437 994 2511 assiduitate
1014 2438 1237 2528 proverbium
1259 2447 1329 2509 est:

247 2561 391 2632 Occasio
408 2561 489 2630 facit
500 2563 624 2631 furem.
639 2561 723 2630 Haec
739 2581 803 2630 nos
821 2561 936 2646 irater,
951 2571 990 2631 ut
1007 2563 1115 2632 semel
1133 2550 1329 2654 expediam,

247 2684 292 2756 de
309 2682 476 2754 divitibus
498 2683 619 2774 inopes
641 2683 727 2765 lecit,
742 2681 847 2756 immo
862 2695 963 2769 certe,
978 2684 1074 2776 quod
1086 2683 1196 2754 divini
1208 2706 1332 2756 mune-

247 2807 296 2876 ri's
318 2804 611 2896 recognoscimus
633 2805 678 2876 de
698 2806 977 2898 occupatissimis
998 2807 1140 2888 otiosos,
1159 2806 1204 2878 de
1220 2806 1332 2900 impe-

246 2925 431 2996 ditissimis
448 2925 645 3016 expeditos.
666 2923 826 2998 Accessit
846 2927 940 3019 quod
964 2949 1086 3003 omnes
1108 2929 1168 3022 qui
1189 2951 1227 3000 se
1249 2951 1331 3024 spo

247 3046 303 3116 liis
324 3047 452 3117 nostris
478 3057 728 3133 oneraverunt,
756 3048 855 3119 brevi
881 3048 1022 3141 quidem
1047 3050 1158 3144 ipsius
1179 3050 1328 3124 fortunae

247 3166 408 3238 menibus
434 3188 621 3253 excussos
652 3172 708 3243 vel
735 3170 836 3262 gravi
864 3171 986 3242 morbo
1007 3183 1242 3264 consumptos,
1271 3175 1330 3246 vel

247 3289 377 3360 misera
421 3300 597 3364 senectute
635 3294 839 3382 languentes
874 3292 1039 3365 vidimus.
1073 3293 1144 3364 Nec
1181 3315 1328 3386 parvum

246 3413 382 3483 iniuriae
400 3414 555 3484 solamen
576 3413 660 3484 ultio
677 3421 740 3497 est,
763 3415 835 3484 Deo
856 3415 1048 3506 praesertim
1068 3427 1224 3500 auctore,
1247 3437 1329 3487 con-

247 3533 394 3624 tingens
415 3531 513 3616 -Quid
535 3533 647 3606 dicam
669 3533 714 3604 de
733 3533 797 3604 fori
818 3556 859 3606 ac
879 3535 989 3607 litium
1016 3546 1230 3630 tempestate,
1247 3559 1329 3632 qnae

247 3656 331 3726 milri
353 3677 421 3726 non
447 3657 579 3728 curiam
604 3657 708 3727 modo
735 3655 799 3726 sed
825 3664 994 3729 terrarum
1022 3659 1142 3730 orbem
1168 3658 1328 3733 odiosum

245 3779 358 3850 facere
383 3788 505 3875 potens
532 3781 609 3850 est-‘l
635 3777 726 3860 Quid
751 3777 796 3848 de
816 3777 908 3862 aliis,
931 3797 1015 3870 quae
1033 3791 1159 3872 praeter
1181 3793 1327 3853 mortem

246 3901 455 3988 gravissima
481 3901 690 3984 iudicantur,
713 3899 923 3992 captivitatis
944 3901 1218 3994 insidiarumque
1238 3904 1329 3996 peri—

131 4069 135 4074 «
245 4021 348 4104 culis,
376 4023 491 4113 qualia
516 4025 623 4095 multa
648 4023 728 4094 olim
755 4030 848 4092 terra
863 4024 1066 4115 pelagoque
1090 4025 1329 4116 pertulimus?

123 4203 131 4233 ‚
245 4140 400 4222 Quorum
421 4143 703 4216 commemoratio
723 4153 901 4233 stuporem
923 4141 1006 4211 milri
1024 4153 1170 4214 renovat
1189 4154 1224 4216 et
1246 4145 1328 4216 hor-
