3002 4794
356 421 363 436 ,
439 347 532 402 urana
553 345 914 399 nuomos.-sr1sronu
936 349 955 396 r.
1201 333 1235 394 dl

157 499 172 536 a
200 471 314 564 gessi;
332 492 401 562 ego
418 473 513 562 leges
531 469 678 555 condidi,
697 491 764 562 ego
782 491 910 542 anuum
927 467 1053 561 partita
1070 489 1158 552 sum,
1172 489 1239 558 ego

156 622 170 658 u
198 593 304 665 docui
338 593 470 664 militiae
502 591 732 686 disciplinam,
760 613 827 682 ego
852 590 1051 683 quingentis
1078 589 1178 662 annis
1205 588 1240 658 iu

156 715 298 786 »ltalia
342 715 577 806 consumptis,
618 711 778 786 ducentis
824 712 945 784 ordine
990 712 1237 804 sequentihus,

141 865 171 926 ‚a
197 838 300 909 cuius
326 837 378 908 rei
412 835 481 908 fido
508 836 705 928 dignissimi
731 843 841 906 testes
869 844 963 919 sunt,
985 832 1120 918 Asiam,
1148 833 1240 904 Afri-

155 988 169 1024 υ
198 982 286 1043 cam,
305 961 491 1052 Europam,
512 966 623 1030 totum
640 957 792 1052 denique
808 955 927 1028 orbem
943 966 1123 1041 terrarum,
1138 955 1238 1028 bellis

156 1110 169 1145 a
199 1091 236 1152 et
255 1081 414 1153 victoriis
436 1080 622 1173 peragravi
643 1082 751 1151 multo
775 1078 918 1164 sudore,
941 1083 1048 1152 mullo
1070 1081 1238 1171 sauguine

157 1233 171 1268 a
198 1205 380 1296 multoque
392 1201 546 1284 consilio,
561 1201 738 1294 surgentis
753 1200 891 1294 Imperii
909 1202 1134 1273 fundamenta
1146 1223 1240 1272 oom-

156 1353 170 1388 a
199 1325 376 1396 muniens.
405 1325 481 1415 Ego
506 1324 657 1419 primum
683 1322 851 1395 libertatis
876 1333 1052 1396 auctorem
1080 1326 1237 1408 Brutum,

158 1474 172 1510 n
199 1447 285 1518 dum
307 1445 393 1516 milri
413 1445 629 1538 obsequitur,
647 1444 835 1517 intersectis
857 1443 937 1516 filiis
959 1445 1115 1538 superbo
1129 1443 1237 1529 hosti,

158 1595 171 1631 a
200 1566 335 1638 mutuis
369 1563 652 1640 commorientem
675 1566 878 1638 vulneribus
898 1567 1058 1662 adspexi.
1081 1568 1156 1657 Ego
1176 1587 1239 1636 na-

158 1716 173 1752 r
201 1697 318 1760 tautes
337 1687 453 1760 virum
479 1697 650 1762 armatum
675 1698 710 1760 et
735 1688 902 1762 inermem
923 1689 1071 1781 puellam
1099 1687 1237 1779 stupui;

158 1838 172 1875 u
200 1832 268 1902 ego
286 1810 381 1903 pium
400 1809 531 1880 Camilli
548 1810 701 1896 exilium,
716 1819 753 1882 ot
766 1810 926 1882 Cursoris
948 1809 1157 1882 laboriosam
1174 1808 1239 1878 mi-

159 1960 173 1996 »
199 1933 320 2018 liliam,
339 1939 374 2002 et
391 1931 602 2027 incomptum
623 1931 717 2003 Curii
736 1943 854 2027 caput,
878 1944 913 2005 et
928 1934 1077 2005 electum
1097 1931 1143 2002 ab
1162 1953 1240 2004 ara·
1277 2007 1284 2016 ,

158 2081 172 2118 a
203 2062 256 2126 tro
290 2055 490 2138 consulem,
519 2063 555 2125 et
587 2054 769 2128 ruricolam
800 2055 1014 2140 dictatorem,
1037 2065 1073 2127 et
1104 2055 1238 2146 regiam

158 2205 172 2240 »
201 2176 347 2248 Fabritii
367 2184 621 2271 paupertatem,
643 2189 679 2248 et
697 2178 884 2249 Publicolae
904 2180 1033 2248 elatum
1054 2178 1178 2259 sunus,
1203 2185 1239 2245 et

159 2298 375 2370 »insolitam
409 2297 560 2369 viventis
594 2297 702 2370 Curtii
731 2300 955 2390 sepulturam,
981 2306 1017 2367 ot
1048 2297 1237 2388 gloriosum

159 2448 173 2483 a
201 2442 379 2492 carcerem
396 2418 514 2504 Attilii,
533 2429 568 2490 et
585 2420 714 2513 insigni
730 2418 926 2492 devotionis
944 2417 1065 2490 babitu
1079 2437 1239 2510 procum-

158 2569 172 2603 »
200 2540 328 2612 bentes
349 2542 482 2626 Decios,
504 2551 539 2614 et
560 2542 699 2646 Corvini
722 2540 906 2638 spectabile
927 2543 1092 2626 duellum,
1120 2551 1156 2613 et
1175 2539 1239 2610 mi-

158 2692 172 2725 o
201 2672 274 2734 tom
295 2663 394 2756 patri,
416 2664 544 2736 durum
563 2663 633 2736 filio
654 2666 881 2759 Torquatum,
903 2675 939 2736 et
963 2666 1145 2757 profusum
1170 2684 1240 2734 uua

159 2812 173 2848 a
201 2785 388 2856 Fabiorum
407 2785 622 2878 sanguinem,
638 2797 674 2858 et
686 2789 869 2860 attonitum
889 2790 1114 2870 Porsennam,
1134 2789 1201 2858 eti
1224 2827 1240 2838 -

158 2934 172 2969 a
204 2915 358 2977 mantem
378 2928 585 2997 generosam
606 2910 709 2982 Mucii
729 2910 912 2983 dexteram
934 2909 1017 2981 vidi.
1037 2911 1113 3002 Ego
1131 2911 1240 2979 Seno-

157 3056 172 3092 »
200 3051 288 3099 num
309 3027 484 3114 dammae,
508 3038 544 3101 et
566 3032 692 3127 Pyrrhi
712 3034 929 3126 elephantes
957 3041 993 3105 et
1012 3054 1098 3126 opes
1120 3032 1240 3103 Antio-

158 3177 172 3214 »
201 3150 269 3232 chi,
284 3159 319 3221 et
336 3151 559 3242 pertinaciam
576 3153 794 3240 Mithridatio,
807 3167 843 3227 et
853 3156 1023 3251 Syphacis
1040 3155 1236 3237 amentiam,

159 3300 174 3335 a
202 3281 238 3342 et
264 3272 434 3364 Ligurum
455 3273 690 3361 difficultates
713 3288 748 3348 et
767 3278 857 3349 bella
878 3277 1076 3362 Samnitica,
1096 3284 1131 3348 et
1148 3277 1240 3348 Cim-

159 3422 173 3458 »
203 3394 349 3467 brorum
379 3405 516 3482 motus,
552 3406 587 3469 et
613 3399 839 3472 Macedonum
874 3401 1001 3485 minas,
1023 3409 1059 3470 et
1089 3401 1238 3472 Punicas

159 3543 173 3578 a
201 3515 344 3588 fraudes
364 3518 502 3612 pertuli.
527 3521 603 3611 Ego
633 3521 797 3606 Carrhas,
826 3524 1028 3618 AEgyptum,
1047 3522 1235 3602 Persidem,

158 3665 173 3700 a
201 3635 383 3723 Arabiam,
405 3640 565 3725 Pontum,
589 3652 625 3712 et
644 3651 828 3737 utramque
846 3643 1060 3726 Armeniam,
1083 3652 1119 3712 et
1138 3642 1239 3712 Gala-

159 3785 173 3820 »
202 3756 296 3842 tiam,
329 3759 594 3853 Cappadociam,
630 3763 820 3847 Thraciam,
843 3774 879 3836 et
902 3764 1064 3834 Pharium
1086 3763 1176 3845 litus
1202 3772 1238 3832 et

159 3908 174 3942 u
202 3881 414 3974 AEtbiopicas
435 3905 579 3968 arenas;
601 3907 668 3978 ego
688 3887 809 3982 Libyae
826 3907 976 3978 campos,
995 3894 1030 3956 et
1047 3884 1232 3978 Hispaniae,

160 4031 174 4067 1>
202 4024 270 4094 ogo
287 4025 397 4098 aquas
416 4006 563 4092 Sextias,
583 4006 748 4091 Ticinum,
764 4006 932 4091 Trebiam,
949 4005 1234 4103 Thrasymenum,

160 4152 174 4189 a
203 4126 341 4197 Cannas
359 4137 395 4200 et
411 4126 633 4201 Ocriculauas
659 4131 802 4223 profuso
822 4147 945 4198 cruore
964 4127 1235 4226 Thermopylas;
