3002 4794
264 324 302 382 68
600 336 641 381 on
665 334 763 382 nunus
786 334 1010 382 rnurnmnrsus

263 483 298 542 ct
317 469 484 564 quidquid
507 469 601 540 aliud
621 469 666 539 ad
683 467 893 540 exterrenda
911 468 1014 540 corda
1042 469 1241 540 mortalium
1267 493 1348 564 poe-

265 605 375 665 tarum
405 592 554 683 ingeniis
587 591 774 682 cogitatum
801 599 867 660 est.
897 591 1018 681 Neque
1045 592 1123 683 plus
1144 599 1348 666 constantiae

265 716 423 786 tribuerit
443 714 615 785 adversus
636 734 738 784 omne
761 709 946 782 terrificum
965 713 1102 784 Herculi
1124 735 1189 786 suo
1218 716 1349 810 Iupiter

264 837 433 909 adulterio
451 847 561 929 pater,
581 857 685 928 qnam
702 834 762 904 tibi
779 843 883 904 natus
905 833 1059 924 Virgine,
1075 847 1174 927 pater
1192 839 1348 908 omnium

263 972 431 1042 aeternus
454 958 514 1050 qui
534 966 647 1028 rectas
674 956 708 1024 in
735 976 773 1024 se
799 953 1012 1048 sperantium
1032 956 1174 1047 respicit
1194 967 1230 1027 et
1249 959 1349 1030 adiu-

266 1092 324 1154 vat
340 1084 547 1153 voluntates.
566 1081 653 1162 Quae
664 1097 743 1148 cum
757 1077 804 1148 ita
822 1079 904 1162 sint,
925 1078 1000 1148 sine
1014 1089 1109 1150 metu
1123 1078 1193 1148 iam
1209 1088 1348 1150 tuorum

264 1225 370 1276 voces
399 1201 532 1286 audire,
561 1210 596 1274 et
623 1201 654 1270 si
674 1199 759 1291 quid
778 1199 881 1270 vacui
903 1198 1068 1292 temporis
1089 1199 1178 1270 inter
1199 1221 1350 1294 oocupa-

264 1326 374 1397 tiones
400 1323 549 1419 optimas
575 1321 758 1404 affulserit,
784 1330 819 1392 et
843 1321 1059 1412 respondere
1083 1320 1192 1412 breve
1216 1323 1349 1414 aliquid

264 1460 372 1540 potes.
393 1449 516 1518 Patere
537 1455 654 1518 autem
683 1466 739 1514 me
770 1442 997 1514 saecularibus
1028 1452 1141 1514 tecum
1173 1445 1220 1514 nti
1251 1445 1349 1516 testi-

264 1571 403 1654 moniis,
434 1569 562 1662 quibus
588 1590 656 1640 non
692 1569 804 1638 solum
829 1563 1039 1636 Ambrosius
1068 1577 1103 1636 et
1126 1563 1349 1658 Augustinus

264 1704 384 1765 noster
404 1715 444 1764 ac
465 1691 696 1785 Hieronymus
722 1688 915 1771 abundant,
945 1687 1009 1758 sed
1028 1698 1062 1758 et
1082 1686 1272 1781 Apostolus
1299 1691 1349 1761 uti

265 1813 438 1885 interdum
458 1835 525 1884 non
544 1813 699 1884 erubuit:
722 1833 837 1904 neque
862 1811 996 1910 eelltrlae
1019 1819 1087 1880 tuae
1107 1810 1203 1883 aditu
1228 1813 1347 1904 prohi-

153 1983 157 1988 -
264 1938 349 2010 beas
370 1957 450 2029 quae
479 1947 514 2008 et
533 1957 593 2006 ore
614 1956 692 2005 meo
712 1934 819 2024 digna
841 1943 921 2004 sunt
946 1944 982 2006 et
1011 1932 1081 2004 tuis
1106 1933 1251 2006 auribus
1276 1957 1348 2008 non

264 2063 417 2152 indigna.
443 2059 660 2154 Pythagoras
686 2055 840 2150 peracuti
862 2055 916 2126 vir
936 2055 1065 2146 ingenii
1085 2055 1162 2142 luit,
1187 2057 1252 2128 sed
1271 2057 1348 2130 eius

252 2173 427 2267 acumen,
450 2183 552 2278 longe
568 2179 686 2252 relicta
703 2179 862 2263 veritate,
898 2199 993 2270 saepe
1027 2200 1140 2271 usque
1165 2178 1212 2250 ad
1235 2180 1346 2252 aniles

163 2397 165 2402 y
264 2308 409 2400 ineptias
427 2303 632 2399 penetrarit.
651 2301 739 2372 Hinc
755 2301 813 2371 illa
831 2299 977 2372 ridicula
994 2309 1029 2372 et
1045 2321 1108 2393 per
1124 2304 1232 2374 multa
1251 2303 1349 2374 varia

263 2449 409 2522 corpora
428 2425 596 2498 volutatio
618 2425 827 2506 animarum,
854 2431 891 2494 et
911 2444 1099 2496 renascens
1120 2424 1349 2498 debellatore

265 2548 492 2642 philosophus
514 2547 602 2617 iliaci
624 2545 704 2614 belli
731 2544 829 2616 testis
856 2543 1081 2637 Euphorbus
1115 2547 1267 2640 denique
1297 2550 1350 2620 la-

265 2694 364 2743 mosa
380 2678 542 2758 μετοικεσια
559 2686 664 2760 quam
686 2667 793 2739 miror
811 2667 909 2757 sequi
931 2669 986 2746 vel
1006 2669 1182 2740 Platonem
1201 2672 1256 2740 vel
1270 2669 1349 2740 Ari-

265 2797 421 2868 stotelem
445 2794 613 2888 potuisse,
631 2790 694 2861 sed
710 2789 823 2880 magis
844 2789 950 2860 miror
967 2789 1162 2881 Origenem,
1180 2793 1241 2884 qui
1253 2813 1349 2864 eam·
1375 2821 1378 2828 ·

265 2922 345 2991 dom
370 2917 552 3008 complecti
576 2913 677 2984 visus
703 2911 889 2997 insaniam,
916 2912 1064 3004 abipso
1094 2915 1256 2985 miratore
1283 2934 1348 2985 suo

264 3052 299 3111 et
319 3040 498 3110 laudatore
514 3037 724 3131 Hieronymo
749 3045 824 3109 eta
848 3037 991 3129 reliquis
1019 3036 1093 3106 veri
1117 3035 1347 3107 sectatoribus

266 3161 392 3232 meruit
411 3161 447 3230 in
463 3157 568 3230 finem
588 3157 756 3230 damnari.
783 3159 911 3230 Verum
933 3181 977 3230 ne
997 3158 1347 3253 Pythagorae-occur-

266 3285 328 3354 sus
354 3303 411 3352 ma
432 3281 574 3352 deviare
594 3280 761 3371 coegerit,
783 3281 840 3350 vir
859 3280 915 3351 ille
934 3279 1186 3372 cuiuscumque
1205 3278 1345 3370 ingenii,

212 3482 213 3486 ,
265 3427 400 3476 morum
426 3404 607 3474 illa-aetate
639 3402 929 3494 gravissimorum
962 3402 1037 3488 suit,
1073 3401 1348 3494 clarissimaeque

265 3525 460 3610 modestiae,
485 3524 633 3624 unde-et
653 3524 785 3595 virenti
813 3545 973 3596 summus
1006 3526 1116 3596 honor
1149 3524 1348 3616 impensus,

265 3659 301 3721 et
321 3651 406 3743 ipse,
425 3657 678 3741 postmortem,
698 3649 846 3718 Deorum
865 3646 1220 3739 consilio-adscriptus
1233 3655 1298 3730 est,
1313 3655 1349 3717 et

267 3772 391 3842 domus
417 3770 494 3842 eius
527 3769 621 3862 apud
653 3777 810 3862 posteros
837 3789 899 3859 pro
931 3768 1058 3858 templo
1079 3765 1207 3836 habita.
1234 3767 1347 3838 Huius

266 3915 351 3984 ergo
371 3894 482 3987 prima
502 3892 672 3964 institutio
694 3910 855 3982 quaenam
874 3889 961 3960 luit?
981 3889 1113 3983 Nempe
1135 3897 1173 3960 ut
1185 3887 1348 3980 discipuli

268 4015 322 4084 sui
354 4015 591 4107 quinquennio
617 4016 766 4086 silerent.
793 4013 973 4092 Praeclare.
1000 4013 1149 4082 Stultum
1175 4020 1231 4082 est
1255 4011 1348 4080 enim

269 4136 365 4228 prius
390 4138 482 4207 velle
507 4139 601 4230 loqui
626 4159 732 4228 quam
757 4135 884 4206 discas.
912 4134 1085 4206 Caeterum
1111 4133 1156 4204 ad
1179 4153 1350 4204 amoven-
