2958 4804
250 349 308 412 272
586 363 627 410 nn
648 363 749 410 annus
770 363 991 415 raurnrnnrcus

251 499 374 572 solidae
389 499 629 594 prosperitatis
642 503 806 572 inventus
827 510 896 586 est,
911 502 966 572 cui
985 524 1053 573 non
1071 503 1169 574 lacile
1187 517 1324 599 possent

250 627 426 717 insperata
445 625 574 694 circum
597 624 686 698 bella
706 647 932 716 consurgere,
953 625 1009 698 cui
1026 648 1094 698 non
1111 629 1223 698 ruinae
1239 651 1325 723 prae·

249 746 362 842 cipitis
384 747 484 819 timor
504 759 612 834 esset,
636 751 693 821 vel
720 748 750 820 si
775 748 805 819 is
831 747 987 833 abesset,
1015 770 1057 819 eo
1082 749 1228 843 periculi
1252 754 1324 844 plus

250 871 379 941 inesset
398 893 469 963 quo
488 854 634 942 cautelae
654 871 793 942 minus?
818 871 854 941 Si
879 871 924 941 de
949 892 1086 963 magnae
1106 873 1255 943 lortunae
1274 893 1327 942 ca-

251 991 349 1065 sibus
369 993 524 1078 dubilas‚
547 1003 626 1065 ante
651 993 766 1065 omnia
788 994 923 1089 respice
945 994 990 1066 ad
1014 993 1196 1089 imperium
1218 1017 1328 1069 roma·

250 1139 346 1187 num.
383 1116 529 1201 Quando
565 1116 650 1188 illud
686 1116 862 1208 fastigium
898 1116 944 1187 ad
980 1117 1071 1189 hanc
1102 1104 1328 1191 bumilitatem

250 1237 502 1309 descensurum
520 1237 644 1331 aliquis
662 1238 874 1330 cogitasset?
886 1239 1074 1312 Descendit
1091 1252 1221 1326 tamen,
1239 1241 1327 1334 quia,

145 1427 146 1432 ,
250 1361 329 1433 licet
349 1359 574 1447 immensum,
592 1360 783 1434 humanum
806 1371 921 1434 tamen
940 1371 1016 1434 erat
1035 1361 1233 1458 imperium,
1253 1364 1329 1436 ideo

252 1494 423 1557 aeternum
448 1507 529 1558 esse
555 1507 625 1556 non
650 1494 795 1578 poterat.
821 1485 912 1556 Nulli
938 1507 1091 1578 unquam
1117 1486 1213 1578 genti
1240 1495 1346 1559 tanta·

231 1597 233 1602 ’
252 1607 393 1680 rebellio
413 1607 507 1679 intus
525 1583 566 1678 ac
583 1607 678 1678 loris.
700 1608 751 1678 lta
768 1628 907 1706 semper
926 1606 1020 1679 domi
1037 1607 1238 1700 militiaeque
1253 1629 1331 1680 cum

252 1729 412 1802 felicitate
431 1729 542 1800 crevit
561 1728 670 1813 labor,
693 1728 1027 1824 creverepericula,
1053 1731 1164 1803 donec
1188 1751 1233 1826 eo
1254 1753 1332 1824 per-

252 1861 395 1922 ventum
413 1861 481 1936 est,
497 1860 536 1922 ut
555 1854 626 1924 lere
643 1853 711 1922 iam
728 1851 874 1924 interius
890 1851 1037 1946 cadendi
1054 1853 1248 1946 perieulum
1264 1876 1332 1925 non

254 1974 313 2058 sit;
334 1982 371 2045 et
393 1973 459 2046 hoo
485 1974 627 2069 quidem
647 1974 829 2067 imperium
851 1975 897 2048 ab
916 1976 1077 2048 omnibus
1097 1977 1261 2070 gentibus
1282 1976 1333 2047 in-

253 2099 383 2170 victum
409 2099 444 2169 in
471 2121 509 2170 se
534 2096 611 2194 ipso
638 2099 732 2171 vinci
751 2098 862 2192 potuit
887 2108 991 2194 atque
1010 2099 1185 2183 eonsumi3
1207 2110 1332 2171 caetera

254 2220 369 2292 omnia
393 2219 439 2292 ab
463 2221 539 2293 aliis
566 2223 658 2298 victa
685 2231 776 2294 sunt.
811 2221 879 2294 Sed
905 2244 948 2293 ne
977 2229 1011 2292 te
1038 2243 1130 2292 nuno
1150 2219 1269 2311 'longis
1295 2241 1333 2292 ac

253 2345 404 2416 vetustis
432 2345 604 2441 implicem
630 2345 798 2430 historiis,
826 2344 871 2418 ad
896 2343 931 2415 id
957 2345 1052 2438 quod
1083 2342 1149 2436 ipsi
1179 2343 1332 2414 vidimus

254 2476 483 2538 revertamur.
503 2468 631 2541 Habuit
650 2479 769 2541 nostra
788 2477 875 2540 aetas
892 2467 1042 2538 eximios
1060 2487 1174 2558 reges,
1189 2465 1248 2557 qui
1269 2464 1333 2536 sibi

255 2599 290 2659 et
306 2591 382 2661 aliis
400 2590 529 2663 vertice
546 2592 679 2678 coelum
692 2600 837 2683 tangere
854 2589 1065 2672 viderentur,
1080 2609 1178 2682 quos,
1195 2597 1334 2682 repente

256 2711 356 2784 bellis
377 2714 469 2786 unde
490 2715 536 2787 nil
559 2717 626 2787 tale
643 2714 828 2786 timebatur
844 2693 992 2796 exortisss
1011 2733 1080 2784 non
1100 2709 1204 2782 modo
1221 2709 1267 2780 ab
1284 2709 1334 2780 in-

256 2837 439 2908 ferioribus
464 2847 667 2921 attentates,
696 2836 790 2930 quod
823 2835 995 2928 suspicari
1026 2845 1106 2906 ante
1139 2833 1175 2904 id
1195 2842 1334 2926 tempus

255 2982 358 3031 nemo
377 2972 524 3058 poterat,
548 2961 610 3033 sed
630 2960 784 3032 deiectos
806 2961 914 3030 semel
934 2968 1040 3052 atque
1059 2957 1198 3040 iterum,
1218 2955 1335 3048 regni*

256 3104 325 3176 que
346 3081 435 3156 fines
457 3084 641 3174 {egerrime
665 3083 905 3168 defendentes
932 3081 979 3154 ad
1002 3092 1218 3174 postremum
1245 3079 1334 3150 bebo

256 3205 368 3278 victos
381 3215 417 3276 et
429 3205 591 3278 hostilem
605 3216 702 3279 actos
715 3207 750 3276 in
763 3227 938 3279 carcerem
951 3202 1151 3276 audivimus
1164 3200 1335 3274 vidimus-

256 3351 335 3421 que.
357 3329 448 3413 Quid
473 3330 538 3402 hac
558 3333 706 3404 lortuuae
726 3330 894 3403 varietate
915 3326 1119 3398 molestius?
1139 3345 1233 3426 qnae,
1256 3324 1335 3396 licet

203 3499 204 3502 =
257 3455 291 3524 in
313 3429 405 3526 omni
428 3464 521 3527 statu
543 3458 654 3528 locum
673 3455 813 3539 habeat,
837 3455 871 3524 in
889 3455 958 3525 alto
979 3460 1094 3523 tamen
1116 3446 1219 3520 saevit
1234 3468 1335 3539 aper-

256 3579 324 3651 tius
345 3590 450 3673 atqne
470 3580 635 3665 ferocius,
657 3601 699 3650 eo
719 3577 828 3671 quod,
852 3587 890 3647 ut
909 3574 1001 3646 docti
1022 3575 1157 3656 volunt,
1179 3592 1335 3642 commu·

255 3703 310 3772 nis
336 3725 384 3774 err
407 3701 573 3797 praecipiti
596 3701 790 3773 descensus
817 3707 871 3772 est
893 3719 1005 3772 ruere.
1040 3695 1131 3781 Quid
1164 3716 1258 3766 nuno
1291 3693 1334 3766 de

256 3825 457 3898 domesticis
478 3825 579 3896 malis
601 3827 746 3917 loquar?
771 3824 870 3894 Clara
894 3821 951 3893 illa
975 3820 1046 3892 duo
1072 3817 1210 3890 nomina
1237 3837 1335 3906 repe·

256 3949 360 4021 tenda
380 3958 480 4020 sunt:
508 3949 600 4020 idem
626 3948 702 4038 ipse
723 3946 830 4017 lulius
845 3946 982 4028 Caesar,
1004 3965 1087 4036 quo,
1124 3950 1161 4011 ut
1193 3940 1335 4012 senece

256 4070 374 4142 verbis
395 4081 488 4155 utar,
508 4092 611 4142 nemo
632 4093 785 4164 unquam
805 4068 980 4140 liberalius
998 4065 1142 4139 victoria
1160 4083 1248 4148 usus
1264 4073 1333 4147 est,

258 4212 399 4263 suorum
418 4193 552 4284 gladios
569 4193 659 4265 circa
678 4193 800 4266 solium
821 4213 922 4264 suum
941 4191 1078 4263 strictos
1097 4188 1334 4279 micantesque
