<?xml version="1.0" encoding="UTF-8"?>
<!DOCTYPE html PUBLIC "-//W3C//DTD XHTML 1.0 Transitional//EN"
    "http://www.w3.org/TR/xhtml1/DTD/xhtml1-transitional.dtd">
<html xmlns="http://www.w3.org/1999/xhtml" xml:lang="en" lang="en">
 <head>
  <title>
</title>
<meta http-equiv="Content-Type" content="text/html;charset=utf-8" />
  <meta name='ocr-system' content='tesseract 3.04.00' />
  <meta name='ocr-capabilities' content='ocr_page ocr_carea ocr_par ocr_line ocrx_word'/>
</head>
<body>
  <div class='ocr_page' id='page_1' title='image "./franciscipetrar01fracgoog_0451.png"; bbox 0 0 3062 4798; ppageno 0'>
   <div class='ocr_carea' id='block_1_1' title="bbox 276 330 1050 395">
    <p class='ocr_par' dir='ltr' id='par_1_1' title="bbox 276 330 1050 395">
     <span class='ocr_line' id='line_1_1' title="bbox 276 330 1050 395; baseline 0.005 -5"><span class='ocrx_word' id='word_1_1' title='bbox 276 330 337 390; x_wconf 76' lang='lat' dir='ltr'><strong>lto</strong></span> <span class='ocrx_word' id='word_1_2' title='bbox 618 346 658 394; x_wconf 82' lang='lat' dir='ltr'><strong>na</strong></span> <span class='ocrx_word' id='word_1_3' title='bbox 680 345 781 395; x_wconf 79' lang='lat' dir='ltr'><strong>araus</strong></span> <span class='ocrx_word' id='word_1_4' title='bbox 803 345 1024 395; x_wconf 78' lang='lat' dir='ltr'><strong>rnnunmaus</strong></span> <span class='ocrx_word' id='word_1_5' title='bbox 1046 387 1050 394; x_wconf 90' lang='lat'><em>.</em></span> 
     </span>
    </p>
   </div>
   <div class='ocr_carea' id='block_1_2' title="bbox 271 438 1358 1648">
    <p class='ocr_par' dir='ltr' id='par_1_2' title="bbox 271 438 1358 1648">
     <span class='ocr_line' id='line_1_2' title="bbox 277 438 1358 568; baseline 0.002 -22"><span class='ocrx_word' id='word_1_6' title='bbox 277 476 407 549; x_wconf 89' lang='lat' dir='ltr'><strong>homini</strong></span> <span class='ocrx_word' id='word_1_7' title='bbox 425 477 596 559; x_wconf 87' lang='lat' dir='ltr'><strong>accidere,</strong></span> <span class='ocrx_word' id='word_1_8' title='bbox 619 499 688 548; x_wconf 90' lang='lat' dir='ltr'><strong>nou</strong></span> <span class='ocrx_word' id='word_1_9' title='bbox 712 478 822 547; x_wconf 91' lang='lat' dir='ltr'><strong>solum</strong></span> <span class='ocrx_word' id='word_1_10' title='bbox 845 476 880 546; x_wconf 92' lang='lat' dir='ltr'><strong>iu</strong></span> <span class='ocrx_word' id='word_1_11' title='bbox 903 475 979 548; x_wconf 88' lang='lat' dir='ltr'><strong>istis</strong></span> <span class='ocrx_word' id='word_1_12' title='bbox 1002 473 1104 567; x_wconf 79' lang='lat' dir='ltr'><strong>vagis</strong></span> <span class='ocrx_word' id='word_1_13' title='bbox 1124 495 1165 546; x_wconf 90' lang='lat' dir='ltr'><strong>ao</strong></span> <span class='ocrx_word' id='word_1_14' title='bbox 1184 438 1358 568; x_wconf 77' lang='lat' dir='ltr'><strong>prologis,</strong></span> 
     </span>
     <span class='ocr_line' id='line_1_3' title="bbox 277 599 1358 693; baseline 0 -23"><span class='ocrx_word' id='word_1_15' title='bbox 277 610 314 670; x_wconf 91' lang='lat' dir='ltr'><strong>ut</strong></span> <span class='ocrx_word' id='word_1_16' title='bbox 333 599 441 683; x_wconf 90' lang='lat' dir='ltr'><strong>aiunt,</strong></span> <span class='ocrx_word' id='word_1_17' title='bbox 465 603 612 672; x_wconf 78' lang='lat' dir='ltr'><strong>fortunae</strong></span> <span class='ocrx_word' id='word_1_18' title='bbox 633 599 747 682; x_wconf 83' lang='lat' dir='ltr'><strong>bonis3</strong></span> <span class='ocrx_word' id='word_1_19' title='bbox 776 599 839 671; x_wconf 90' lang='lat' dir='ltr'><strong>sed</strong></span> <span class='ocrx_word' id='word_1_20' title='bbox 871 599 906 669; x_wconf 92' lang='lat' dir='ltr'><strong>in</strong></span> <span class='ocrx_word' id='word_1_21' title='bbox 937 599 1022 693; x_wconf 91' lang='lat' dir='ltr'><strong>ipsis</strong></span> <span class='ocrx_word' id='word_1_22' title='bbox 1053 599 1155 672; x_wconf 90' lang='lat' dir='ltr'><strong>etiam</strong></span> <span class='ocrx_word' id='word_1_23' title='bbox 1190 600 1358 670; x_wconf 89' lang='lat' dir='ltr'><strong>membris</strong></span> 
     </span>
     <span class='ocr_line' id='line_1_4' title="bbox 276 720 1358 814; baseline 0.003 -22"><span class='ocrx_word' id='word_1_24' title='bbox 276 721 349 793; x_wconf 90' lang='lat' dir='ltr'><strong>suis</strong></span> <span class='ocrx_word' id='word_1_25' title='bbox 370 742 411 792; x_wconf 87' lang='lat' dir='ltr'><strong>ac</strong></span> <span class='ocrx_word' id='word_1_26' title='bbox 431 741 592 804; x_wconf 86' lang='lat' dir='ltr'><strong>suorum,</strong></span> <span class='ocrx_word' id='word_1_27' title='bbox 615 721 764 814; x_wconf 88' lang='lat' dir='ltr'><strong>denique</strong></span> <span class='ocrx_word' id='word_1_28' title='bbox 779 729 816 790; x_wconf 90' lang='lat' dir='ltr'><strong>et</strong></span> <span class='ocrx_word' id='word_1_29' title='bbox 837 721 872 789; x_wconf 92' lang='lat' dir='ltr'><strong>in</strong></span> <span class='ocrx_word' id='word_1_30' title='bbox 894 720 1014 793; x_wconf 91' lang='lat' dir='ltr'><strong>amicis</strong></span> <span class='ocrx_word' id='word_1_31' title='bbox 1032 733 1068 792; x_wconf 91' lang='lat' dir='ltr'><strong>et</strong></span> <span class='ocrx_word' id='word_1_32' title='bbox 1084 720 1118 791; x_wconf 91' lang='lat' dir='ltr'><strong>iu</strong></span> <span class='ocrx_word' id='word_1_33' title='bbox 1136 721 1255 814; x_wconf 87' lang='lat' dir='ltr'><strong>patria,</strong></span> <span class='ocrx_word' id='word_1_34' title='bbox 1279 744 1358 813; x_wconf 86' lang='lat' dir='ltr'><strong>quae</strong></span> 
     </span>
     <span class='ocr_line' id='line_1_5' title="bbox 275 842 1357 939; baseline 0.003 -27"><span class='ocrx_word' id='word_1_35' title='bbox 275 842 461 914; x_wconf 90' lang='lat' dir='ltr'><strong>virobono</strong></span> <span class='ocrx_word' id='word_1_36' title='bbox 484 844 554 915; x_wconf 87' lang='lat' dir='ltr'><strong>vita</strong></span> <span class='ocrx_word' id='word_1_37' title='bbox 574 844 713 939; x_wconf 90' lang='lat' dir='ltr'><strong>propria</strong></span> <span class='ocrx_word' id='word_1_38' title='bbox 732 853 786 915; x_wconf 90' lang='lat' dir='ltr'><strong>est</strong></span> <span class='ocrx_word' id='word_1_39' title='bbox 806 843 930 927; x_wconf 87' lang='lat' dir='ltr'><strong>carior,</strong></span> <span class='ocrx_word' id='word_1_40' title='bbox 953 844 1036 915; x_wconf 92' lang='lat' dir='ltr'><strong>dum</strong></span> <span class='ocrx_word' id='word_1_41' title='bbox 1058 844 1195 915; x_wconf 86' lang='lat' dir='ltr'><strong>animus</strong></span> <span class='ocrx_word' id='word_1_42' title='bbox 1222 843 1256 914; x_wconf 93' lang='lat' dir='ltr'><strong>iu</strong></span> <span class='ocrx_word' id='word_1_43' title='bbox 1286 853 1357 915; x_wconf 90' lang='lat' dir='ltr'><strong>tuto</strong></span> 
     </span>
     <span class='ocr_line' id='line_1_6' title="bbox 274 964 1357 1059; baseline 0.002 -25"><span class='ocrx_word' id='word_1_44' title='bbox 274 965 330 1048; x_wconf 86' lang='lat' dir='ltr'><strong>sit,</strong></span> <span class='ocrx_word' id='word_1_45' title='bbox 353 965 413 1058; x_wconf 92' lang='lat' dir='ltr'><strong>qui</strong></span> <span class='ocrx_word' id='word_1_46' title='bbox 436 979 472 1037; x_wconf 90' lang='lat' dir='ltr'><strong>ut</strong></span> <span class='ocrx_word' id='word_1_47' title='bbox 490 966 618 1037; x_wconf 86' lang='lat' dir='ltr'><strong>sanctis</strong></span> <span class='ocrx_word' id='word_1_48' title='bbox 647 964 931 1059; x_wconf 90' lang='lat' dir='ltr'><strong>philosophisque</strong></span> <span class='ocrx_word' id='word_1_49' title='bbox 957 964 1075 1036; x_wconf 89' lang='lat' dir='ltr'><strong>visum</strong></span> <span class='ocrx_word' id='word_1_50' title='bbox 1104 976 1171 1048; x_wconf 86' lang='lat' dir='ltr'><strong>est,</strong></span> <span class='ocrx_word' id='word_1_51' title='bbox 1194 965 1357 1058; x_wconf 85' lang='lat' dir='ltr'><strong>nisiipse</strong></span> 
     </span>
     <span class='ocr_line' id='line_1_7' title="bbox 274 1087 1357 1180; baseline 0 -22"><span class='ocrx_word' id='word_1_52' title='bbox 274 1111 312 1160; x_wconf 87' lang='lat' dir='ltr'><strong>se</strong></span> <span class='ocrx_word' id='word_1_53' title='bbox 333 1090 460 1160; x_wconf 84' lang='lat' dir='ltr'><strong>laeserit</strong></span> <span class='ocrx_word' id='word_1_54' title='bbox 480 1088 526 1158; x_wconf 91' lang='lat' dir='ltr'><strong>ab</strong></span> <span class='ocrx_word' id='word_1_55' title='bbox 547 1091 655 1158; x_wconf 86' lang='lat' dir='ltr'><strong>altero</strong></span> <span class='ocrx_word' id='word_1_56' title='bbox 678 1087 755 1159; x_wconf 85' lang='lat' dir='ltr'><strong>laedi</strong></span> <span class='ocrx_word' id='word_1_57' title='bbox 778 1087 908 1180; x_wconf 91' lang='lat' dir='ltr'><strong>nequit.</strong></span> <span class='ocrx_word' id='word_1_58' title='bbox 931 1088 1066 1159; x_wconf 86' lang='lat' dir='ltr'><strong>Caetera</strong></span> <span class='ocrx_word' id='word_1_59' title='bbox 1091 1087 1206 1168; x_wconf 81' lang='lat' dir='ltr'><strong>omnia</strong></span> <span class='ocrx_word' id='word_1_60' title='bbox 1230 1107 1357 1179; x_wconf 80' lang='lat' dir='ltr'><strong>magno</strong></span> 
     </span>
     <span class='ocr_line' id='line_1_8' title="bbox 272 1209 1355 1282; baseline 0 -2"><span class='ocrx_word' id='word_1_61' title='bbox 272 1211 461 1282; x_wconf 87' lang='lat' dir='ltr'><strong>tolleranda</strong></span> <span class='ocrx_word' id='word_1_62' title='bbox 483 1221 563 1282; x_wconf 88' lang='lat' dir='ltr'><strong>suut</strong></span> <span class='ocrx_word' id='word_1_63' title='bbox 583 1209 708 1281; x_wconf 88' lang='lat' dir='ltr'><strong>animo.</strong></span> <span class='ocrx_word' id='word_1_64' title='bbox 735 1209 769 1279; x_wconf 91' lang='lat' dir='ltr'><strong>Si</strong></span> <span class='ocrx_word' id='word_1_65' title='bbox 791 1209 886 1279; x_wconf 89' lang='lat' dir='ltr'><strong>enim</strong></span> <span class='ocrx_word' id='word_1_66' title='bbox 910 1219 945 1280; x_wconf 87' lang='lat' dir='ltr'><strong>et</strong></span> <span class='ocrx_word' id='word_1_67' title='bbox 971 1209 1188 1281; x_wconf 86' lang='lat' dir='ltr'><strong>fortuitorum</strong></span> <span class='ocrx_word' id='word_1_68' title='bbox 1210 1231 1355 1280; x_wconf 88' lang='lat' dir='ltr'><strong>casuum</strong></span> 
     </span>
     <span class='ocr_line' id='line_1_9' title="bbox 272 1331 1355 1425; baseline 0 -23"><span class='ocrx_word' id='word_1_69' title='bbox 272 1335 352 1424; x_wconf 81' lang='lat' dir='ltr'><strong>iuga</strong></span> <span class='ocrx_word' id='word_1_70' title='bbox 371 1335 465 1404; x_wconf 90' lang='lat' dir='ltr'><strong>nulla</strong></span> <span class='ocrx_word' id='word_1_71' title='bbox 483 1340 551 1415; x_wconf 90' lang='lat' dir='ltr'><strong>est,</strong></span> <span class='ocrx_word' id='word_1_72' title='bbox 573 1340 608 1404; x_wconf 88' lang='lat' dir='ltr'><strong>et</strong></span> <span class='ocrx_word' id='word_1_73' title='bbox 628 1334 718 1402; x_wconf 89' lang='lat' dir='ltr'><strong>mala</strong></span> <span class='ocrx_word' id='word_1_74' title='bbox 735 1331 813 1403; x_wconf 91' lang='lat' dir='ltr'><strong>licet</strong></span> <span class='ocrx_word' id='word_1_75' title='bbox 833 1332 935 1403; x_wconf 89' lang='lat' dir='ltr'><strong>laevia</strong></span> <span class='ocrx_word' id='word_1_76' title='bbox 957 1354 1018 1425; x_wconf 91' lang='lat' dir='ltr'><strong>per</strong></span> <span class='ocrx_word' id='word_1_77' title='bbox 1035 1331 1283 1425; x_wconf 80' lang='lat' dir='ltr'><strong>impatientiam</strong></span> <span class='ocrx_word' id='word_1_78' title='bbox 1305 1334 1355 1402; x_wconf 92' lang='lat' dir='ltr'><strong>in-</strong></span> 
     </span>
     <span class='ocr_line' id='line_1_10' title="bbox 271 1453 1355 1547; baseline -0.005 -21"><span class='ocrx_word' id='word_1_79' title='bbox 271 1465 494 1546; x_wconf 80' lang='lat' dir='ltr'><strong>gravescunt,</strong></span> <span class='ocrx_word' id='word_1_80' title='bbox 517 1453 602 1547; x_wconf 93' lang='lat' dir='ltr'><strong>quid</strong></span> <span class='ocrx_word' id='word_1_81' title='bbox 630 1454 696 1525; x_wconf 90' lang='lat' dir='ltr'><strong>nisi</strong></span> <span class='ocrx_word' id='word_1_82' title='bbox 718 1455 894 1547; x_wconf 83' lang='lat' dir='ltr'><strong>patientiae</strong></span> <span class='ocrx_word' id='word_1_83' title='bbox 923 1475 1005 1546; x_wconf 91' lang='lat' dir='ltr'><strong>spes</strong></span> <span class='ocrx_word' id='word_1_84' title='bbox 1036 1457 1109 1527; x_wconf 87' lang='lat' dir='ltr'><strong>sola</strong></span> <span class='ocrx_word' id='word_1_85' title='bbox 1131 1454 1355 1546; x_wconf 72' lang='lat' dir='ltr'><strong>relinquitur?</strong></span> 
     </span>
     <span class='ocr_line' id='line_1_11' title="bbox 272 1579 367 1648; baseline 0.011 -2"><span class='ocrx_word' id='word_1_86' title='bbox 272 1579 367 1648; x_wconf 88' lang='lat' dir='ltr'><strong>Vale.</strong></span> 
     </span>
    </p>
   </div>
   <div class='ocr_carea' id='block_1_3' title="bbox 773 1735 851 1743">
    <p class='ocr_par' dir='ltr' id='par_1_3' title="bbox 773 1735 851 1743">
     <span class='ocr_line' id='line_1_12' title="bbox 773 1735 851 1743; baseline 0 0"><span class='ocrx_word' id='word_1_87' title='bbox 773 1735 851 1743; x_wconf 64' lang='lat'><strong>⁴——</strong></span> 
     </span>
    </p>
   </div>
   <div class='ocr_carea' id='block_1_4' title="bbox 699 1949 932 2016">
    <p class='ocr_par' dir='ltr' id='par_1_4' title="bbox 699 1949 932 2016">
     <span class='ocr_line' id='line_1_13' title="bbox 699 1949 932 2016; baseline 0 -2"><span class='ocrx_word' id='word_1_88' title='bbox 699 1951 877 2016; x_wconf 75' lang='lat' dir='ltr'><strong>urlslotl</strong></span> <span class='ocrx_word' id='word_1_89' title='bbox 898 1949 932 2015; x_wconf 80' lang='lat' dir='ltr'><strong>V.</strong></span> 
     </span>
    </p>
   </div>
   <div class='ocr_carea' id='block_1_5' title="bbox 324 2133 1301 2287">
    <p class='ocr_par' dir='ltr' id='par_1_5' title="bbox 324 2133 1301 2287">
     <span class='ocr_line' id='line_1_14' title="bbox 324 2133 1301 2185; baseline -0.001 -3"><span class='ocrx_word' id='word_1_90' title='bbox 324 2133 517 2183; x_wconf 77' lang='lat' dir='ltr'><strong>rnlnclscus</strong></span> <span class='ocrx_word' id='word_1_91' title='bbox 540 2134 709 2183; x_wconf 74' lang='lat' dir='ltr'><strong>PETRARCA</strong></span> <span class='ocrx_word' id='word_1_92' title='bbox 730 2135 861 2185; x_wconf 86' lang='lat' dir='ltr'><strong>GUIDONI</strong></span> <span class='ocrx_word' id='word_1_93' title='bbox 882 2133 1122 2184; x_wconf 75' lang='lat' dir='ltr'><strong>nucnlullcolto</strong></span> <span class='ocrx_word' id='word_1_94' title='bbox 1143 2133 1301 2183; x_wconf 68' lang='lat' dir='ltr'><strong>annonast</strong></span> 
     </span>
     <span class='ocr_line' id='line_1_15' title="bbox 750 2238 877 2287; baseline -0.008 -1"><span class='ocrx_word' id='word_1_95' title='bbox 750 2238 775 2286; x_wconf 87' lang='lat' dir='ltr'><strong>S.</strong></span> <span class='ocrx_word' id='word_1_96' title='bbox 798 2240 825 2287; x_wconf 82' lang='grc' dir='ltr'><strong>Ρ.</strong></span> <span class='ocrx_word' id='word_1_97' title='bbox 847 2240 877 2287; x_wconf 84' lang='grc' dir='ltr'><strong>Ι).</strong></span> 
     </span>
    </p>
   </div>
   <div class='ocr_carea' id='block_1_6' title="bbox 269 2395 1353 2647">
    <p class='ocr_par' dir='ltr' id='par_1_6' title="bbox 269 2395 1353 2647">
     <span class='ocr_line' id='line_1_16' title="bbox 269 2395 1353 2468; baseline 0.001 -18"><span class='ocrx_word' id='word_1_98' title='bbox 269 2396 377 2451; x_wconf 84' lang='lat' dir='ltr'><strong>Gaudet</strong></span> <span class='ocrx_word' id='word_1_99' title='bbox 393 2413 458 2452; x_wconf 91' lang='lat' dir='ltr'><strong>eum</strong></span> <span class='ocrx_word' id='word_1_100' title='bbox 473 2396 508 2452; x_wconf 86' lang='lat' dir='ltr'><strong>ad</strong></span> <span class='ocrx_word' id='word_1_101' title='bbox 520 2397 627 2452; x_wconf 85' lang='lat' dir='ltr'><strong>fontem</strong></span> <span class='ocrx_word' id='word_1_102' title='bbox 642 2395 746 2466; x_wconf 82' lang='lat' dir='ltr'><strong>Sorgiae</strong></span> <span class='ocrx_word' id='word_1_103' title='bbox 761 2395 866 2467; x_wconf 84' lang='lat' dir='ltr'><strong>aliquot</strong></span> <span class='ocrx_word' id='word_1_104' title='bbox 884 2396 983 2452; x_wconf 88' lang='lat' dir='ltr'><strong>diebus</strong></span> <span class='ocrx_word' id='word_1_105' title='bbox 1002 2396 1104 2468; x_wconf 84' lang='lat' dir='ltr'><strong>luisse,</strong></span> <span class='ocrx_word' id='word_1_106' title='bbox 1124 2402 1152 2452; x_wconf 89' lang='lat' dir='ltr'><strong>et</strong></span> <span class='ocrx_word' id='word_1_107' title='bbox 1173 2397 1228 2452; x_wconf 92' lang='lat' dir='ltr'><strong>loci</strong></span> <span class='ocrx_word' id='word_1_108' title='bbox 1246 2397 1353 2452; x_wconf 74' lang='lat' dir='ltr'><strong>amoeni·</strong></span> 
     </span>
     <span class='ocr_line' id='line_1_17' title="bbox 357 2483 1350 2557; baseline 0.001 -18"><span class='ocrx_word' id='word_1_109' title='bbox 357 2490 442 2540; x_wconf 84' lang='lat' dir='ltr'><strong>tatem</strong></span> <span class='ocrx_word' id='word_1_110' title='bbox 458 2485 587 2541; x_wconf 86' lang='lat' dir='ltr'><strong>celebrat.</strong></span> <span class='ocrx_word' id='word_1_111' title='bbox 607 2484 709 2539; x_wconf 84' lang='lat' dir='ltr'><strong>Narrat</strong></span> <span class='ocrx_word' id='word_1_112' title='bbox 727 2501 756 2540; x_wconf 86' lang='lat' dir='ltr'><strong>se</strong></span> <span class='ocrx_word' id='word_1_113' title='bbox 776 2501 886 2557; x_wconf 89' lang='lat' dir='ltr'><strong>quoque</strong></span> <span class='ocrx_word' id='word_1_114' title='bbox 905 2485 940 2540; x_wconf 88' lang='lat' dir='ltr'><strong>ab</strong></span> <span class='ocrx_word' id='word_1_115' title='bbox 959 2483 1029 2540; x_wconf 86' lang='lat' dir='ltr'><strong>urbe</strong></span> <span class='ocrx_word' id='word_1_116' title='bbox 1047 2487 1077 2540; x_wconf 91' lang='lat' dir='ltr'><strong>in</strong></span> <span class='ocrx_word' id='word_1_117' title='bbox 1090 2485 1185 2540; x_wconf 88' lang='lat' dir='ltr'><strong>villam</strong></span> <span class='ocrx_word' id='word_1_118' title='bbox 1197 2485 1350 2550; x_wconf 67' lang='lat' dir='ltr'><strong>accessa,</strong></span> 
     </span>
     <span class='ocr_line' id='line_1_18' title="bbox 358 2571 937 2647; baseline -0.002 -20"><span class='ocrx_word' id='word_1_119' title='bbox 358 2575 438 2629; x_wconf 88' lang='lat' dir='ltr'><strong>cuius</strong></span> <span class='ocrx_word' id='word_1_120' title='bbox 451 2575 536 2630; x_wconf 84' lang='lat' dir='ltr'><strong>situm</strong></span> <span class='ocrx_word' id='word_1_121' title='bbox 550 2579 785 2647; x_wconf 79' lang='lat' dir='ltr'><strong>prospectumque</strong></span> <span class='ocrx_word' id='word_1_122' title='bbox 798 2571 937 2628; x_wconf 83' lang='lat' dir='ltr'><strong>describit.</strong></span> 
     </span>
    </p>
   </div>
   <div class='ocr_carea' id='block_1_7' title="bbox 268 2794 1354 4236">
    <p class='ocr_par' dir='ltr' id='par_1_7' title="bbox 268 2794 1354 4236">
     <span class='ocr_line' id='line_1_19' title="bbox 367 2794 1352 2891; baseline -0.003 -21"><span class='ocrx_word' id='word_1_123' title='bbox 367 2799 455 2884; x_wconf 87' lang='lat' dir='ltr'><strong>Quae</strong></span> <span class='ocrx_word' id='word_1_124' title='bbox 473 2819 555 2890; x_wconf 89' lang='lat' dir='ltr'><strong>spes</strong></span> <span class='ocrx_word' id='word_1_125' title='bbox 575 2798 671 2891; x_wconf 94' lang='lat' dir='ltr'><strong>quod</strong></span> <span class='ocrx_word' id='word_1_126' title='bbox 689 2800 844 2869; x_wconf 89' lang='lat' dir='ltr'><strong>solamen</strong></span> <span class='ocrx_word' id='word_1_127' title='bbox 862 2794 1010 2889; x_wconf 86' lang='lat' dir='ltr'><strong>publioae</strong></span> <span class='ocrx_word' id='word_1_128' title='bbox 1031 2796 1237 2869; x_wconf 87' lang='lat' dir='ltr'><strong>calamitatis</strong></span> <span class='ocrx_word' id='word_1_129' title='bbox 1255 2797 1352 2869; x_wconf 89' lang='lat' dir='ltr'><strong>audi-</strong></span> 
     </span>
     <span class='ocr_line' id='line_1_20' title="bbox 270 2917 1351 3013; baseline -0.005 -21"><span class='ocrx_word' id='word_1_130' title='bbox 270 2924 329 2994; x_wconf 90' lang='lat' dir='ltr'><strong>sti:</strong></span> <span class='ocrx_word' id='word_1_131' title='bbox 360 2933 498 3013; x_wconf 85' lang='lat' dir='ltr'><strong>tempus</strong></span> <span class='ocrx_word' id='word_1_132' title='bbox 530 2929 586 2990; x_wconf 90' lang='lat' dir='ltr'><strong>est</strong></span> <span class='ocrx_word' id='word_1_133' title='bbox 620 2918 737 2990; x_wconf 92' lang='lat' dir='ltr'><strong>stilum</strong></span> <span class='ocrx_word' id='word_1_134' title='bbox 771 2919 816 2989; x_wconf 88' lang='lat' dir='ltr'><strong>ad</strong></span> <span class='ocrx_word' id='word_1_135' title='bbox 849 2917 982 2990; x_wconf 86' lang='lat' dir='ltr'><strong>laetiora</strong></span> <span class='ocrx_word' id='word_1_136' title='bbox 1014 2919 1186 2992; x_wconf 86' lang='lat' dir='ltr'><strong>vertendi.</strong></span> <span class='ocrx_word' id='word_1_137' title='bbox 1225 2918 1351 2990; x_wconf 87' lang='lat' dir='ltr'><strong>Audivi</strong></span> 
     </span>
     <span class='ocr_line' id='line_1_21' title="bbox 268 3039 1353 3136; baseline -0.003 -23"><span class='ocrx_word' id='word_1_138' title='bbox 268 3043 408 3136; x_wconf 81' lang='lat' dir='ltr'><strong>quiderm</strong></span> <span class='ocrx_word' id='word_1_139' title='bbox 428 3051 461 3112; x_wconf 90' lang='lat' dir='ltr'><strong>te</strong></span> <span class='ocrx_word' id='word_1_140' title='bbox 482 3041 575 3111; x_wconf 87' lang='lat' dir='ltr'><strong>curis</strong></span> <span class='ocrx_word' id='word_1_141' title='bbox 595 3039 801 3132; x_wconf 83' lang='lat' dir='ltr'><strong>urgentibus</strong></span> <span class='ocrx_word' id='word_1_142' title='bbox 823 3039 910 3110; x_wconf 89' lang='lat' dir='ltr'><strong>urbe</strong></span> <span class='ocrx_word' id='word_1_143' title='bbox 930 3043 1131 3134; x_wconf 74' lang='lat' dir='ltr'><strong>profugum,</strong></span> <span class='ocrx_word' id='word_1_144' title='bbox 1146 3064 1229 3113; x_wconf 87' lang='lat' dir='ltr'><strong>rura</strong></span> <span class='ocrx_word' id='word_1_145' title='bbox 1243 3051 1353 3113; x_wconf 89' lang='lat' dir='ltr'><strong>secta-</strong></span> 
     </span>
     <span class='ocr_line' id='line_1_22' title="bbox 270 3162 1352 3266; baseline 0 -32"><span class='ocrx_word' id='word_1_146' title='bbox 270 3164 309 3234; x_wconf 91' lang='lat' dir='ltr'><strong>ri.</strong></span> <span class='ocrx_word' id='word_1_147' title='bbox 327 3162 449 3235; x_wconf 91' lang='lat' dir='ltr'><strong>Laudo</strong></span> <span class='ocrx_word' id='word_1_148' title='bbox 477 3183 607 3234; x_wconf 90' lang='lat' dir='ltr'><strong>morem</strong></span> <span class='ocrx_word' id='word_1_149' title='bbox 638 3163 732 3234; x_wconf 89' lang='lat' dir='ltr'><strong>huno</strong></span> <span class='ocrx_word' id='word_1_150' title='bbox 762 3163 872 3245; x_wconf 83' lang='lat' dir='ltr'><strong>verbo</strong></span> <span class='ocrx_word' id='word_1_151' title='bbox 892 3164 1066 3248; x_wconf 85' lang='lat' dir='ltr'><strong>continue,</strong></span> <span class='ocrx_word' id='word_1_152' title='bbox 1090 3187 1129 3237; x_wconf 87' lang='lat' dir='ltr'><strong>re</strong></span> <span class='ocrx_word' id='word_1_153' title='bbox 1151 3165 1240 3236; x_wconf 92' lang='lat' dir='ltr'><strong>dum</strong></span> <span class='ocrx_word' id='word_1_154' title='bbox 1261 3164 1352 3266; x_wconf 72' lang='lat' dir='ltr'><strong>licet3</strong></span> 
     </span>
     <span class='ocr_line' id='line_1_23' title="bbox 271 3261 1354 3381; baseline -0.004 -22"><span class='ocrx_word' id='word_1_155' title='bbox 271 3286 333 3359; x_wconf 90' lang='lat' dir='ltr'><strong>sed</strong></span> <span class='ocrx_word' id='word_1_156' title='bbox 346 3285 389 3357; x_wconf 89' lang='lat' dir='ltr'><strong>de</strong></span> <span class='ocrx_word' id='word_1_157' title='bbox 406 3286 669 3378; x_wconf 84' lang='lat' dir='ltr'><strong>occupationum</strong></span> <span class='ocrx_word' id='word_1_158' title='bbox 691 3285 903 3356; x_wconf 87' lang='lat' dir='ltr'><strong>urbanarum</strong></span> <span class='ocrx_word' id='word_1_159' title='bbox 923 3261 1113 3381; x_wconf 76' lang='lat' dir='ltr'><strong>supplicio,</strong></span> <span class='ocrx_word' id='word_1_160' title='bbox 1135 3288 1253 3380; x_wconf 89' lang='lat' dir='ltr'><strong>deque</strong></span> <span class='ocrx_word' id='word_1_161' title='bbox 1275 3287 1354 3358; x_wconf 92' lang='lat' dir='ltr'><strong>soli·</strong></span> 
     </span>
     <span class='ocr_line' id='line_1_24' title="bbox 271 3408 1350 3502; baseline -0.005 -18"><span class='ocrx_word' id='word_1_162' title='bbox 271 3409 355 3484; x_wconf 83' lang='lat' dir='ltr'><strong>taria</strong></span> <span class='ocrx_word' id='word_1_163' title='bbox 372 3408 487 3502; x_wconf 88' lang='lat' dir='ltr'><strong>quiete</strong></span> <span class='ocrx_word' id='word_1_164' title='bbox 505 3409 608 3481; x_wconf 84' lang='lat' dir='ltr'><strong>latius</strong></span> <span class='ocrx_word' id='word_1_165' title='bbox 626 3409 812 3502; x_wconf 87' lang='lat' dir='ltr'><strong>aliquando</strong></span> <span class='ocrx_word' id='word_1_166' title='bbox 829 3408 996 3492; x_wconf 89' lang='lat' dir='ltr'><strong>disserui,</strong></span> <span class='ocrx_word' id='word_1_167' title='bbox 1016 3419 1051 3480; x_wconf 90' lang='lat' dir='ltr'><strong>et</strong></span> <span class='ocrx_word' id='word_1_168' title='bbox 1068 3431 1125 3481; x_wconf 91' lang='lat' dir='ltr'><strong>res</strong></span> <span class='ocrx_word' id='word_1_169' title='bbox 1142 3418 1210 3493; x_wconf 88' lang='lat' dir='ltr'><strong>est,</strong></span> <span class='ocrx_word' id='word_1_170' title='bbox 1226 3409 1271 3481; x_wconf 91' lang='lat' dir='ltr'><strong>de</strong></span> <span class='ocrx_word' id='word_1_171' title='bbox 1283 3430 1350 3500; x_wconf 87' lang='lat' dir='ltr'><strong>qua</strong></span> 
     </span>
     <span class='ocr_line' id='line_1_25' title="bbox 270 3529 1354 3626; baseline -0.007 -19"><span class='ocrx_word' id='word_1_172' title='bbox 270 3537 335 3607; x_wconf 86' lang='lat' dir='ltr'><strong>etsi</strong></span> <span class='ocrx_word' id='word_1_173' title='bbox 359 3536 465 3606; x_wconf 86' lang='lat' dir='ltr'><strong>multa</strong></span> <span class='ocrx_word' id='word_1_174' title='bbox 486 3553 580 3626; x_wconf 83' lang='lat' dir='ltr'><strong>soepe</strong></span> <span class='ocrx_word' id='word_1_175' title='bbox 594 3532 759 3616; x_wconf 88' lang='lat' dir='ltr'><strong>dixerim,</strong></span> <span class='ocrx_word' id='word_1_176' title='bbox 776 3533 883 3603; x_wconf 88' lang='lat' dir='ltr'><strong>multa</strong></span> <span class='ocrx_word' id='word_1_177' title='bbox 895 3531 1023 3616; x_wconf 79' lang='lat' dir='ltr'><strong>dicam,</strong></span> <span class='ocrx_word' id='word_1_178' title='bbox 1041 3531 1069 3604; x_wconf 89' lang='lat' dir='ltr'><strong>si</strong></span> <span class='ocrx_word' id='word_1_179' title='bbox 1084 3532 1144 3604; x_wconf 91' lang='lat' dir='ltr'><strong>diu</strong></span> <span class='ocrx_word' id='word_1_180' title='bbox 1157 3531 1280 3602; x_wconf 89' lang='lat' dir='ltr'><strong>vivere</strong></span> <span class='ocrx_word' id='word_1_181' title='bbox 1293 3529 1354 3600; x_wconf 86' lang='lat' dir='ltr'><strong>da·</strong></span> 
     </span>
     <span class='ocr_line' id='line_1_26' title="bbox 271 3653 1354 3748; baseline -0.006 -21"><span class='ocrx_word' id='word_1_182' title='bbox 271 3668 344 3729; x_wconf 93' lang='lat' dir='ltr'><strong>tum</strong></span> <span class='ocrx_word' id='word_1_183' title='bbox 366 3666 431 3728; x_wconf 89' lang='lat' dir='ltr'><strong>est.</strong></span> <span class='ocrx_word' id='word_1_184' title='bbox 453 3657 595 3748; x_wconf 91' lang='lat' dir='ltr'><strong>Loquor</strong></span> <span class='ocrx_word' id='word_1_185' title='bbox 613 3666 650 3727; x_wconf 90' lang='lat' dir='ltr'><strong>ut</strong></span> <span class='ocrx_word' id='word_1_186' title='bbox 670 3657 813 3746; x_wconf 81' lang='lat' dir='ltr'><strong>vulgus:</strong></span> <span class='ocrx_word' id='word_1_187' title='bbox 836 3675 920 3726; x_wconf 89' lang='lat' dir='ltr'><strong>vere</strong></span> <span class='ocrx_word' id='word_1_188' title='bbox 942 3654 1032 3724; x_wconf 90' lang='lat' dir='ltr'><strong>euim</strong></span> <span class='ocrx_word' id='word_1_189' title='bbox 1056 3654 1090 3725; x_wconf 94' lang='lat' dir='ltr'><strong>in</strong></span> <span class='ocrx_word' id='word_1_190' title='bbox 1106 3654 1214 3726; x_wconf 90' lang='lat' dir='ltr'><strong>rebus</strong></span> <span class='ocrx_word' id='word_1_191' title='bbox 1231 3653 1354 3723; x_wconf 89' lang='lat' dir='ltr'><strong>huma-</strong></span> 
     </span>
     <span class='ocr_line' id='line_1_27' title="bbox 270 3773 1353 3869; baseline -0.007 -17"><span class='ocrx_word' id='word_1_192' title='bbox 270 3782 324 3852; x_wconf 94' lang='lat' dir='ltr'><strong>nis</strong></span> <span class='ocrx_word' id='word_1_193' title='bbox 346 3780 430 3850; x_wconf 92' lang='lat' dir='ltr'><strong>nihil</strong></span> <span class='ocrx_word' id='word_1_194' title='bbox 462 3788 517 3851; x_wconf 90' lang='lat' dir='ltr'><strong>est</strong></span> <span class='ocrx_word' id='word_1_195' title='bbox 549 3777 624 3860; x_wconf 85' lang='lat' dir='ltr'><strong>diu,</strong></span> <span class='ocrx_word' id='word_1_196' title='bbox 661 3799 730 3848; x_wconf 90' lang='lat' dir='ltr'><strong>uon</strong></span> <span class='ocrx_word' id='word_1_197' title='bbox 759 3777 872 3848; x_wconf 88' lang='lat' dir='ltr'><strong>dicam</strong></span> <span class='ocrx_word' id='word_1_198' title='bbox 908 3776 1092 3869; x_wconf 78' lang='lat' dir='ltr'><strong>gaudium,</strong></span> <span class='ocrx_word' id='word_1_199' title='bbox 1117 3799 1179 3848; x_wconf 87' lang='lat' dir='ltr'><strong>seu</strong></span> <span class='ocrx_word' id='word_1_200' title='bbox 1206 3773 1353 3868; x_wconf 78' lang='lat' dir='ltr'><strong>fugitiva</strong></span> 
     </span>
     <span class='ocr_line' id='line_1_28' title="bbox 270 3894 1354 3996; baseline -0.008 -24"><span class='ocrx_word' id='word_1_201' title='bbox 270 3902 499 3996; x_wconf 87' lang='lat' dir='ltr'><strong>prosperitas,</strong></span> <span class='ocrx_word' id='word_1_202' title='bbox 523 3900 585 3973; x_wconf 90' lang='lat' dir='ltr'><strong>sed</strong></span> <span class='ocrx_word' id='word_1_203' title='bbox 607 3921 671 3970; x_wconf 91' lang='lat' dir='ltr'><strong>neo</strong></span> <span class='ocrx_word' id='word_1_204' title='bbox 691 3900 790 3970; x_wconf 92' lang='lat' dir='ltr'><strong>dolor</strong></span> <span class='ocrx_word' id='word_1_205' title='bbox 807 3900 897 3994; x_wconf 87' lang='lat' dir='ltr'><strong>ipse,</strong></span> <span class='ocrx_word' id='word_1_206' title='bbox 918 3919 982 3970; x_wconf 90' lang='lat' dir='ltr'><strong>neo</strong></span> <span class='ocrx_word' id='word_1_207' title='bbox 1002 3899 1155 3989; x_wconf 75' lang='lat' dir='ltr'><strong>gemitus</strong></span> <span class='ocrx_word' id='word_1_208' title='bbox 1175 3897 1236 3991; x_wconf 89' lang='lat' dir='ltr'><strong>qui</strong></span> <span class='ocrx_word' id='word_1_209' title='bbox 1257 3894 1354 3968; x_wconf 90' lang='lat' dir='ltr'><strong>uobi-</strong></span> 
     </span>
     <span class='ocr_line' id='line_1_29' title="bbox 272 4017 1351 4115; baseline -0.004 -23"><span class='ocrx_word' id='word_1_210' title='bbox 272 4045 368 4095; x_wconf 79' lang='lat' dir='ltr'><strong>scum</strong></span> <span class='ocrx_word' id='word_1_211' title='bbox 385 4032 421 4095; x_wconf 93' lang='lat' dir='ltr'><strong>et</strong></span> <span class='ocrx_word' id='word_1_212' title='bbox 441 4023 608 4115; x_wconf 89' lang='lat' dir='ltr'><strong>incipiunt</strong></span> <span class='ocrx_word' id='word_1_213' title='bbox 639 4031 674 4093; x_wconf 88' lang='lat' dir='ltr'><strong>et</strong></span> <span class='ocrx_word' id='word_1_214' title='bbox 706 4020 882 4092; x_wconf 89' lang='lat' dir='ltr'><strong>desinunt.</strong></span> <span class='ocrx_word' id='word_1_215' title='bbox 905 4021 1076 4092; x_wconf 85' lang='lat' dir='ltr'><strong>Caeterum</strong></span> <span class='ocrx_word' id='word_1_216' title='bbox 1099 4020 1186 4114; x_wconf 90' lang='lat' dir='ltr'><strong>quid</strong></span> <span class='ocrx_word' id='word_1_217' title='bbox 1207 4019 1292 4089; x_wconf 89' lang='lat' dir='ltr'><strong>mihi</strong></span> <span class='ocrx_word' id='word_1_218' title='bbox 1318 4017 1351 4089; x_wconf 90' lang='lat' dir='ltr'><strong>in</strong></span> 
     </span>
     <span class='ocr_line' id='line_1_30' title="bbox 272 4141 1353 4236; baseline 0.002 -28"><span class='ocrx_word' id='word_1_219' title='bbox 272 4141 325 4209; x_wconf 85' lang='lat' dir='ltr'><strong>his</strong></span> <span class='ocrx_word' id='word_1_220' title='bbox 347 4144 571 4234; x_wconf 85' lang='lat' dir='ltr'><strong>quantislibet</strong></span> <span class='ocrx_word' id='word_1_221' title='bbox 588 4144 671 4213; x_wconf 87' lang='lat' dir='ltr'><strong>vitae</strong></span> <span class='ocrx_word' id='word_1_222' title='bbox 688 4143 843 4214; x_wconf 85' lang='lat' dir='ltr'><strong>mortalis</strong></span> <span class='ocrx_word' id='word_1_223' title='bbox 861 4142 1033 4235; x_wconf 83' lang='lat' dir='ltr'><strong>angustiis</strong></span> <span class='ocrx_word' id='word_1_224' title='bbox 1048 4142 1178 4236; x_wconf 86' lang='lat' dir='ltr'><strong>saepius</strong></span> <span class='ocrx_word' id='word_1_225' title='bbox 1196 4152 1353 4236; x_wconf 84' lang='lat' dir='ltr'><strong>repeton-</strong></span> 
     </span>
    </p>
   </div>
   <div class='ocr_carea' id='block_1_8' title="bbox 0 0 1536 4798">
    <p class='ocr_par' dir='ltr' id='par_1_8' title="bbox 0 0 1536 4798">
     <span class='ocr_line' id='line_1_31' title="bbox 0 0 1536 4798; baseline 0 1"><span class='ocrx_word' id='word_1_226' title='bbox 0 0 1536 4798; x_wconf 95' lang='lat' dir='ltr'><strong> </strong></span> 
     </span>
    </p>
   </div>
  </div>
 </body>
</html>
