3062 4798
396 353 489 404 LIBER
512 353 804 405 ocrtvnsnnclllus.
815 373 854 388 ····
866 355 1019 404 EPISTULA
1042 356 1061 401 l.
1208 341 1267 403 463

187 493 290 585 ptior.
305 489 402 576 Olim,
421 491 548 583 inquis
570 490 723 562 Romana
740 489 948 584 Respublica
966 489 1068 562 dives
1083 492 1156 562 fuit.
1170 493 1266 578 Quis,

187 635 247 686 oro
269 626 317 699 le,
344 612 489 684 divitem
512 609 605 684 illam
630 611 724 694 lecit,
746 611 813 683 nisi
831 611 961 683 civium
983 635 1125 688 suorum
1143 614 1265 701 virtus,

186 761 226 810 ao
255 734 434 808 modestia
461 735 614 808 studium
639 745 674 808 et
698 735 839 808 iustitiae
863 737 976 808 cultus
1001 740 1110 808 atrei
1135 737 1267 809 belliaae

186 859 390 952 disciplina?
409 857 500 942 Quid
520 868 636 929 autem
656 859 769 931 maius
790 879 935 932 censes:
960 857 1050 932 inter
1074 869 1126 931 tot
1145 871 1267 952 gentes

185 981 387 1064 indomitas,
413 979 504 1052 iuter
529 989 579 1052 tot
611 983 755 1077 populos
789 982 1012 1077 prohibentes
1041 983 1207 1056 evexisse
1231 983 1267 1052 in

187 1104 285 1176 silvis
300 1103 483 1188 dumosis,
505 1112 541 1176 et
561 1103 595 1172 in
617 1101 762 1176 collibus
787 1105 966 1199 imperviis
987 1103 1179 1178 inauditum
1200 1105 1266 1176 illis

186 1223 408 1320 temporibus,
430 1236 465 1298 et
482 1227 633 1301 invisum
651 1205 785 1312 nomen,
805 1249 848 1298 an
868 1227 983 1300 adhue
1000 1227 1173 1300 stantibus
1188 1229 1268 1299 fun-

186 1351 356 1422 damentis
385 1361 420 1421 et
444 1350 638 1422 reverentia
667 1350 818 1422 nominis
844 1361 915 1422 toto
934 1350 1018 1422 orbe
1041 1350 1183 1433 diffusa,
1211 1368 1267 1422 se-

186 1482 322 1543 nectute
343 1475 532 1566 collapsum
559 1473 767 1544 restituere?
781 1473 854 1545 Hie
874 1472 960 1542 mibi
984 1473 1208 1544 mutationem
1237 1473 1268 1542 sl

185 1596 264 1686 quis
285 1593 424 1668 obiiciat
444 1616 512 1666 non
534 1595 687 1679 audiam,
709 1597 767 1666 vel
788 1595 817 1664 si
840 1591 977 1669 audiam
1004 1594 1135 1667 ridebo.
1156 1595 1268 1666 Crede
1309 1660 1312 1673 ,

185 1718 277 1788 enm
298 1719 391 1803 mihi,
415 1719 541 1803 caen,
564 1697 825 1790 mandasmei
847 1731 904 1790 est
922 1719 982 1811 qur
998 1719 1069 1804 ruri,
1090 1717 1182 1790 ruem
1203 1722 1266 1801 eor,

185 1841 308 1912 eadem
325 1843 512 1913 elementa:
531 1842 643 1914 virtus
663 1845 736 1914 sola
752 1841 918 1914 decrevit.
938 1841 1123 1913 Civitatem
1140 1863 1270 1934 nempe

184 1983 360 2053 manuque
381 1973 625 2054 congestarum
653 1965 795 2035 molium
821 1966 899 2036 alim
923 1975 1124 2048 eraverunt,
1147 1966 1268 2038 deere-

183 2084 381 2168 versellas,
404 2083 563 2177 qnaedam
589 2087 748 2158 funditus
774 2097 991 2170 corruerunt,
1016 2087 1146 2160 nostris
1171 2109 1269 2181 quae-

184 2211 264 2282 dam
284 2229 472 2281 surrexere
489 2209 715 2302 temporibus.
732 2209 842 2282 Vetus
859 2218 915 2282 est
930 2210 1136 2284 vicissitudo
1151 2232 1271 2282 rernm¹

184 2333 429 2406 humanarum.
462 2331 555 2415 Quid
587 2333 669 2404 bine
697 2332 823 2404 elicis?
852 2333 979 2403 lterum
1014 2353 1136 2424 quaeso
1166 2332 1270 2405 crede

184 2455 277 2525 mihi.
311 2455 345 2526 Si
376 2457 485 2527 Roma
510 2455 567 2527 illa
592 2455 686 2528 unde
712 2455 850 2528 titulum
877 2455 1001 2539 trabis,
1033 2466 1071 2526 et
1095 2455 1124 2526 si
1150 2456 1269 2528 Caesar

87 2627 93 2638 .
184 2579 248 2662 ille,
270 2579 370 2650 euius
389 2596 513 2649 nomen
534 2591 648 2670 alque,
669 2589 706 2648 ut
723 2597 865 2670 sperare
884 2573 1093 2661 solebamus,
1112 2577 1267 2649 animum

156 2756 160 2761 .
184 2701 301 2786 babes,
317 2702 421 2774 hodie
435 2702 604 2786 viverent,
624 2699 849 2774 multo-eitius
864 2721 969 2794 quam
990 2709 1072 2771 tune
1088 2699 1133 2770 ad
1151 2721 1272 2772 arcem

183 2845 298 2895 rerum
320 2835 425 2919 atque
444 2823 582 2919 Imperii
602 2824 778 2916 fastigium
802 2824 1036 2917 pervenirent.
1059 2825 1154 2895 Tune
1174 2823 1267 2895 enim

183 2949 420 3039 repugnantia
441 2951 585 3020 multum
606 2948 685 3033 luit,
708 2967 818 3039 grave
837 2947 968 3020 nostris
988 2947 1191 3042 perieulum,
1214 2947 1268 3018 in·

182 3089 271 3160 gens
292 3069 410 3139 labor:
437 3093 529 3142 nune
553 3072 655 3166 plana
681 3071 851 3144 etfacilis
878 3072 935 3144 via
960 3081 1037 3144 est:
1065 3071 1129 3142 sed
1156 3071 1268 3141 viator

182 3191 304 3262 deest:
339 3193 445 3261 luxus
469 3204 506 3262 et
529 3195 651 3263 inertia
683 3197 751 3266 late
785 3207 950 3286 regnant:
979 3195 1119 3287 ignavia
1146 3193 1266 3265 orbem

184 3324 354 3386 terrarum
387 3313 558 3406 possidet,
586 3327 718 3386 armate
745 3317 876 3387 cassari
901 3335 984 3387 mox
1010 3337 1168 3399 cessura,
1197 3285 1310 3388 lmo’·

183 3439 239 3508 vel
266 3457 328 3530 pro
354 3445 388 3534 te
413 3445 530 3529 partas
562 3445 691 3508 actura.
723 3439 845 3510 Nonne
868 3439 995 3510 etenim
1020 3449 1118 3509 tuum
1139 3456 1266 3508 nomen

184 3559 302 3654 paucis
340 3560 441 3632 bonis
478 3571 513 3631 et
548 3561 761 3632 amatoribus
805 3562 945 3633 virtutis
983 3573 1087 3654 atque
1129 3559 1267 3653 Imperii

183 3685 337 3757 adiutum
361 3683 535 3756 adversus
561 3683 706 3755 inertem
733 3685 855 3756 luxum
881 3683 1121 3777 inermemque
1147 3703 1268 3776 super-

181 3805 273 3878 biam
287 3805 386 3878 laeile
404 3807 531 3879 bellum
551 3827 653 3879 omne
672 3806 882 3880 contineret?
898 3809 960 3880 Vis
977 3831 1046 3880 non
1066 3807 1171 3878 modo
1186 3825 1266 3900 pro

181 3929 260 4000 bem
289 3929 352 4001 sed
377 3929 559 4002 ostendam
585 3928 647 4000 tibi
672 3929 739 4002 ista
763 3951 844 4002 esse
861 3943 912 4003 *ut
943 3931 1044 4002 dieo‘?
1069 3948 1159 4001 eece.
1192 3931 1266 4000 Nu·-

181 4049 386 4124 diustertius
412 4063 516 4147 eaput
540 4053 666 4125 extulit
697 4053 837 4148 quidam
866 4075 887 4124 e
921 4053 1019 4147 plebe
1050 4053 1170 4125 bunrili
1195 4073 1264 4124 non

182 4195 346 4248 romanus
373 4198 448 4261 rex,
476 4197 545 4248 non
571 4180 708 4262 consul,
736 4199 803 4249 non
837 4177 1001 4272 patricius
1026 4188 1062 4250 et
1088 4176 1149 4248 vix
1175 4176 1268 4247 beno
