<?xml version="1.0" encoding="UTF-8"?>
<!DOCTYPE html PUBLIC "-//W3C//DTD XHTML 1.0 Transitional//EN"
    "http://www.w3.org/TR/xhtml1/DTD/xhtml1-transitional.dtd">
<html xmlns="http://www.w3.org/1999/xhtml" xml:lang="en" lang="en">
 <head>
  <title>
</title>
<meta http-equiv="Content-Type" content="text/html;charset=utf-8" />
  <meta name='ocr-system' content='tesseract 3.04.00' />
  <meta name='ocr-capabilities' content='ocr_page ocr_carea ocr_par ocr_line ocrx_word'/>
</head>
<body>
  <div class='ocr_page' id='page_1' title='image "./franciscipetrar01fracgoog_0429.png"; bbox 0 0 3062 4798; ppageno 0'>
   <div class='ocr_carea' id='block_1_1' title="bbox 267 322 1010 383">
    <p class='ocr_par' dir='ltr' id='par_1_1' title="bbox 267 322 1010 383">
     <span class='ocr_line' id='line_1_1' title="bbox 267 322 1010 383; baseline -0.007 -1"><span class='ocrx_word' id='word_1_1' title='bbox 267 322 326 383; x_wconf 71' lang='lat'><strong>418</strong></span> <span class='ocrx_word' id='word_1_2' title='bbox 603 331 644 378; x_wconf 82' lang='lat' dir='ltr'><strong>nn</strong></span> <span class='ocrx_word' id='word_1_3' title='bbox 666 329 767 379; x_wconf 88' lang='lat' dir='ltr'><strong>nnnus</strong></span> <span class='ocrx_word' id='word_1_4' title='bbox 788 327 1010 378; x_wconf 83' lang='lat' dir='ltr'><strong>rnnrnmnmns</strong></span> 
     </span>
    </p>
   </div>
   <div class='ocr_carea' id='block_1_2' title="bbox 244 463 1352 4242">
    <p class='ocr_par' dir='ltr' id='par_1_2' title="bbox 244 463 1352 4242">
     <span class='ocr_line' id='line_1_2' title="bbox 269 463 1352 558; baseline 0.001 -21"><span class='ocrx_word' id='word_1_5' title='bbox 269 470 351 537; x_wconf 83' lang='lat' dir='ltr'><strong>Haec</strong></span> <span class='ocrx_word' id='word_1_6' title='bbox 368 475 533 557; x_wconf 80' lang='lat' dir='ltr'><strong>actergo,</strong></span> <span class='ocrx_word' id='word_1_7' title='bbox 553 466 599 535; x_wconf 94' lang='lat' dir='ltr'><strong>mi</strong></span> <span class='ocrx_word' id='word_1_8' title='bbox 618 467 736 549; x_wconf 83' lang='lat' dir='ltr'><strong>irater,</strong></span> <span class='ocrx_word' id='word_1_9' title='bbox 761 464 984 536; x_wconf 82' lang='lat' dir='ltr'><strong>Ciceroniana</strong></span> <span class='ocrx_word' id='word_1_10' title='bbox 1002 466 1060 535; x_wconf 82' lang='lat' dir='ltr'><strong>lex</strong></span> <span class='ocrx_word' id='word_1_11' title='bbox 1076 464 1152 549; x_wconf 86' lang='lat' dir='ltr'><strong>Dei,</strong></span> <span class='ocrx_word' id='word_1_12' title='bbox 1173 487 1279 558; x_wconf 86' lang='lat' dir='ltr'><strong>quam</strong></span> <span class='ocrx_word' id='word_1_13' title='bbox 1297 463 1352 538; x_wconf 84' lang='lat' dir='ltr'><strong>vir</strong></span> 
     </span>
     <span class='ocr_line' id='line_1_3' title="bbox 269 587 1352 682; baseline 0.002 -23"><span class='ocrx_word' id='word_1_14' title='bbox 269 591 334 674; x_wconf 85' lang='lat' dir='ltr'><strong>ille,</strong></span> <span class='ocrx_word' id='word_1_15' title='bbox 350 612 418 662; x_wconf 91' lang='lat' dir='ltr'><strong>non</strong></span> <span class='ocrx_word' id='word_1_16' title='bbox 430 589 543 660; x_wconf 89' lang='lat' dir='ltr'><strong>dicam</strong></span> <span class='ocrx_word' id='word_1_17' title='bbox 561 588 654 680; x_wconf 90' lang='lat' dir='ltr'><strong>quod</strong></span> <span class='ocrx_word' id='word_1_18' title='bbox 668 589 870 658; x_wconf 88' lang='lat' dir='ltr'><strong>Lactantius</strong></span> <span class='ocrx_word' id='word_1_19' title='bbox 888 587 944 670; x_wconf 89' lang='lat' dir='ltr'><strong>ait,</strong></span> <span class='ocrx_word' id='word_1_20' title='bbox 960 590 1062 682; x_wconf 81' lang='lat' dir='ltr'><strong>longe</strong></span> <span class='ocrx_word' id='word_1_21' title='bbox 1081 611 1099 659; x_wconf 91' lang='lat' dir='ltr'><strong>a</strong></span> <span class='ocrx_word' id='word_1_22' title='bbox 1118 589 1276 661; x_wconf 92' lang='lat' dir='ltr'><strong>veritatis</strong></span> <span class='ocrx_word' id='word_1_23' title='bbox 1291 612 1352 661; x_wconf 95' lang='lat' dir='ltr'><strong>no-</strong></span> 
     </span>
     <span class='ocr_line' id='line_1_4' title="bbox 270 709 1351 803; baseline 0.001 -21"><span class='ocrx_word' id='word_1_24' title='bbox 270 711 344 782; x_wconf 86' lang='lat' dir='ltr'><strong>titia</strong></span> <span class='ocrx_word' id='word_1_25' title='bbox 361 719 531 792; x_wconf 75' lang='lat' dir='ltr'><strong>remotuS,</strong></span> <span class='ocrx_word' id='word_1_26' title='bbox 548 709 610 780; x_wconf 90' lang='lat' dir='ltr'><strong>sed</strong></span> <span class='ocrx_word' id='word_1_27' title='bbox 628 709 685 801; x_wconf 90' lang='lat' dir='ltr'><strong>qui</strong></span> <span class='ocrx_word' id='word_1_28' title='bbox 706 709 885 781; x_wconf 88' lang='lat' dir='ltr'><strong>veritatem</strong></span> <span class='ocrx_word' id='word_1_29' title='bbox 900 709 1148 792; x_wconf 77' lang='lat' dir='ltr'><strong>hanchristo,</strong></span> <span class='ocrx_word' id='word_1_30' title='bbox 1164 734 1267 803; x_wconf 87' lang='lat' dir='ltr'><strong>quem</strong></span> <span class='ocrx_word' id='word_1_31' title='bbox 1282 734 1351 783; x_wconf 91' lang='lat' dir='ltr'><strong>non</strong></span> 
     </span>
     <span class='ocr_line' id='line_1_5' title="bbox 270 831 1351 924; baseline 0.002 -20"><span class='ocrx_word' id='word_1_32' title='bbox 270 842 429 918; x_wconf 84' lang='lat' dir='ltr'><strong>noverat,</strong></span> <span class='ocrx_word' id='word_1_33' title='bbox 455 835 631 904; x_wconf 86' lang='lat' dir='ltr'><strong>revelante</strong></span> <span class='ocrx_word' id='word_1_34' title='bbox 651 840 891 924; x_wconf 82' lang='lat' dir='ltr'><strong>cognosceret,</strong></span> <span class='ocrx_word' id='word_1_35' title='bbox 920 832 1010 903; x_wconf 90' lang='lat' dir='ltr'><strong>adeo</strong></span> <span class='ocrx_word' id='word_1_36' title='bbox 1030 831 1268 924; x_wconf 84' lang='lat' dir='ltr'><strong>significanter</strong></span> <span class='ocrx_word' id='word_1_37' title='bbox 1288 857 1351 906; x_wconf 85' lang='lat' dir='ltr'><strong>ex-</strong></span> 
     </span>
     <span class='ocr_line' id='line_1_6' title="bbox 269 952 1351 1052; baseline -0.002 -26"><span class='ocrx_word' id='word_1_38' title='bbox 269 955 411 1048; x_wconf 81' lang='lat' dir='ltr'><strong>pressit,</strong></span> <span class='ocrx_word' id='word_1_39' title='bbox 427 965 464 1026; x_wconf 89' lang='lat' dir='ltr'><strong>ut</strong></span> <span class='ocrx_word' id='word_1_40' title='bbox 479 952 731 1046; x_wconf 81' lang='lat' dir='ltr'><strong>significantius</strong></span> <span class='ocrx_word' id='word_1_41' title='bbox 747 975 848 1025; x_wconf 94' lang='lat' dir='ltr'><strong>nemo</strong></span> <span class='ocrx_word' id='word_1_42' title='bbox 862 963 1054 1052; x_wconf 80' lang='lat' dir='ltr'><strong>possetaut</strong></span> <span class='ocrx_word' id='word_1_43' title='bbox 1067 954 1211 1025; x_wconf 91' lang='lat' dir='ltr'><strong>brevius</strong></span> <span class='ocrx_word' id='word_1_44' title='bbox 1229 977 1351 1026; x_wconf 90' lang='lat' dir='ltr'><strong>eorum</strong></span> 
     </span>
     <span class='ocr_line' id='line_1_7' title="bbox 270 1073 1352 1170; baseline 0.003 -23"><span class='ocrx_word' id='word_1_45' title='bbox 270 1100 409 1170; x_wconf 83' lang='lat' dir='ltr'><strong>quoque</strong></span> <span class='ocrx_word' id='word_1_46' title='bbox 430 1077 488 1168; x_wconf 87' lang='lat' dir='ltr'><strong>qui</strong></span> <span class='ocrx_word' id='word_1_47' title='bbox 510 1097 607 1146; x_wconf 84' lang='lat' dir='ltr'><strong>verae</strong></span> <span class='ocrx_word' id='word_1_48' title='bbox 627 1073 708 1148; x_wconf 86' lang='lat' dir='ltr'><strong>fidei</strong></span> <span class='ocrx_word' id='word_1_49' title='bbox 732 1075 958 1148; x_wconf 79' lang='lat' dir='ltr'><strong>sacramentis</strong></span> <span class='ocrx_word' id='word_1_50' title='bbox 985 1077 1106 1146; x_wconf 84' lang='lat' dir='ltr'><strong>initiati</strong></span> <span class='ocrx_word' id='word_1_51' title='bbox 1135 1085 1232 1148; x_wconf 88' lang='lat' dir='ltr'><strong>sunt:</strong></span> <span class='ocrx_word' id='word_1_52' title='bbox 1257 1079 1352 1170; x_wconf 91' lang='lat' dir='ltr'><strong>quod</strong></span> 
     </span>
     <span class='ocr_line' id='line_1_8' title="bbox 271 1197 1351 1282; baseline 0.002 -12"><span class='ocrx_word' id='word_1_53' title='bbox 271 1198 346 1270; x_wconf 90' lang='lat' dir='ltr'><strong>sine</strong></span> <span class='ocrx_word' id='word_1_54' title='bbox 367 1197 485 1280; x_wconf 88' lang='lat' dir='ltr'><strong>dubio,</strong></span> <span class='ocrx_word' id='word_1_55' title='bbox 513 1200 548 1267; x_wconf 95' lang='lat' dir='ltr'><strong>in</strong></span> <span class='ocrx_word' id='word_1_56' title='bbox 574 1199 640 1270; x_wconf 92' lang='lat' dir='ltr'><strong>hoc</strong></span> <span class='ocrx_word' id='word_1_57' title='bbox 664 1199 754 1270; x_wconf 93' lang='lat' dir='ltr'><strong>enim</strong></span> <span class='ocrx_word' id='word_1_58' title='bbox 776 1221 797 1269; x_wconf 93' lang='lat' dir='ltr'><strong>a</strong></span> <span class='ocrx_word' id='word_1_59' title='bbox 822 1199 1001 1270; x_wconf 80' lang='lat' dir='ltr'><strong>Lactantio</strong></span> <span class='ocrx_word' id='word_1_60' title='bbox 1026 1198 1204 1282; x_wconf 88' lang='lat' dir='ltr'><strong>discordo,</strong></span> <span class='ocrx_word' id='word_1_61' title='bbox 1232 1201 1351 1272; x_wconf 87' lang='lat' dir='ltr'><strong>divino</strong></span> 
     </span>
     <span class='ocr_line' id='line_1_9' title="bbox 270 1321 1351 1417; baseline 0.001 -25"><span class='ocrx_word' id='word_1_62' title='bbox 270 1322 385 1413; x_wconf 92' lang='lat' dir='ltr'><strong>aliquo</strong></span> <span class='ocrx_word' id='word_1_63' title='bbox 417 1321 540 1414; x_wconf 89' lang='lat' dir='ltr'><strong>spiritu</strong></span> <span class='ocrx_word' id='word_1_64' title='bbox 575 1321 761 1414; x_wconf 84' lang='lat' dir='ltr'><strong>instigatus</strong></span> <span class='ocrx_word' id='word_1_65' title='bbox 795 1321 920 1392; x_wconf 89' lang='lat' dir='ltr'><strong>iecisse</strong></span> <span class='ocrx_word' id='word_1_66' title='bbox 949 1321 1146 1392; x_wconf 89' lang='lat' dir='ltr'><strong>credendus</strong></span> <span class='ocrx_word' id='word_1_67' title='bbox 1169 1332 1244 1417; x_wconf 41' lang='lat' dir='ltr'><strong>,ast</strong></span> <span class='ocrx_word' id='word_1_68' title='bbox 1276 1323 1351 1393; x_wconf 88' lang='lat' dir='ltr'><strong>Scis</strong></span> 
     </span>
     <span class='ocr_line' id='line_1_10' title="bbox 270 1443 1351 1536; baseline 0 -21"><span class='ocrx_word' id='word_1_69' title='bbox 270 1454 387 1516; x_wconf 89' lang='lat' dir='ltr'><strong>antem</strong></span> <span class='ocrx_word' id='word_1_70' title='bbox 409 1466 473 1514; x_wconf 88' lang='lat' dir='ltr'><strong>cur</strong></span> <span class='ocrx_word' id='word_1_71' title='bbox 493 1443 677 1514; x_wconf 89' lang='lat' dir='ltr'><strong>immobilis</strong></span> <span class='ocrx_word' id='word_1_72' title='bbox 707 1443 828 1516; x_wconf 84' lang='lat' dir='ltr'><strong>divina</strong></span> <span class='ocrx_word' id='word_1_73' title='bbox 849 1446 906 1514; x_wconf 83' lang='lat' dir='ltr'><strong>lex</strong></span> <span class='ocrx_word' id='word_1_74' title='bbox 927 1447 1005 1513; x_wconf 86' lang='lat' dir='ltr'><strong>est‘?</strong></span> <span class='ocrx_word' id='word_1_75' title='bbox 1034 1443 1115 1536; x_wconf 89' lang='lat' dir='ltr'><strong>quia</strong></span> <span class='ocrx_word' id='word_1_76' title='bbox 1136 1443 1181 1514; x_wconf 94' lang='lat' dir='ltr'><strong>ab</strong></span> <span class='ocrx_word' id='word_1_77' title='bbox 1201 1444 1264 1515; x_wconf 89' lang='lat' dir='ltr'><strong>illo</strong></span> <span class='ocrx_word' id='word_1_78' title='bbox 1284 1447 1351 1515; x_wconf 87' lang='lat' dir='ltr'><strong>lata</strong></span> 
     </span>
     <span class='ocr_line' id='line_1_11' title="bbox 270 1562 1348 1660; baseline -0.001 -22"><span class='ocrx_word' id='word_1_79' title='bbox 270 1579 326 1638; x_wconf 90' lang='lat' dir='ltr'><strong>est</strong></span> <span class='ocrx_word' id='word_1_80' title='bbox 346 1567 404 1660; x_wconf 83' lang='lat' dir='ltr'><strong>qui</strong></span> <span class='ocrx_word' id='word_1_81' title='bbox 423 1587 562 1660; x_wconf 81' lang='lat' dir='ltr'><strong>semper</strong></span> <span class='ocrx_word' id='word_1_82' title='bbox 581 1565 671 1636; x_wconf 85' lang='lat' dir='ltr'><strong>idem</strong></span> <span class='ocrx_word' id='word_1_83' title='bbox 690 1565 765 1658; x_wconf 92' lang='lat' dir='ltr'><strong>ipse</strong></span> <span class='ocrx_word' id='word_1_84' title='bbox 783 1562 851 1650; x_wconf 87' lang='lat' dir='ltr'><strong>est,</strong></span> <span class='ocrx_word' id='word_1_85' title='bbox 867 1575 904 1635; x_wconf 94' lang='lat' dir='ltr'><strong>et</strong></span> <span class='ocrx_word' id='word_1_86' title='bbox 920 1566 1001 1635; x_wconf 89' lang='lat' dir='ltr'><strong>anni</strong></span> <span class='ocrx_word' id='word_1_87' title='bbox 1022 1566 1075 1636; x_wconf 88' lang='lat' dir='ltr'><strong>sni</strong></span> <span class='ocrx_word' id='word_1_88' title='bbox 1092 1588 1161 1637; x_wconf 90' lang='lat' dir='ltr'><strong>non</strong></span> <span class='ocrx_word' id='word_1_89' title='bbox 1179 1565 1348 1649; x_wconf 84' lang='lat' dir='ltr'><strong>deficient,</strong></span> 
     </span>
     <span class='ocr_line' id='line_1_12' title="bbox 270 1687 1349 1781; baseline 0.001 -21"><span class='ocrx_word' id='word_1_90' title='bbox 270 1701 305 1760; x_wconf 91' lang='lat' dir='ltr'><strong>et</strong></span> <span class='ocrx_word' id='word_1_91' title='bbox 322 1690 365 1760; x_wconf 90' lang='lat' dir='ltr'><strong>de</strong></span> <span class='ocrx_word' id='word_1_92' title='bbox 383 1687 489 1759; x_wconf 89' lang='lat' dir='ltr'><strong>rebus</strong></span> <span class='ocrx_word' id='word_1_93' title='bbox 508 1694 649 1758; x_wconf 89' lang='lat' dir='ltr'><strong>estnon</strong></span> <span class='ocrx_word' id='word_1_94' title='bbox 671 1688 955 1774; x_wconf 85' lang='lat' dir='ltr'><strong>transeuntibus,</strong></span> <span class='ocrx_word' id='word_1_95' title='bbox 978 1711 1093 1781; x_wconf 91' lang='lat' dir='ltr'><strong>neque</strong></span> <span class='ocrx_word' id='word_1_96' title='bbox 1110 1689 1349 1774; x_wconf 73' lang='lat' dir='ltr'><strong>mutabilibus</strong></span> 
     </span>
     <span class='ocr_line' id='line_1_13' title="bbox 271 1803 1349 1904; baseline 0 -22"><span class='ocrx_word' id='word_1_97' title='bbox 271 1812 334 1882; x_wconf 87' lang='lat' dir='ltr'><strong>sed</strong></span> <span class='ocrx_word' id='word_1_98' title='bbox 351 1810 505 1892; x_wconf 86' lang='lat' dir='ltr'><strong>aeternis,</strong></span> <span class='ocrx_word' id='word_1_99' title='bbox 525 1819 560 1880; x_wconf 91' lang='lat' dir='ltr'><strong>et</strong></span> <span class='ocrx_word' id='word_1_100' title='bbox 579 1809 608 1880; x_wconf 92' lang='lat' dir='ltr'><strong>si</strong></span> <span class='ocrx_word' id='word_1_101' title='bbox 625 1829 873 1901; x_wconf 88' lang='lat' dir='ltr'><strong>nonnunquam</strong></span> <span class='ocrx_word' id='word_1_102' title='bbox 888 1803 932 1882; x_wconf 74' lang='lat' dir='ltr'><strong>de</strong></span> <span class='ocrx_word' id='word_1_103' title='bbox 953 1811 1165 1882; x_wconf 87' lang='lat' dir='ltr'><strong>transitoriis</strong></span> <span class='ocrx_word' id='word_1_104' title='bbox 1180 1813 1349 1904; x_wconf 88' lang='lat' dir='ltr'><strong>loquatur,</strong></span> 
     </span>
     <span class='ocr_line' id='line_1_14' title="bbox 270 1931 1352 2026; baseline 0.004 -25"><span class='ocrx_word' id='word_1_105' title='bbox 270 1935 303 2002; x_wconf 89' lang='lat' dir='ltr'><strong>in</strong></span> <span class='ocrx_word' id='word_1_106' title='bbox 327 1932 400 2026; x_wconf 89' lang='lat' dir='ltr'><strong>ipsa</strong></span> <span class='ocrx_word' id='word_1_107' title='bbox 424 1942 540 2002; x_wconf 89' lang='lat' dir='ltr'><strong>tamen</strong></span> <span class='ocrx_word' id='word_1_108' title='bbox 562 1940 677 2001; x_wconf 91' lang='lat' dir='ltr'><strong>mente</strong></span> <span class='ocrx_word' id='word_1_109' title='bbox 699 1931 906 2022; x_wconf 78' lang='lat' dir='ltr'><strong>legislatoris</strong></span> <span class='ocrx_word' id='word_1_110' title='bbox 926 1935 1046 2006; x_wconf 87' lang='lat' dir='ltr'><strong>omnia</strong></span> <span class='ocrx_word' id='word_1_111' title='bbox 1066 1934 1111 2006; x_wconf 90' lang='lat' dir='ltr'><strong>ad</strong></span> <span class='ocrx_word' id='word_1_112' title='bbox 1127 1945 1295 2006; x_wconf 88' lang='lat' dir='ltr'><strong>aeternam</strong></span> <span class='ocrx_word' id='word_1_113' title='bbox 1313 1935 1352 2005; x_wconf 93' lang='lat' dir='ltr'><strong>il-</strong></span> 
     </span>
     <span class='ocr_line' id='line_1_15' title="bbox 269 2054 1349 2158; baseline 0.007 -35"><span class='ocrx_word' id='word_1_114' title='bbox 269 2056 336 2124; x_wconf 90' lang='lat' dir='ltr'><strong>lam</strong></span> <span class='ocrx_word' id='word_1_115' title='bbox 359 2056 554 2125; x_wconf 86' lang='lat' dir='ltr'><strong>releruntur</strong></span> <span class='ocrx_word' id='word_1_116' title='bbox 583 2054 705 2138; x_wconf 82' lang='lat' dir='ltr'><strong>vitam,</strong></span> <span class='ocrx_word' id='word_1_117' title='bbox 729 2056 818 2126; x_wconf 86' lang='lat' dir='ltr'><strong>ultra</strong></span> <span class='ocrx_word' id='word_1_118' title='bbox 847 2079 951 2158; x_wconf 89' lang='lat' dir='ltr'><strong>quam</strong></span> <span class='ocrx_word' id='word_1_119' title='bbox 974 2057 1059 2128; x_wconf 87' lang='lat' dir='ltr'><strong>nibil</strong></span> <span class='ocrx_word' id='word_1_120' title='bbox 1079 2069 1144 2145; x_wconf 75' lang='lat' dir='ltr'><strong>est.</strong></span> <span class='ocrx_word' id='word_1_121' title='bbox 1167 2059 1217 2131; x_wconf 88' lang='lat' dir='ltr'><strong>lta</strong></span> <span class='ocrx_word' id='word_1_122' title='bbox 1238 2062 1349 2151; x_wconf 84' lang='lat' dir='ltr'><strong>legem</strong></span> 
     </span>
     <span class='ocr_line' id='line_1_16' title="bbox 270 2175 1351 2274; baseline 0.005 -29"><span class='ocrx_word' id='word_1_123' title='bbox 270 2175 315 2246; x_wconf 87' lang='lat' dir='ltr'><strong>ab</strong></span> <span class='ocrx_word' id='word_1_124' title='bbox 336 2175 468 2247; x_wconf 88' lang='lat' dir='ltr'><strong>infinito</strong></span> <span class='ocrx_word' id='word_1_125' title='bbox 486 2186 521 2247; x_wconf 91' lang='lat' dir='ltr'><strong>et</strong></span> <span class='ocrx_word' id='word_1_126' title='bbox 538 2176 744 2246; x_wconf 88' lang='lat' dir='ltr'><strong>immutabili</strong></span> <span class='ocrx_word' id='word_1_127' title='bbox 762 2186 797 2248; x_wconf 90' lang='lat' dir='ltr'><strong>et</strong></span> <span class='ocrx_word' id='word_1_128' title='bbox 813 2179 858 2249; x_wconf 93' lang='lat' dir='ltr'><strong>de</strong></span> <span class='ocrx_word' id='word_1_129' title='bbox 876 2179 1149 2252; x_wconf 87' lang='lat' dir='ltr'><strong>immutabilibus</strong></span> <span class='ocrx_word' id='word_1_130' title='bbox 1168 2192 1271 2274; x_wconf 83' lang='lat' dir='ltr'><strong>atque</strong></span> <span class='ocrx_word' id='word_1_131' title='bbox 1288 2182 1351 2250; x_wconf 85' lang='lat' dir='ltr'><strong>im-</strong></span> 
     </span>
     <span class='ocr_line' id='line_1_17' title="bbox 269 2298 1349 2396; baseline 0.006 -28"><span class='ocrx_word' id='word_1_132' title='bbox 269 2298 494 2391; x_wconf 90' lang='lat' dir='ltr'><strong>possibilibus</strong></span> <span class='ocrx_word' id='word_1_133' title='bbox 509 2301 609 2369; x_wconf 90' lang='lat' dir='ltr'><strong>aliter</strong></span> <span class='ocrx_word' id='word_1_134' title='bbox 624 2323 662 2373; x_wconf 92' lang='lat' dir='ltr'><strong>se</strong></span> <span class='ocrx_word' id='word_1_135' title='bbox 680 2301 812 2372; x_wconf 89' lang='lat' dir='ltr'><strong>habere</strong></span> <span class='ocrx_word' id='word_1_136' title='bbox 825 2301 963 2386; x_wconf 88' lang='lat' dir='ltr'><strong>editam,</strong></span> <span class='ocrx_word' id='word_1_137' title='bbox 979 2303 1014 2373; x_wconf 92' lang='lat' dir='ltr'><strong>in</strong></span> <span class='ocrx_word' id='word_1_138' title='bbox 1028 2313 1161 2375; x_wconf 84' lang='lat' dir='ltr'><strong>aeterna</strong></span> <span class='ocrx_word' id='word_1_139' title='bbox 1175 2303 1349 2396; x_wconf 87' lang='lat' dir='ltr'><strong>republica</strong></span> 
     </span>
     <span class='ocr_line' id='line_1_18' title="bbox 244 2419 1348 2514; baseline 0.007 -28"><span class='ocrx_word' id='word_1_140' title='bbox 244 2425 246 2429; x_wconf 82' lang='lat'>&#39;</span> <span class='ocrx_word' id='word_1_141' title='bbox 269 2419 557 2490; x_wconf 85' lang='lat' dir='ltr'><strong>interminabilem</strong></span> <span class='ocrx_word' id='word_1_142' title='bbox 571 2444 663 2514; x_wconf 84' lang='lat' dir='ltr'><strong>quoq</strong></span> <span class='ocrx_word' id='word_1_143' title='bbox 670 2444 712 2494; x_wconf 91' lang='lat' dir='ltr'><strong>ne</strong></span> <span class='ocrx_word' id='word_1_144' title='bbox 724 2433 760 2493; x_wconf 94' lang='lat' dir='ltr'><strong>et</strong></span> <span class='ocrx_word' id='word_1_145' title='bbox 773 2422 1020 2494; x_wconf 88' lang='lat' dir='ltr'><strong>immutabilem</strong></span> <span class='ocrx_word' id='word_1_146' title='bbox 1032 2445 1112 2496; x_wconf 87' lang='lat' dir='ltr'><strong>esse</strong></span> <span class='ocrx_word' id='word_1_147' title='bbox 1126 2447 1273 2496; x_wconf 88' lang='lat' dir='ltr'><strong>necesse</strong></span> <span class='ocrx_word' id='word_1_148' title='bbox 1283 2435 1348 2496; x_wconf 90' lang='lat' dir='ltr'><strong>est.</strong></span> 
     </span>
     <span class='ocr_line' id='line_1_19' title="bbox 269 2540 1351 2633; baseline 0.006 -23"><span class='ocrx_word' id='word_1_149' title='bbox 269 2540 380 2611; x_wconf 88' lang='lat' dir='ltr'><strong>Huius</strong></span> <span class='ocrx_word' id='word_1_150' title='bbox 390 2550 511 2612; x_wconf 91' lang='lat' dir='ltr'><strong>auctor</strong></span> <span class='ocrx_word' id='word_1_151' title='bbox 521 2542 608 2633; x_wconf 85' lang='lat' dir='ltr'><strong>legis</strong></span> <span class='ocrx_word' id='word_1_152' title='bbox 622 2543 855 2629; x_wconf 86' lang='lat' dir='ltr'><strong>estChristus,</strong></span> <span class='ocrx_word' id='word_1_153' title='bbox 870 2541 906 2616; x_wconf 77' lang='grc' dir='ltr'><strong>ἐι</strong></span> <span class='ocrx_word' id='word_1_154' title='bbox 918 2547 995 2618; x_wconf 76' lang='lat' dir='ltr'><strong>baec</strong></span> <span class='ocrx_word' id='word_1_155' title='bbox 1007 2558 1063 2619; x_wconf 90' lang='lat' dir='ltr'><strong>est</strong></span> <span class='ocrx_word' id='word_1_156' title='bbox 1074 2547 1130 2618; x_wconf 94' lang='lat' dir='ltr'><strong>illa</strong></span> <span class='ocrx_word' id='word_1_157' title='bbox 1143 2549 1202 2618; x_wconf 77' lang='lat' dir='ltr'><strong>lam</strong></span> <span class='ocrx_word' id='word_1_158' title='bbox 1216 2548 1351 2618; x_wconf 82' lang='lat' dir='ltr'><strong>Domini</strong></span> 
     </span>
     <span class='ocr_line' id='line_1_20' title="bbox 268 2665 1346 2764; baseline 0.007 -30"><span class='ocrx_word' id='word_1_159' title='bbox 268 2665 484 2735; x_wconf 83' lang='lat' dir='ltr'><strong>immaculata</strong></span> <span class='ocrx_word' id='word_1_160' title='bbox 495 2669 833 2753; x_wconf 80' lang='lat' dir='ltr'><strong>cortocrtcnsanimcs,</strong></span> <span class='ocrx_word' id='word_1_161' title='bbox 848 2667 892 2740; x_wconf 93' lang='lat' dir='ltr'><strong>de</strong></span> <span class='ocrx_word' id='word_1_162' title='bbox 905 2692 973 2761; x_wconf 87' lang='lat' dir='ltr'><strong>qna</strong></span> <span class='ocrx_word' id='word_1_163' title='bbox 987 2670 1140 2764; x_wconf 90' lang='lat' dir='ltr'><strong>loquitur</strong></span> <span class='ocrx_word' id='word_1_164' title='bbox 1154 2671 1346 2755; x_wconf 81' lang='lat' dir='ltr'><strong>Psalmista,</strong></span> 
     </span>
     <span class='ocr_line' id='line_1_21' title="bbox 268 2788 1347 2887; baseline 0.006 -29"><span class='ocrx_word' id='word_1_165' title='bbox 268 2788 421 2880; x_wconf 88' lang='lat' dir='ltr'><strong>illudque</strong></span> <span class='ocrx_word' id='word_1_166' title='bbox 447 2791 667 2859; x_wconf 86' lang='lat' dir='ltr'><strong>testimoninm</strong></span> <span class='ocrx_word' id='word_1_167' title='bbox 693 2789 831 2860; x_wconf 83' lang='lat' dir='ltr'><strong>Domini</strong></span> <span class='ocrx_word' id='word_1_168' title='bbox 851 2789 945 2884; x_wconf 77' lang='lat' dir='ltr'><strong>fidele</strong></span> <span class='ocrx_word' id='word_1_169' title='bbox 970 2795 1169 2886; x_wconf 84' lang='lat' dir='ltr'><strong>sapientium</strong></span> <span class='ocrx_word' id='word_1_170' title='bbox 1187 2805 1347 2887; x_wconf 75' lang='lat' dir='ltr'><strong>prostans</strong></span> 
     </span>
     <span class='ocr_line' id='line_1_22' title="bbox 264 2913 1347 3005; baseline 0.006 -24"><span class='ocrx_word' id='word_1_171' title='bbox 264 2914 427 3004; x_wconf 82' lang='lat' dir='ltr'><strong>ponentis.</strong></span> <span class='ocrx_word' id='word_1_172' title='bbox 455 2913 549 2982; x_wconf 89' lang='lat' dir='ltr'><strong>Hanc</strong></span> <span class='ocrx_word' id='word_1_173' title='bbox 570 2921 606 2981; x_wconf 89' lang='lat' dir='ltr'><strong>tu</strong></span> <span class='ocrx_word' id='word_1_174' title='bbox 625 2914 754 3004; x_wconf 84' lang='lat' dir='ltr'><strong>legem,</strong></span> <span class='ocrx_word' id='word_1_175' title='bbox 773 2935 940 3005; x_wconf 82' lang='lat' dir='ltr'><strong>germane</strong></span> <span class='ocrx_word' id='word_1_176' title='bbox 953 2917 1148 3002; x_wconf 88' lang='lat' dir='ltr'><strong>carissime,</strong></span> <span class='ocrx_word' id='word_1_177' title='bbox 1170 2939 1238 2988; x_wconf 90' lang='lat' dir='ltr'><strong>non</strong></span> <span class='ocrx_word' id='word_1_178' title='bbox 1258 2917 1347 2988; x_wconf 89' lang='lat' dir='ltr'><strong>inter</strong></span> 
     </span>
     <span class='ocr_line' id='line_1_23' title="bbox 270 3011 1346 3130; baseline 0.008 -29"><span class='ocrx_word' id='word_1_179' title='bbox 270 3032 553 3102; x_wconf 85' lang='lat' dir='ltr'><strong>scholasticorum</strong></span> <span class='ocrx_word' id='word_1_180' title='bbox 577 3011 702 3124; x_wconf 80' lang='lat' dir='ltr'><strong>greges</strong></span> <span class='ocrx_word' id='word_1_181' title='bbox 721 3035 756 3104; x_wconf 90' lang='lat' dir='ltr'><strong>in</strong></span> <span class='ocrx_word' id='word_1_182' title='bbox 775 3035 941 3130; x_wconf 75' lang='lat' dir='ltr'><strong>strepitu..</strong></span> <span class='ocrx_word' id='word_1_183' title='bbox 959 3039 1022 3110; x_wconf 92' lang='lat' dir='ltr'><strong>sed</strong></span> <span class='ocrx_word' id='word_1_184' title='bbox 1043 3042 1138 3112; x_wconf 91' lang='lat' dir='ltr'><strong>solus</strong></span> <span class='ocrx_word' id='word_1_185' title='bbox 1155 3040 1189 3110; x_wconf 92' lang='lat' dir='ltr'><strong>in</strong></span> <span class='ocrx_word' id='word_1_186' title='bbox 1212 3039 1346 3111; x_wconf 90' lang='lat' dir='ltr'><strong>silentio</strong></span> 
     </span>
     <span class='ocr_line' id='line_1_24' title="bbox 267 3152 1346 3254; baseline 0.01 -32"><span class='ocrx_word' id='word_1_187' title='bbox 267 3152 431 3235; x_wconf 81' lang='lat' dir='ltr'><strong>didicisti3</strong></span> <span class='ocrx_word' id='word_1_188' title='bbox 450 3154 545 3246; x_wconf 86' lang='lat' dir='ltr'><strong>quod</strong></span> <span class='ocrx_word' id='word_1_189' title='bbox 563 3157 682 3248; x_wconf 88' lang='lat' dir='ltr'><strong>utique</strong></span> <span class='ocrx_word' id='word_1_190' title='bbox 698 3180 767 3229; x_wconf 91' lang='lat' dir='ltr'><strong>non</strong></span> <span class='ocrx_word' id='word_1_191' title='bbox 786 3160 930 3231; x_wconf 81' lang='lat' dir='ltr'><strong>fecisses</strong></span> <span class='ocrx_word' id='word_1_192' title='bbox 949 3161 978 3233; x_wconf 90' lang='lat' dir='ltr'><strong>si</strong></span> <span class='ocrx_word' id='word_1_193' title='bbox 992 3165 1159 3254; x_wconf 91' lang='lat' dir='ltr'><strong>parvulus</strong></span> <span class='ocrx_word' id='word_1_194' title='bbox 1176 3185 1246 3233; x_wconf 92' lang='lat' dir='ltr'><strong>non</strong></span> <span class='ocrx_word' id='word_1_195' title='bbox 1262 3163 1346 3234; x_wconf 89' lang='lat' dir='ltr'><strong>luis-</strong></span> 
     </span>
     <span class='ocr_line' id='line_1_25' title="bbox 270 3277 1344 3377; baseline 0.009 -31"><span class='ocrx_word' id='word_1_196' title='bbox 270 3295 338 3347; x_wconf 91' lang='lat' dir='ltr'><strong>ses.</strong></span> <span class='ocrx_word' id='word_1_197' title='bbox 353 3277 419 3347; x_wconf 89' lang='lat' dir='ltr'><strong>Pro</strong></span> <span class='ocrx_word' id='word_1_198' title='bbox 433 3279 590 3370; x_wconf 89' lang='lat' dir='ltr'><strong>parvulis</strong></span> <span class='ocrx_word' id='word_1_199' title='bbox 604 3279 695 3349; x_wconf 91' lang='lat' dir='ltr'><strong>enim</strong></span> <span class='ocrx_word' id='word_1_200' title='bbox 715 3278 864 3352; x_wconf 89' lang='lat' dir='ltr'><strong>humiles</strong></span> <span class='ocrx_word' id='word_1_201' title='bbox 883 3285 992 3377; x_wconf 91' lang='lat' dir='ltr'><strong>accipi</strong></span> <span class='ocrx_word' id='word_1_202' title='bbox 1008 3287 1105 3356; x_wconf 87' lang='lat' dir='ltr'><strong>locus</strong></span> <span class='ocrx_word' id='word_1_203' title='bbox 1118 3286 1173 3358; x_wconf 92' lang='lat' dir='ltr'><strong>ille</strong></span> <span class='ocrx_word' id='word_1_204' title='bbox 1188 3295 1344 3369; x_wconf 88' lang='lat' dir='ltr'><strong>testatur,</strong></span> 
     </span>
     <span class='ocr_line' id='line_1_26' title="bbox 269 3400 1346 3497; baseline 0.006 -27"><span class='ocrx_word' id='word_1_205' title='bbox 269 3400 327 3470; x_wconf 90' lang='lat' dir='ltr'><strong>nbi</strong></span> <span class='ocrx_word' id='word_1_206' title='bbox 357 3401 522 3494; x_wconf 91' lang='lat' dir='ltr'><strong>scriptum</strong></span> <span class='ocrx_word' id='word_1_207' title='bbox 548 3414 617 3474; x_wconf 87' lang='lat' dir='ltr'><strong>ast:</strong></span> <span class='ocrx_word' id='word_1_208' title='bbox 640 3405 737 3473; x_wconf 84' lang='lat' dir='ltr'><strong>sinite</strong></span> <span class='ocrx_word' id='word_1_209' title='bbox 760 3408 920 3497; x_wconf 83' lang='lat' dir='ltr'><strong>purvulos</strong></span> <span class='ocrx_word' id='word_1_210' title='bbox 940 3407 1056 3476; x_wconf 81' lang='lat' dir='ltr'><strong>venire</strong></span> <span class='ocrx_word' id='word_1_211' title='bbox 1078 3407 1206 3493; x_wconf 81' lang='lat' dir='ltr'><strong>adme,</strong></span> <span class='ocrx_word' id='word_1_212' title='bbox 1230 3411 1346 3478; x_wconf 84' lang='lat' dir='ltr'><strong>talium</strong></span> 
     </span>
     <span class='ocr_line' id='line_1_27' title="bbox 268 3527 1346 3616; baseline 0.007 -24"><span class='ocrx_word' id='word_1_213' title='bbox 268 3535 315 3595; x_wconf 85' lang='lat' dir='ltr'><strong>cst</strong></span> <span class='ocrx_word' id='word_1_214' title='bbox 334 3527 422 3594; x_wconf 84' lang='lat' dir='ltr'><strong>enim</strong></span> <span class='ocrx_word' id='word_1_215' title='bbox 442 3547 581 3616; x_wconf 80' lang='lat' dir='ltr'><strong>rcpnnrn</strong></span> <span class='ocrx_word' id='word_1_216' title='bbox 603 3529 773 3608; x_wconf 67' lang='lat' dir='ltr'><strong>coelorum</strong></span> <span class='ocrx_word' id='word_1_217' title='bbox 795 3539 830 3599; x_wconf 93' lang='lat' dir='ltr'><strong>et</strong></span> <span class='ocrx_word' id='word_1_218' title='bbox 852 3529 923 3600; x_wconf 91' lang='lat' dir='ltr'><strong>ille:</strong></span> <span class='ocrx_word' id='word_1_219' title='bbox 945 3529 1145 3602; x_wconf 80' lang='lat' dir='ltr'><strong>abscondisti</strong></span> <span class='ocrx_word' id='word_1_220' title='bbox 1165 3533 1234 3602; x_wconf 79' lang='lat' dir='ltr'><strong>nnc</strong></span> <span class='ocrx_word' id='word_1_221' title='bbox 1253 3555 1275 3602; x_wconf 87' lang='lat' dir='ltr'><strong>a</strong></span> <span class='ocrx_word' id='word_1_222' title='bbox 1292 3554 1346 3600; x_wconf 85' lang='lat' dir='ltr'><strong>sa-</strong></span> 
     </span>
     <span class='ocr_line' id='line_1_28' title="bbox 263 3646 1345 3746; baseline 0.008 -31"><span class='ocrx_word' id='word_1_223' title='bbox 263 3646 431 3740; x_wconf 79' lang='lat' dir='ltr'><strong>pientibus</strong></span> <span class='ocrx_word' id='word_1_224' title='bbox 453 3659 484 3718; x_wconf 90' lang='lat' dir='ltr'><strong>et</strong></span> <span class='ocrx_word' id='word_1_225' title='bbox 500 3647 719 3741; x_wconf 78' lang='lat' dir='ltr'><strong>prudentibus</strong></span> <span class='ocrx_word' id='word_1_226' title='bbox 744 3662 774 3719; x_wconf 91' lang='lat' dir='ltr'><strong>et</strong></span> <span class='ocrx_word' id='word_1_227' title='bbox 799 3653 954 3722; x_wconf 81' lang='lat' dir='ltr'><strong>revelasti</strong></span> <span class='ocrx_word' id='word_1_228' title='bbox 977 3675 1016 3723; x_wconf 85' lang='lat' dir='ltr'><strong>ec</strong></span> <span class='ocrx_word' id='word_1_229' title='bbox 1039 3656 1205 3746; x_wconf 80' lang='lat' dir='ltr'><strong>parvulis,</strong></span> <span class='ocrx_word' id='word_1_230' title='bbox 1228 3654 1345 3726; x_wconf 89' lang='lat' dir='ltr'><strong>sedin</strong></span> 
     </span>
     <span class='ocr_line' id='line_1_29' title="bbox 267 3770 1342 3865; baseline 0.007 -25"><span class='ocrx_word' id='word_1_231' title='bbox 267 3770 390 3864; x_wconf 91' lang='lat' dir='ltr'><strong>primis</strong></span> <span class='ocrx_word' id='word_1_232' title='bbox 417 3772 473 3844; x_wconf 91' lang='lat' dir='ltr'><strong>ille</strong></span> <span class='ocrx_word' id='word_1_233' title='bbox 494 3794 515 3843; x_wconf 87' lang='lat' dir='ltr'><strong>a</strong></span> <span class='ocrx_word' id='word_1_234' title='bbox 539 3782 572 3843; x_wconf 90' lang='lat' dir='ltr'><strong>te</strong></span> <span class='ocrx_word' id='word_1_235' title='bbox 596 3793 665 3844; x_wconf 94' lang='lat' dir='ltr'><strong>non</strong></span> <span class='ocrx_word' id='word_1_236' title='bbox 693 3774 951 3865; x_wconf 89' lang='lat' dir='ltr'><strong>praetermissus</strong></span> <span class='ocrx_word' id='word_1_237' title='bbox 982 3775 1041 3847; x_wconf 92' lang='lat' dir='ltr'><strong>ubi</strong></span> <span class='ocrx_word' id='word_1_238' title='bbox 1071 3778 1342 3862; x_wconf 72' lang='lat' dir='ltr'><strong>condixisse,</strong></span> 
     </span>
     <span class='ocr_line' id='line_1_30' title="bbox 268 3893 1346 3994; baseline 0.01 -35"><span class='ocrx_word' id='word_1_239' title='bbox 268 3893 450 3964; x_wconf 82' lang='lat' dir='ltr'><strong>custodiens</strong></span> <span class='ocrx_word' id='word_1_240' title='bbox 468 3899 626 3988; x_wconf 83' lang='lat' dir='ltr'><strong>pnrcnlos</strong></span> <span class='ocrx_word' id='word_1_241' title='bbox 647 3897 822 3982; x_wconf 84' lang='lat' dir='ltr'><strong>Dominus,</strong></span> <span class='ocrx_word' id='word_1_242' title='bbox 847 3908 884 3968; x_wconf 90' lang='lat' dir='ltr'><strong>ut</strong></span> <span class='ocrx_word' id='word_1_243' title='bbox 913 3909 1033 3991; x_wconf 84' lang='lat' dir='ltr'><strong>aperte</strong></span> <span class='ocrx_word' id='word_1_244' title='bbox 1053 3909 1262 3973; x_wconf 81' lang='lat' dir='ltr'><strong>monstraret</strong></span> <span class='ocrx_word' id='word_1_245' title='bbox 1286 3901 1346 3994; x_wconf 85' lang='lat' dir='ltr'><strong>qui</strong></span> 
     </span>
     <span class='ocr_line' id='line_1_31' title="bbox 268 4014 1347 4108; baseline 0.009 -26"><span class='ocrx_word' id='word_1_246' title='bbox 268 4014 338 4083; x_wconf 85' lang='lat' dir='ltr'><strong>sint</strong></span> <span class='ocrx_word' id='word_1_247' title='bbox 356 4017 412 4086; x_wconf 86' lang='lat' dir='ltr'><strong>isti</strong></span> <span class='ocrx_word' id='word_1_248' title='bbox 434 4020 568 4108; x_wconf 90' lang='lat' dir='ltr'><strong>parvuli</strong></span> <span class='ocrx_word' id='word_1_249' title='bbox 591 4041 673 4088; x_wconf 87' lang='lat' dir='ltr'><strong>mox</strong></span> <span class='ocrx_word' id='word_1_250' title='bbox 696 4020 834 4091; x_wconf 84' lang='lat' dir='ltr'><strong>adiecit:</strong></span> <span class='ocrx_word' id='word_1_251' title='bbox 853 4022 1041 4092; x_wconf 77' lang='lat' dir='ltr'><strong>brinn&#39;liatns</strong></span> <span class='ocrx_word' id='word_1_252' title='bbox 1057 4046 1130 4094; x_wconf 88' lang='lat' dir='ltr'><strong>snm</strong></span> <span class='ocrx_word' id='word_1_253' title='bbox 1148 4037 1178 4094; x_wconf 91' lang='lat' dir='ltr'><strong>et</strong></span> <span class='ocrx_word' id='word_1_254' title='bbox 1196 4026 1347 4095; x_wconf 81' lang='lat' dir='ltr'><strong>liberavit</strong></span> 
     </span>
     <span class='ocr_line' id='line_1_32' title="bbox 266 4121 1345 4242; baseline 0.019 -45"><span class='ocrx_word' id='word_1_255' title='bbox 266 4155 332 4198; x_wconf 76' lang='lat' dir='ltr'><strong>ine:</strong></span> <span class='ocrx_word' id='word_1_256' title='bbox 344 4147 503 4226; x_wconf 91' lang='lat' dir='ltr'><strong>tanquam</strong></span> <span class='ocrx_word' id='word_1_257' title='bbox 520 4141 549 4208; x_wconf 92' lang='lat' dir='ltr'><strong>si</strong></span> <span class='ocrx_word' id='word_1_258' title='bbox 564 4141 707 4212; x_wconf 89' lang='lat' dir='ltr'><strong>diceret:</strong></span> <span class='ocrx_word' id='word_1_259' title='bbox 722 4164 799 4214; x_wconf 89' lang='lat' dir='ltr'><strong>cum</strong></span> <span class='ocrx_word' id='word_1_260' title='bbox 814 4143 987 4216; x_wconf 84' lang='lat' dir='ltr'><strong>custodiat</strong></span> <span class='ocrx_word' id='word_1_261' title='bbox 999 4121 1165 4220; x_wconf 89' lang='lat' dir='ltr'><strong>Dominus</strong></span> <span class='ocrx_word' id='word_1_262' title='bbox 1180 4149 1345 4242; x_wconf 87' lang='lat' dir='ltr'><strong>parvulos</strong></span> 
     </span>
    </p>
   </div>
   <div class='ocr_carea' id='block_1_3' title="bbox 0 0 1536 4798">
    <p class='ocr_par' dir='ltr' id='par_1_3' title="bbox 0 0 1536 4798">
     <span class='ocr_line' id='line_1_33' title="bbox 0 0 1536 4798; baseline 0 0"><span class='ocrx_word' id='word_1_263' title='bbox 0 0 1536 4798; x_wconf 95' lang='lat' dir='ltr'><strong> </strong></span> 
     </span>
    </p>
   </div>
  </div>
 </body>
</html>
