3062 4798
405 349 498 398 umen
519 347 997 399 suxrusuuoruus-umsrour
1019 349 1080 398 ruv.
1111 365 1115 370 ·
1222 338 1281 401 too

204 491 289 559 torte
311 487 447 560 coelitus
469 495 584 559 aetum
603 507 683 558 esse
701 509 745 558 ne
761 487 924 558 lascivire
943 489 1080 560 animus
1098 489 1170 560 voti
1188 511 1282 562 oom-

152 685 156 690 ,
202 633 263 702 pos
296 610 483 702 inciperet?
521 610 643 680 Fateor
674 610 788 680 enim:
824 610 983 693 solitudo,
1020 609 1143 694 otium,
1180 611 1282 683 liber-

203 742 272 820 tas,
320 731 455 802 nonnisi
498 734 661 824 perfectae
712 731 849 802 virtutis
901 731 1163 824 consumatique
1208 734 1282 804 ani-

201 853 268 938 mi,
301 853 392 924 bona
422 863 525 924 sunt:
563 853 654 926 unde
688 876 743 924 me
774 855 919 924 multum
950 852 1077 925 abesse
1107 854 1219 925 sentio
1247 867 1282 927 et

201 978 314 1066 lugeo.
333 979 488 1046 Profecto
514 984 630 1046 autem
657 977 772 1047 animo
798 976 1020 1070 passionibus
1046 977 1205 1060 obsesso,
1233 980 1281 1050 nil

200 1099 270 1170 otio
306 1099 422 1191 peius,
462 1099 507 1168 nil
547 1099 698 1170 solitaria
737 1098 896 1170 libertate
933 1098 1146 1170 damnosius.
1186 1102 1281 1171 Tune

200 1220 355 1292 obseoeni
388 1221 538 1292 subeunt
568 1220 754 1312 cogitatus
788 1221 881 1292 subit
911 1221 1077 1294 insidiosa
1108 1223 1280 1307 luxuries,

200 1341 363 1415 blandum
380 1345 516 1428 malum,
532 1343 756 1414 etfamiliaris
770 1341 966 1414 odiosarum
985 1343 1149 1414 mentium
1170 1345 1278 1436 pestis

199 1484 309 1546 amor,
338 1462 465 1554 quibus
491 1486 557 1554 ego
587 1485 644 1535 me
677 1464 808 1556 laqueis
843 1462 1041 1535 absolutum
1072 1464 1188 1549 rebar,
1217 1466 1280 1539 sed

199 1587 284 1656 lorte
303 1584 456 1656 fallebar.
475 1584 629 1656 Ferenda
651 1583 763 1658 fidelis
786 1585 910 1656 medici
930 1585 1010 1656 licet
1031 1585 1189 1677 asperior
1206 1608 1279 1657 ma-

198 1730 287 1779 nus:
322 1709 407 1780 sorte
439 1708 625 1780 latentibus
659 1709 850 1780 consulitur
884 1707 983 1780 malis
1015 1717 1075 1780 aut
1109 1708 1279 1781 redivivis

199 1829 327 1901 morbis
345 1831 545 1913 occurritur,
564 1842 600 1901 et
616 1833 702 1902 torte
720 1831 819 1902 brevi
834 1830 1051 1904 incommodo
1064 1831 1166 1920 longe
1185 1851 1279 1922 prae-

198 1951 288 2023 teriti
309 1951 517 2042 venturique
543 1952 607 2022 ooli
628 1952 772 2022 selioitas
792 1952 1065 2023 commendatur.
1090 1953 1191 2022 Certe
1212 1973 1279 2043 ego

195 2073 274 2143 dum
293 2075 365 2161 sote
388 2073 535 2162 Deosque
554 2074 713 2157 sinebant,
736 2084 774 2144 ut
794 2073 926 2164 Virgilii
949 2072 1068 2145 verbis
1090 2081 1182 2153 utar,
1205 2073 1280 2144 ocio

198 2215 273 2265 meo
294 2192 519 2285 cupidissime
539 2193 693 2278 fruebar,
721 2203 757 2264 et
783 2195 915 2264 lruerer
941 2193 971 2264 si
998 2193 1195 2263 mansisset.
1224 2193 1279 2263 Sic

196 2320 337 2388 mutalae
358 2339 474 2388 rerum
496 2325 624 2387 sortes:
646 2315 836 2408 imparatus
857 2335 925 2385 uon
948 2332 1025 2386 sum
1047 2314 1115 2384 etsi
1141 2335 1278 2386 caussae

196 2439 450 2531 effectuumque
468 2438 532 2510 sim
552 2436 702 2509 nescius.
721 2437 870 2508 Proinde
888 2436 981 2528 quod
999 2435 1034 2506 in
1053 2435 1158 2507 linem
1178 2437 1278 2509 valde

196 2571 304 2653 optas,
328 2571 365 2632 ut
387 2560 551 2631 merearis
572 2559 662 2629 inter
682 2559 871 2651 discipulos
895 2581 991 2631 meos
1008 2559 1087 2644 diei,
1108 2560 1193 2650 quid
1212 2560 1278 2633 nisi

196 2681 298 2752 nimis
319 2681 465 2753 amioum
494 2690 529 2751 et
550 2680 747 2752 modestum
768 2690 803 2751 et
828 2681 957 2752 humile
977 2691 1098 2752 votum
1120 2685 1197 2750 esti
1223 2683 1278 2750 ln-

197 2812 248 2872 ter
267 2803 397 2874 amicos
423 2803 549 2875 diceris
570 2825 701 2894 eosque
722 2823 791 2872 non
814 2812 851 2874 ut
871 2804 1015 2894 vulguS,
1041 2803 1104 2874 sed
1126 2812 1164 2873 ut
1185 2801 1275 2874 docti
1306 2873 1309 2884 ,

196 2931 327 3006 vocant,
343 2948 489 3017 quorum
505 2924 603 2997 vides
615 2934 745 3018 quanta
760 2923 904 3016 penuria
917 2934 983 2994 est.
1000 2925 1075 3015 Ego
1089 2936 1121 2996 te
1135 2923 1277 3017 quidem

196 3054 234 3114 ut
255 3044 447 3115 studiorum
467 3057 502 3117 et
521 3050 738 3118 voluntatum
761 3046 928 3131 omnium,
958 3055 995 3116 ut
1022 3045 1144 3139 patriae
1166 3044 1279 3117 uomi-

196 3167 320 3256 nisque
342 3164 540 3256 participem
562 3167 684 3250 babeo,
707 3169 764 3251 sio,
787 3168 816 3239 si
836 3167 1006 3261 quidquid
1022 3178 1086 3253 est,
1105 3178 1140 3240 et
1158 3166 1278 3260 gloriae

197 3287 324 3358 velim:
343 3286 437 3357 baud
463 3287 605 3377 ignarus
631 3289 772 3359 feliciter
790 3313 844 3360 me
860 3288 927 3359 hoo
944 3288 1169 3359 coutubernio
1186 3309 1278 3357 mer-

196 3409 281 3492 cari,
303 3412 568 3502 opulentamque
588 3408 806 3494 societatem,
826 3429 1059 3500 magnamque
1073 3408 1158 3479 lueri
1179 3429 1275 3500 spem

196 3551 305 3623 parvo
322 3528 406 3598 mihi
427 3528 529 3599 lamae
550 3529 684 3621 peculio
704 3528 904 3620 comparari,
927 3538 963 3599 et
983 3528 1079 3598 Vale.

339 3668 502 3737 Mediolani,
518 3669 590 3723 XVI.
608 3668 669 3724 Kal.
688 3668 823 3724 Octobris.

650 3917 827 3958 «300-
