3002 4794
266 346 305 403 80
603 356 644 404 DE
666 354 765 406 REBUS
786 354 1008 404 assumamus

268 504 403 576 terram,
424 490 561 562 labilem
579 511 714 580 aquam,
734 499 839 582 atquc
857 512 978 560 auram
994 490 1201 583 spirabilem,
1216 492 1282 564 sed
1295 493 1346 565 iu-

264 612 531 685 numerabilium
553 633 668 683 rerum
689 611 790 685 vobis
808 611 972 706 praesidia
989 622 1024 682 et
1044 612 1293 684 oblectationes
1312 624 1346 686 et

265 744 468 806 ornamenta
487 734 665 825 congessi3
687 733 838 826 denique
859 733 918 825 qui
940 734 986 804 ad
1002 734 1188 824 imaginem
1214 756 1344 820 meam,

264 859 425 950 quamvis
448 859 542 929 stulti
567 858 778 949 obstrepent,
801 857 846 927 de
866 857 971 928 nihilo
990 879 1055 928 vos
1076 859 1204 942 creavi,
1223 869 1260 930 et
1276 853 1349 952 quo

264 1003 318 1051 me
350 981 462 1072 quaeri
492 981 633 1062 vellem,
669 979 733 1048 iter
767 978 867 1050 vobis
893 980 1047 1064 ostendi;
1078 981 1153 1075 ipse
1183 1004 1261 1074 630,
1294 983 1346 1054 in-

263 1124 378 1194 quam,
398 1110 437 1172 ut
456 1113 535 1195 post
555 1108 605 1172 tot
624 1099 793 1172 beneficia
810 1101 1018 1172 rebellantes
1036 1123 1077 1172 ac
1097 1102 1221 1175 devios
1243 1126 1346 1178 revo·

262 1245 392 1307 curem,
415 1223 588 1297 intervos
608 1225 741 1295 exalto
763 1221 831 1294 sub
848 1223 967 1294 servili
988 1224 1109 1296 habitu
1126 1225 1345 1300 dissimulata

263 1346 444 1417 maiestate
465 1344 699 1429 descendens
721 1366 785 1439 pro
810 1349 921 1417 salute
943 1356 1061 1418 vestra
1086 1359 1343 1441 paupertatem,

262 1468 408 1553 labores,
431 1467 586 1549 insidiae,
608 1467 774 1550 convicia,
796 1469 1038 1552 contumeliae,
1059 1490 1244 1556 carcerem,
1263 1493 1344 1544 ver-

261 1593 353 1676 bera,
377 1593 522 1684 flagella,
543 1601 689 1662 mortem
709 1611 918 1683 crucemque
938 1613 1008 1664 non
1029 1590 1137 1662 timui.
1165 1592 1237 1664 Vos
1258 1592 1343 1662 mihi

261 1714 346 1806 quid
366 1713 533 1784 redditis?
557 1735 626 1784 non
650 1711 728 1783 dico
753 1733 815 1805 par
841 1712 945 1784 tantis
972 1713 1117 1798 meritis,
1151 1714 1246 1806 quod
1276 1735 1342 1787 nec

150 1860 153 1865 ·
261 1835 415 1926 cogitare
436 1834 614 1915 sufficitis;
637 1834 701 1904 sed
721 1833 813 1926 quod
835 1835 976 1922 omnino
997 1835 1137 1926 signum
1157 1835 1341 1906 ostenditis

261 1958 366 2028 animi
396 1958 509 2049 grati?
534 1957 627 2042 Quid
652 1959 697 2030 ad
722 1957 807 2040 baec,
830 1958 959 2042 Frater,
978 1958 1181 2051 responsuri
1192 1959 1341 2030 sumus?

131 2105 141 2112 ’
259 2080 314 2151 An
335 2081 391 2153 hic
402 2081 592 2175 quidquam
609 2080 762 2172 ambigui
776 2083 853 2150 est?
869 2081 1023 2152 Profecto
1044 2079 1073 2152 si
1094 2081 1171 2152 haec
1191 2081 1284 2152 intus
1305 2079 1340 2150 in

259 2205 375 2275 anima
395 2207 593 2297 loquentem
614 2203 797 2276 Dominum
814 2202 936 2276 audire
958 2202 1190 2290 voluerimus
1218 2225 1340 2296 surge

259 2349 339 2399 mus
372 2339 472 2398 nocte
501 2329 636 2400 alacres
664 2325 742 2420 (hoc
766 2324 857 2396 enim
884 2347 990 2417 agere
1015 2323 1211 2420 coeperam),
1240 2334 1278 2397 111
1297 2346 1339 2395 60

259 2458 414 2543 tempore
439 2448 602 2520 devotius
628 2448 767 2520 Christo
791 2447 914 2518 laudes
940 2469 1122 2531 canamus,
1147 2467 1218 2540 quo
1243 2447 1339 2518 illum

258 2592 319 2660 pro
337 2571 436 2641 nobis
457 2570 642 2664 opprobria
662 2578 698 2640 et
714 2567 859 2640 iniurias
880 2591 1024 2664 passum
1042 2591 1123 2642 esse
1142 2567 1339 2640 memineri-

257 2711 348 2762 mus.
371 2692 440 2764 Sed
460 2691 542 2784 quia
555 2689 622 2762 ¹diu
642 2702 676 2762 te
695 2689 773 2774 iam,
789 2691 918 2775 Frater,
934 2690 980 2762 ab
992 2690 1173 2763 altitudine
1186 2700 1338 2762 contem-

257 2813 447 2904 plationum
463 2797 599 2885 tuarum
621 2811 830 2885 distraxisse
850 2833 989 2897 vereor,
1011 2812 1089 2884 haec
1110 2835 1247 2886 summa
1272 2823 1337 2884 cst.

257 2934 416 3006 Christus
434 2935 493 3006 tibi
515 2933 620 3005 totius
637 2933 721 3006 vitae
742 2935 841 3006 testis
862 2934 1020 3008 adsistat.
1040 2937 1138 3008 Illum
1159 2933 1265 3026 igitur
1284 2934 1338 3003 in-

256 3065 363 3139 tuere,
391 3057 421 3127 si
442 3056 497 3127 vis
524 3056 559 3127 in
579 3056 636 3128 illo
661 3058 779 3130 labore
811 3057 914 3130 nullis
939 3057 1079 3130 omnino
1103 3056 1234 3148 vigiliis
1260 3053 1338 3124 lati-

256 3178 341 3268 gari.
363 3176 416 3250 Ad
438 3180 505 3250 hoe
525 3179 619 3250 enirn
644 3178 873 3253 inaccessibili
893 3189 929 3250 et
948 3178 1170 3252 inenarrabili
1190 3176 1338 3248 Trinita«

256 3300 300 3370 tis
313 3302 455 3372 consilio
468 3302 629 3374 effectum
646 3311 710 3388 est,
730 3313 768 3375 ut
784 3309 939 3376 aeternus
956 3309 993 3372 et
1008 3300 1211 3374 immortalis
1225 3299 1337 3370 omni-

253 3433 378 3516 potens
404 3424 465 3494 Dei
484 3422 577 3496 filius
616 3435 752 3496 vestem
791 3431 921 3496 uestrae
957 3423 1176 3496 mortalitatis
1214 3420 1337 3494 indue·

254 3554 320 3628 ret,
343 3555 383 3617 ut
408 3546 546 3631 scilicet,
568 3547 733 3638 quoniam
753 3546 842 3618 inter
867 3549 976 3620 Deum
998 3555 1034 3618 et
1052 3543 1227 3617 homiuem
1241 3546 1336 3616 nulla

254 3668 430 3762 proportio
450 3678 535 3752 erat,
565 3667 639 3761 ipse
665 3669 728 3738 Dei
753 3678 788 3738 ct
808 3668 986 3740 bominum
1014 3667 1183 3740 mediator
1204 3676 1336 3738 utram-

253 3809 323 3878 que
354 3789 606 3881 perfectissime
629 3790 665 3859 in
690 3811 730 3860 se
755 3790 880 3862 uniens
906 3797 1081 3876 naturam,
1103 3799 1140 3861 et
1159 3789 1204 3860 ad
1223 3790 1334 3859 Deum

253 3909 410 3983 homines
432 3913 609 3995 attolleret,
625 3920 659 3981 et
676 3913 785 3997 Deum
804 3913 850 3984 ad
870 3913 1028 3985 homines
1045 3912 1234 3996 inclinaret,
1252 3933 1336 4006 pos-

253 4040 378 4124 setque
399 4035 555 4108 mortalis
575 4034 668 4105 acies
688 4036 723 4105 in
739 4038 850 4106 Deum
870 4035 932 4128 figi
949 4036 1085 4108 mortali
1104 4057 1209 4108 carne
1225 4035 1335 4108 vesti-

253 4160 337 4223 tum.
359 4154 461 4237 Quod
485 4159 522 4239 si,
546 4156 802 4230 immortalitate
819 4168 965 4251 recepta,
986 4157 1177 4250 ingloriam
1193 4157 1335 4230 suaedi·
