3024 4802
231 345 289 405 55u
565 356 606 404 ns
628 354 729 404 nunus
751 353 972 403 ulrrruunmus

231 494 348 584 igitur,
372 502 410 564 ut
430 489 519 574 dixi,
539 492 596 559 vel
616 510 766 581 graecam
791 489 1024 585 olympiadem
1050 497 1306 590 transgressus,

229 639 321 689 nuno
348 616 482 686 romani
507 615 609 684 lustri
636 612 783 710 spatium
807 614 1003 707 ingressus,
1026 635 1068 685 ea
1092 637 1162 687 uon
1187 615 1309 709 praesi-

229 740 386 812 dentium
412 738 529 823 modo,
557 734 601 806 de
627 735 755 830 quibus
785 739 980 809 nuntiatum
1005 759 1086 810 esse
1109 737 1169 808 tihi
1195 749 1309 810 cortus

231 886 318 948 sum,
336 861 399 934 sed
420 863 524 934 totius
545 862 663 946 etiarn,
679 870 717 931 ut
738 860 948 946 dictumest,
964 861 1081 956 populi
1101 861 1312 933 benevolen-

230 988 278 1061 tia
298 987 394 1057 lruor
413 985 594 1068 hactenus,
617 993 745 1055 utnon
766 992 898 1055 tanturn
919 984 1055 1057 civibus
1073 986 1227 1079 optimis,
1248 985 1312 1058 sed

230 1122 333 1181 terrae
354 1117 459 1199 atque
479 1106 551 1178 aeri
571 1107 729 1201 ipsisque
755 1106 1010 1201 quodammodo
1035 1107 1227 1200 parietibus
1252 1132 1312 1179 ur-

229 1231 338 1304 hisae
355 1228 530 1302 moenihus
549 1230 584 1299 in
602 1239 806 1322 perpetuum
826 1251 881 1300 me
901 1231 1010 1302 teneri
1027 1229 1184 1302 arbitrer.
1204 1232 1238 1302 ls
1257 1252 1311 1302 me

230 1354 384 1426 omnium
410 1354 510 1424 favor
535 1353 775 1446 amplectitur:
802 1351 858 1424 his
883 1375 939 1423 me
966 1352 1076 1424 oculis
1101 1351 1228 1434 videri,
1256 1353 1311 1426 his

229 1474 375 1549 vocibus
397 1473 770 1559 concelebrarisentio,
790 1473 849 1559 sie,
869 1483 908 1545 ut
924 1473 1094 1547 amicitias
1115 1475 1311 1567 singulares

230 1599 351 1670 sileam
373 1597 418 1669 de
442 1597 571 1690 quibus
592 1619 698 1689 agere
723 1598 865 1688 longum
891 1605 963 1682 est,
991 1619 1048 1670 me
1072 1598 1181 1688 vulgo
1206 1597 1311 1668 etiam

229 1743 348 1792 carum
367 1720 449 1792 scio.
472 1718 571 1809 Unde
593 1718 628 1790 id
645 1717 787 1814 quidem
808 1720 943 1805 nescio,
960 1720 1031 1806 ,nisi
1050 1721 1145 1813 quod
1165 1729 1201 1791 et
1220 1721 1312 1791 lama

229 1863 342 1926 suurn,
357 1849 450 1935 puto,
468 1840 577 1912 tenuit
589 1863 730 1924 morem,
743 1851 779 1914 et
795 1843 885 1914 inter
897 1845 1139 1938 occupationes
1152 1842 1308 1914 omnium

229 1986 270 2036 ac
291 1985 389 2036 meas
414 1987 478 2036 neo
504 1965 571 2037 illis
598 1987 653 2036 me
678 1965 820 2058 propius
845 1965 1003 2036 intuendi
1026 1968 1172 2038 facultas
1197 1965 1312 2039 oblata

226 2100 289 2174 est,
308 2111 373 2160 nee
390 2088 474 2159 mihi
491 2088 686 2160 necessitas
706 2087 908 2183 apparendi.
926 2089 977 2160 lta
993 2110 1087 2160 nunc
1104 2109 1217 2181 nsque
1233 2090 1311 2159 vnl-

228 2232 295 2303 gus
316 2210 465 2282 fallitur:
492 2233 559 2303 ego
584 2213 686 2282 lateo.
712 2208 855 2282 Accedit
874 2211 1040 2283 habitatio
1065 2211 1111 2282 ab
1135 2211 1229 2284 omni
1256 2221 1310 2284 tu-

227 2337 339 2405 multu
356 2334 494 2417 cidum,
508 2331 576 2403 nisi
594 2354 698 2426 quern
712 2342 854 2405 vetusta
870 2332 1012 2406 devotio
1030 2354 1171 2427 semper
1186 2343 1310 2406 octavo

227 2480 329 2528 mane
350 2457 499 2540 revehit,
529 2465 662 2526 semota
684 2455 729 2527 ad
755 2454 938 2528 occiduum
959 2477 1098 2548 magnae
1125 2455 1223 2528 urbis
1249 2477 1311 2528 an·

229 2582 362 2671 gulum.
385 2577 562 2650 Ambrosii
579 2579 708 2670 hospes
728 2599 816 2660 sum,
836 2597 907 2671 quo
927 2599 1007 2649 cum
1025 2579 1124 2648 multi
1141 2599 1236 2673 saepe
1251 2580 1310 2650 vel

227 2701 299 2773 noti
319 2703 376 2772 vel
399 2701 563 2773 noscendi
584 2699 677 2771 avidi
700 2720 738 2771 se
759 2700 1079 2784 venturos'dicunt,
1101 2699 1201 2773 uncis
1228 2700 1319 2777 inda

226 2825 461 2917 negotiorum,
488 2824 569 2895 hino
594 2823 659 2894 loci
683 2821 849 2894 distantia
881 2823 1118 2896 retrahuntur.
1150 2823 1205 2894 Sic
1230 2808 1307 2894 est:

227 2947 471 3020 sanctissimus
498 2947 626 3038 hospes
653 2965 766 3028 uleus,
790 2954 829 3015 ut
848 2946 1093 3018 consolationis
1118 2947 1306 3041 plurimum

225 3067 395 3162 corporali
413 3089 478 3138 sua
499 3065 685 3157 praesentia
705 3075 825 3158 atque,
846 3074 883 3137 ut
902 3088 997 3154 reor,
1017 3067 1185 3162 spirituali
1202 3066 1307 3139 etiarn

225 3198 371 3284 praestat
403 3188 544 3274 auxilio,
580 3187 630 3260 sic
662 3189 756 3261 taedii
789 3212 830 3262 ac
861 3191 991 3263 fastidii
1016 3194 1163 3264 multum
1189 3192 1305 3287 eripit:

225 3311 379 3398 salutari,
412 3311 637 3404 frequentari,
672 3311 852 3398 celebrari,
874 3313 999 3406 premi,
1027 3314 1145 3407 aspici.
1172 3312 1228 3384 Ab
1252 3313 1307 3385 his

226 3435 374 3507 stimulis
407 3444 502 3506 tanto
535 3433 603 3505 sub
635 3434 773 3528 hospite
797 3435 1020 3529 conquiesco,
1056 3443 1091 3508 et
1115 3438 1213 3508 velut
1237 3438 1307 3509 alto

225 3559 332 3651 maris
352 3581 372 3629 e
393 3556 492 3628 litore
512 3558 682 3649 procellas
702 3557 817 3644 video,
836 3559 1082 3653 fragoremque
1102 3559 1221 3644 audio,
1244 3560 1307 3632 sed

223 3678 386 3752 fluctibus
407 3701 476 3751 non
496 3678 687 3771 contingor.
710 3677 761 3751 Ac
786 3679 815 3752 si
843 3682 983 3774 quando
1005 3694 1101 3754 trans
1122 3681 1228 3754 limen
1247 3684 1307 3753 vel

224 3804 330 3875 eundi
354 3812 490 3886 votum,
513 3804 569 3872 vel
598 3801 733 3876 visendi
758 3803 890 3876 domini
914 3803 1150 3878 me'dehitum
1183 3805 1304 3892 trahit,

223 3947 293 4017 quo
324 3925 410 3996 nihil
442 3947 498 3996 me
531 3925 625 3996 aliud
657 3947 763 4018 quam
795 3929 959 3999 voluntas
986 3950 1066 3999 rara
1091 3927 1211 4020 adigit,
1247 3931 1305 4000 vel

225 4046 404 4149 honestas3
426 4058 497 4119 tum
519 4047 645 4119 dextra
666 4050 839 4142 laevaque,
862 4051 964 4122 llexis
984 4051 1094 4123 oculis
1114 4060 1150 4123 et
1170 4049 1303 4122 labellis

224 4164 363 4250 clausis,
402 4178 487 4240 nutu
524 4171 646 4241 frontis
682 4171 832 4264 eminus¹
855 4176 1025 4260 salutans,
1061 4176 1302 4266 salutatusque
