<?xml version="1.0" encoding="UTF-8"?>
<!DOCTYPE html PUBLIC "-//W3C//DTD XHTML 1.0 Transitional//EN"
    "http://www.w3.org/TR/xhtml1/DTD/xhtml1-transitional.dtd">
<html xmlns="http://www.w3.org/1999/xhtml" xml:lang="en" lang="en">
 <head>
  <title>
</title>
<meta http-equiv="Content-Type" content="text/html;charset=utf-8" />
  <meta name='ocr-system' content='tesseract 3.04.00' />
  <meta name='ocr-capabilities' content='ocr_page ocr_carea ocr_par ocr_line ocrx_word'/>
</head>
<body>
  <div class='ocr_page' id='page_1' title='image "./franciscipetrar01fracgoog_0012.png"; bbox 0 0 3002 4794; ppageno 0'>
   <div class='ocr_carea' id='block_1_1' title="bbox 497 455 1047 550">
    <p class='ocr_par' dir='ltr' id='par_1_1' title="bbox 497 455 1047 550">
     <span class='ocr_line' id='line_1_1' title="bbox 497 455 1047 550; baseline 0.009 -4"><span class='ocrx_word' id='word_1_1' title='bbox 497 483 682 550; x_wconf 81' lang='lat' dir='ltr'><strong>rnlnersor</strong></span> <span class='ocrx_word' id='word_1_2' title='bbox 714 485 918 550; x_wconf 76' lang='lat' dir='ltr'><strong>Perennem</strong></span> <span class='ocrx_word' id='word_1_3' title='bbox 1040 455 1047 468; x_wconf 84' lang='grc'><strong>”</strong></span> 
     </span>
    </p>
   </div>
   <div class='ocr_carea' id='block_1_2' title="bbox 308 701 1101 785">
    <p class='ocr_par' dir='ltr' id='par_1_2' title="bbox 308 701 1101 785">
     <span class='ocr_line' id='line_1_2' title="bbox 308 701 1101 785; baseline 0.006 -5"><span class='ocrx_word' id='word_1_4' title='bbox 308 701 380 780; x_wconf 88' lang='lat' dir='ltr'><strong>DE</strong></span> <span class='ocrx_word' id='word_1_5' title='bbox 435 702 618 782; x_wconf 88' lang='lat' dir='ltr'>REBUS</span> <span class='ocrx_word' id='word_1_6' title='bbox 674 702 1101 785; x_wconf 75' lang='lat' dir='ltr'><strong>FAMILIARIBUS</strong></span> 
     </span>
    </p>
   </div>
   <div class='ocr_carea' id='block_1_3' title="bbox 527 932 897 1004">
    <p class='ocr_par' dir='ltr' id='par_1_3' title="bbox 527 932 897 1004">
     <span class='ocr_line' id='line_1_3' title="bbox 527 932 897 1004; baseline -0.005 0"><span class='ocrx_word' id='word_1_7' title='bbox 527 933 682 1004; x_wconf 87' lang='lat' dir='ltr'>LIBER</span> <span class='ocrx_word' id='word_1_8' title='bbox 722 932 897 1004; x_wconf 90' lang='lat' dir='ltr'><strong>NONUS.</strong></span> 
     </span>
    </p>
   </div>
   <div class='ocr_carea' id='block_1_4' title="bbox 669 1224 747 1234">
    <p class='ocr_par' dir='ltr' id='par_1_4' title="bbox 669 1224 747 1234">
     <span class='ocr_line' id='line_1_4' title="bbox 669 1224 747 1234; baseline 0 0"><span class='ocrx_word' id='word_1_9' title='bbox 669 1224 747 1234; x_wconf 62' lang='grc' dir='ltr'>..ι-υ...</span> 
     </span>
    </p>
   </div>
   <div class='ocr_carea' id='block_1_5' title="bbox 600 1457 817 1522">
    <p class='ocr_par' dir='ltr' id='par_1_5' title="bbox 600 1457 817 1522">
     <span class='ocr_line' id='line_1_5' title="bbox 600 1457 817 1522; baseline -0.005 0"><span class='ocrx_word' id='word_1_10' title='bbox 600 1457 776 1522; x_wconf 76' lang='lat' dir='ltr'><strong>Eplsroll</strong></span> <span class='ocrx_word' id='word_1_11' title='bbox 795 1459 817 1521; x_wconf 91' lang='lat'><strong>1.</strong></span> 
     </span>
    </p>
   </div>
   <div class='ocr_carea' id='block_1_6' title="bbox 184 1651 1169 1806">
    <p class='ocr_par' dir='ltr' id='par_1_6' title="bbox 184 1651 1169 1806">
     <span class='ocr_line' id='line_1_6' title="bbox 184 1651 1169 1704; baseline -0.004 0"><span class='ocrx_word' id='word_1_12' title='bbox 184 1657 190 1674; x_wconf 89' lang='grc'><strong>’</strong></span> <span class='ocrx_word' id='word_1_13' title='bbox 250 1653 449 1704; x_wconf 71' lang='grc' dir='ltr'>ἙΒᾸΝο180118</span> <span class='ocrx_word' id='word_1_14' title='bbox 469 1653 637 1703; x_wconf 72' lang='lat' dir='ltr'><strong>Parnasos</strong></span> <span class='ocrx_word' id='word_1_15' title='bbox 664 1651 838 1702; x_wconf 75' lang='lat' dir='ltr'><strong>llnnrnsbo</strong></span> <span class='ocrx_word' id='word_1_16' title='bbox 860 1652 911 1700; x_wconf 81' lang='lat'>1³10</span> <span class='ocrx_word' id='word_1_17' title='bbox 933 1651 1055 1702; x_wconf 83' lang='lat' dir='ltr'><strong>nolssno</strong></span> <span class='ocrx_word' id='word_1_18' title='bbox 1076 1651 1169 1701; x_wconf 70' lang='lat' dir='ltr'><strong>cibel</strong></span> 
     </span>
     <span class='ocr_line' id='line_1_7' title="bbox 649 1755 770 1806; baseline 0.017 -2"><span class='ocrx_word' id='word_1_19' title='bbox 649 1755 674 1805; x_wconf 92' lang='lat' dir='ltr'><strong>S.</strong></span> <span class='ocrx_word' id='word_1_20' title='bbox 694 1759 722 1806; x_wconf 83' lang='lat' dir='ltr'><strong>P.</strong></span> <span class='ocrx_word' id='word_1_21' title='bbox 740 1759 770 1806; x_wconf 86' lang='lat' dir='ltr'><strong>D.</strong></span> 
     </span>
    </p>
   </div>
   <div class='ocr_carea' id='block_1_7' title="bbox 167 1917 1251 2156">
    <p class='ocr_par' dir='ltr' id='par_1_7' title="bbox 167 1917 1251 2156">
     <span class='ocr_line' id='line_1_8' title="bbox 167 1917 1250 1991; baseline -0.006 -13"><span class='ocrx_word' id='word_1_22' title='bbox 167 1921 280 1978; x_wconf 83' lang='lat' dir='ltr'><strong>Gaudet</strong></span> <span class='ocrx_word' id='word_1_23' title='bbox 293 1937 351 1975; x_wconf 92' lang='lat' dir='ltr'><strong>non</strong></span> <span class='ocrx_word' id='word_1_24' title='bbox 365 1920 444 1991; x_wconf 88' lang='lat' dir='ltr'><strong>prius</strong></span> <span class='ocrx_word' id='word_1_25' title='bbox 459 1917 493 1972; x_wconf 91' lang='lat' dir='ltr'><strong>de</strong></span> <span class='ocrx_word' id='word_1_26' title='bbox 507 1917 670 1990; x_wconf 77' lang='lat' dir='ltr'>aegritudine</span> <span class='ocrx_word' id='word_1_27' title='bbox 680 1918 807 1990; x_wconf 89' lang='lat' dir='ltr'><strong>quamde</strong></span> <span class='ocrx_word' id='word_1_28' title='bbox 820 1919 879 1974; x_wconf 90' lang='lat' dir='ltr'><strong>eius</strong></span> <span class='ocrx_word' id='word_1_29' title='bbox 891 1918 1049 1975; x_wconf 86' lang='lat' dir='ltr'><strong>valetudine</strong></span> <span class='ocrx_word' id='word_1_30' title='bbox 1061 1917 1148 1974; x_wconf 83' lang='lat' dir='ltr'><strong>ferme</strong></span> <span class='ocrx_word' id='word_1_31' title='bbox 1160 1917 1250 1974; x_wconf 86' lang='lat' dir='ltr'><strong>redin-</strong></span> 
     </span>
     <span class='ocr_line' id='line_1_9' title="bbox 240 2007 1251 2081; baseline -0.002 -16"><span class='ocrx_word' id='word_1_32' title='bbox 240 2015 346 2081; x_wconf 81' lang='lat' dir='ltr'><strong>tegrata</strong></span> <span class='ocrx_word' id='word_1_33' title='bbox 365 2009 417 2064; x_wconf 91' lang='lat' dir='ltr'><strong>sibi</strong></span> <span class='ocrx_word' id='word_1_34' title='bbox 440 2008 602 2063; x_wconf 81' lang='lat' dir='ltr'><strong>nunciatum</strong></span> <span class='ocrx_word' id='word_1_35' title='bbox 622 2024 680 2062; x_wconf 88' lang='lat' dir='ltr'><strong>esse</strong></span> <span class='ocrx_word' id='word_1_36' title='bbox 727 2013 754 2063; x_wconf 86' lang='lat' dir='ltr'><strong>et</strong></span> <span class='ocrx_word' id='word_1_37' title='bbox 774 2009 955 2063; x_wconf 78' lang='lat' dir='ltr'><strong>constantiam</strong></span> <span class='ocrx_word' id='word_1_38' title='bbox 976 2009 1061 2062; x_wconf 89' lang='lat' dir='ltr'><strong>animi</strong></span> <span class='ocrx_word' id='word_1_39' title='bbox 1080 2009 1109 2063; x_wconf 94' lang='lat' dir='ltr'><strong>in</strong></span> <span class='ocrx_word' id='word_1_40' title='bbox 1130 2007 1251 2064; x_wconf 84' lang='lat' dir='ltr'><strong>adversis</strong></span> 
     </span>
     <span class='ocr_line' id='line_1_10' title="bbox 244 2099 349 2156; baseline -0.019 0"><span class='ocrx_word' id='word_1_41' title='bbox 244 2099 349 2156; x_wconf 83' lang='lat' dir='ltr'><strong>suadet.</strong></span> 
     </span>
    </p>
   </div>
   <div class='ocr_carea' id='block_1_8' title="bbox 170 2329 1258 4141">
    <p class='ocr_par' dir='ltr' id='par_1_8' title="bbox 170 2329 1258 4141">
     <span class='ocr_line' id='line_1_11' title="bbox 276 2329 1248 2425; baseline -0.005 -21"><span class='ocrx_word' id='word_1_42' title='bbox 276 2333 419 2405; x_wconf 84' lang='lat' dir='ltr'>Crebros</span> <span class='ocrx_word' id='word_1_43' title='bbox 436 2333 587 2410; x_wconf 81' lang='lat' dir='ltr'><strong>insultus</strong></span> <span class='ocrx_word' id='word_1_44' title='bbox 605 2341 709 2424; x_wconf 83' lang='lat' dir='ltr'><strong>atque</strong></span> <span class='ocrx_word' id='word_1_45' title='bbox 723 2331 873 2425; x_wconf 79' lang='lat' dir='ltr'><strong>impetus</strong></span> <span class='ocrx_word' id='word_1_46' title='bbox 886 2333 1042 2415; x_wconf 83' lang='lat' dir='ltr'><strong>fortunae‚</strong></span> <span class='ocrx_word' id='word_1_47' title='bbox 1058 2351 1121 2400; x_wconf 85' lang='lat' dir='ltr'><strong>nec</strong></span> <span class='ocrx_word' id='word_1_48' title='bbox 1134 2329 1248 2399; x_wconf 91' lang='lat' dir='ltr'><strong>minus</strong></span> 
     </span>
     <span class='ocr_line' id='line_1_12' title="bbox 174 2450 1250 2549; baseline -0.006 -19"><span class='ocrx_word' id='word_1_49' title='bbox 174 2455 312 2530; x_wconf 87' lang='lat' dir='ltr'><strong>crebros</strong></span> <span class='ocrx_word' id='word_1_50' title='bbox 329 2459 431 2528; x_wconf 82' lang='lat' dir='ltr'><strong>lnmae</strong></span> <span class='ocrx_word' id='word_1_51' title='bbox 451 2455 599 2529; x_wconf 78' lang='lat' dir='ltr'><strong>volatilis</strong></span> <span class='ocrx_word' id='word_1_52' title='bbox 621 2453 676 2524; x_wconf 94' lang='lat' dir='ltr'><strong>his</strong></span> <span class='ocrx_word' id='word_1_53' title='bbox 699 2453 912 2549; x_wconf 79' lang='lat' dir='ltr'><strong>temporibus</strong></span> <span class='ocrx_word' id='word_1_54' title='bbox 926 2453 1048 2546; x_wconf 79' lang='lat' dir='ltr'><strong>patior.</strong></span> <span class='ocrx_word' id='word_1_55' title='bbox 1061 2450 1250 2524; x_wconf 83' lang='lat' dir='ltr'><strong>Venenatis</strong></span> 
     </span>
     <span class='ocr_line' id='line_1_13' title="bbox 171 2575 1251 2674; baseline -0.004 -24"><span class='ocrx_word' id='word_1_56' title='bbox 171 2583 231 2653; x_wconf 88' lang='lat' dir='ltr'><strong>illa</strong></span> <span class='ocrx_word' id='word_1_57' title='bbox 250 2581 403 2651; x_wconf 91' lang='lat' dir='ltr'><strong>animum</strong></span> <span class='ocrx_word' id='word_1_58' title='bbox 435 2578 591 2674; x_wconf 63' lang='lat' dir='ltr'><strong>spiculis</strong></span> <span class='ocrx_word' id='word_1_59' title='bbox 614 2579 691 2650; x_wconf 87' lang='lat' dir='ltr'><strong>haee</strong></span> <span class='ocrx_word' id='word_1_60' title='bbox 718 2599 821 2649; x_wconf 90' lang='lat' dir='ltr'><strong>aures</strong></span> <span class='ocrx_word' id='word_1_61' title='bbox 855 2577 946 2662; x_wconf 83' lang='lat' dir='ltr'><strong>ferit,</strong></span> <span class='ocrx_word' id='word_1_62' title='bbox 980 2587 1016 2647; x_wconf 83' lang='lat' dir='ltr'><strong>et</strong></span> <span class='ocrx_word' id='word_1_63' title='bbox 1045 2575 1148 2648; x_wconf 91' lang='lat' dir='ltr'><strong>simul</strong></span> <span class='ocrx_word' id='word_1_64' title='bbox 1171 2575 1251 2646; x_wconf 81' lang='lat' dir='ltr'><strong>hin&#39;c</strong></span> 
     </span>
     <span class='ocr_line' id='line_1_14' title="bbox 171 2697 1252 2797; baseline -0.008 -20"><span class='ocrx_word' id='word_1_65' title='bbox 171 2715 320 2797; x_wconf 78' lang='lat' dir='ltr'><strong>utraque</strong></span> <span class='ocrx_word' id='word_1_66' title='bbox 343 2703 506 2797; x_wconf 82' lang='lat' dir='ltr'><strong>pereutit,</strong></span> <span class='ocrx_word' id='word_1_67' title='bbox 528 2701 608 2773; x_wconf 92' lang='lat' dir='ltr'><strong>hino</strong></span> <span class='ocrx_word' id='word_1_68' title='bbox 628 2701 794 2771; x_wconf 82' lang='lat' dir='ltr'><strong>minatur.</strong></span> <span class='ocrx_word' id='word_1_69' title='bbox 815 2699 979 2773; x_wconf 85' lang='lat' dir='ltr'><strong>Solebam</strong></span> <span class='ocrx_word' id='word_1_70' title='bbox 998 2701 1077 2771; x_wconf 80' lang='lat' dir='ltr'><strong>laeta</strong></span> <span class='ocrx_word' id='word_1_71' title='bbox 1094 2697 1252 2769; x_wconf 86' lang='lat' dir='ltr'><strong>tristibus</strong></span> 
     </span>
     <span class='ocr_line' id='line_1_15' title="bbox 172 2820 1249 2910; baseline -0.006 -13"><span class='ocrx_word' id='word_1_72' title='bbox 172 2825 300 2897; x_wconf 89' lang='lat' dir='ltr'><strong>amaris</strong></span> <span class='ocrx_word' id='word_1_73' title='bbox 314 2825 429 2896; x_wconf 84' lang='lat' dir='ltr'><strong>dulcia</strong></span> <span class='ocrx_word' id='word_1_74' title='bbox 440 2825 587 2897; x_wconf 81' lang='lat' dir='ltr'><strong>misceri.</strong></span> <span class='ocrx_word' id='word_1_75' title='bbox 601 2825 708 2910; x_wconf 86' lang='lat' dir='ltr'><strong>Nune,</strong></span> <span class='ocrx_word' id='word_1_76' title='bbox 724 2824 802 2909; x_wconf 85' lang='lat' dir='ltr'><strong>heu,</strong></span> <span class='ocrx_word' id='word_1_77' title='bbox 820 2823 931 2894; x_wconf 80' lang='lat' dir='ltr'><strong>tristia</strong></span> <span class='ocrx_word' id='word_1_78' title='bbox 942 2834 977 2895; x_wconf 82' lang='lat' dir='ltr'><strong>el</strong></span> <span class='ocrx_word' id='word_1_79' title='bbox 989 2845 1107 2904; x_wconf 89' lang='lat' dir='ltr'><strong>amara</strong></span> <span class='ocrx_word' id='word_1_80' title='bbox 1122 2820 1249 2892; x_wconf 89' lang='lat' dir='ltr'><strong>omnia.</strong></span> 
     </span>
     <span class='ocr_line' id='line_1_16' title="bbox 171 2945 1252 3037; baseline -0.005 -18"><span class='ocrx_word' id='word_1_81' title='bbox 171 2951 234 3020; x_wconf 91' lang='lat' dir='ltr'><strong>llla</strong></span> <span class='ocrx_word' id='word_1_82' title='bbox 254 2949 367 3020; x_wconf 91' lang='lat' dir='ltr'><strong>mellis</strong></span> <span class='ocrx_word' id='word_1_83' title='bbox 387 2948 495 3020; x_wconf 85' lang='lat' dir='ltr'><strong>inscia</strong></span> <span class='ocrx_word' id='word_1_84' title='bbox 512 2947 610 3020; x_wconf 92' lang='lat' dir='ltr'><strong>duris</strong></span> <span class='ocrx_word' id='word_1_85' title='bbox 624 2947 773 3018; x_wconf 86' lang='lat' dir='ltr'><strong>animam</strong></span> <span class='ocrx_word' id='word_1_86' title='bbox 789 2945 864 3037; x_wconf 79' lang='lat' dir='ltr'><strong>figit</strong></span> <span class='ocrx_word' id='word_1_87' title='bbox 881 2945 1028 3029; x_wconf 79' lang='lat' dir='ltr'><strong>aculeis3</strong></span> <span class='ocrx_word' id='word_1_88' title='bbox 1041 2946 1118 3016; x_wconf 73' lang='lat' dir='ltr'><strong>brec</strong></span> <span class='ocrx_word' id='word_1_89' title='bbox 1130 2946 1252 3037; x_wconf 82' lang='lat' dir='ltr'><strong>ignara</strong></span> 
     </span>
     <span class='ocr_line' id='line_1_17' title="bbox 172 3069 1251 3163; baseline -0.006 -22"><span class='ocrx_word' id='word_1_90' title='bbox 172 3071 302 3144; x_wconf 82' lang='lat' dir='ltr'><strong>laelitiae</strong></span> <span class='ocrx_word' id='word_1_91' title='bbox 321 3093 437 3142; x_wconf 91' lang='lat' dir='ltr'><strong>meros</strong></span> <span class='ocrx_word' id='word_1_92' title='bbox 464 3069 617 3163; x_wconf 78' lang='lat' dir='ltr'><strong>loquitur</strong></span> <span class='ocrx_word' id='word_1_93' title='bbox 646 3091 824 3142; x_wconf 84' lang='lat' dir='ltr'><strong>moerores.</strong></span> <span class='ocrx_word' id='word_1_94' title='bbox 863 3071 907 3140; x_wconf 79' lang='lat' dir='ltr'><strong>Et</strong></span> <span class='ocrx_word' id='word_1_95' title='bbox 940 3078 1061 3140; x_wconf 81' lang='lat' dir='ltr'><strong>eontra</strong></span> <span class='ocrx_word' id='word_1_96' title='bbox 1080 3069 1251 3138; x_wconf 79' lang='lat' dir='ltr'><strong>fortunam</strong></span> 
     </span>
     <span class='ocr_line' id='line_1_18' title="bbox 171 3181 1251 3288; baseline -0.001 -27"><span class='ocrx_word' id='word_1_97' title='bbox 171 3193 315 3288; x_wconf 89' lang='lat' dir='ltr'><strong>quidem</strong></span> <span class='ocrx_word' id='word_1_98' title='bbox 342 3193 472 3265; x_wconf 88' lang='lat' dir='ltr'><strong>seimus</strong></span> <span class='ocrx_word' id='word_1_99' title='bbox 494 3193 634 3265; x_wconf 87' lang='lat' dir='ltr'><strong>unicum</strong></span> <span class='ocrx_word' id='word_1_100' title='bbox 660 3181 820 3288; x_wconf 84' lang='lat' dir='ltr'><strong>elypeum</strong></span> <span class='ocrx_word' id='word_1_101' title='bbox 854 3213 935 3264; x_wconf 90' lang='lat' dir='ltr'><strong>esse</strong></span> <span class='ocrx_word' id='word_1_102' title='bbox 967 3191 1121 3275; x_wconf 67' lang='lat' dir='ltr'><strong>virtutis</strong></span> <span class='ocrx_word' id='word_1_103' title='bbox 1152 3189 1251 3260; x_wconf 88' lang='lat' dir='ltr'><strong>ouius</strong></span> 
     </span>
     <span class='ocr_line' id='line_1_19' title="bbox 174 3310 1252 3409; baseline -0.006 -22"><span class='ocrx_word' id='word_1_104' title='bbox 174 3315 338 3407; x_wconf 89' lang='lat' dir='ltr'><strong>quoniam</strong></span> <span class='ocrx_word' id='word_1_105' title='bbox 372 3316 437 3386; x_wconf 88' lang='lat' dir='ltr'><strong>sim</strong></span> <span class='ocrx_word' id='word_1_106' title='bbox 462 3315 577 3409; x_wconf 67' lang='lat' dir='ltr'><strong>inops</strong></span> <span class='ocrx_word' id='word_1_107' title='bbox 609 3335 705 3406; x_wconf 86' lang='lat' dir='ltr'><strong>saepe</strong></span> <span class='ocrx_word' id='word_1_108' title='bbox 737 3336 799 3408; x_wconf 91' lang='lat' dir='ltr'><strong>per</strong></span> <span class='ocrx_word' id='word_1_109' title='bbox 823 3315 890 3386; x_wconf 91' lang='lat' dir='ltr'><strong>hoo</strong></span> <span class='ocrx_word' id='word_1_110' title='bbox 910 3325 1046 3406; x_wconf 83' lang='lat' dir='ltr'><strong>lempus</strong></span> <span class='ocrx_word' id='word_1_111' title='bbox 1067 3310 1252 3383; x_wconf 81' lang='lat' dir='ltr'><strong>lethalibus</strong></span> 
     </span>
     <span class='ocr_line' id='line_1_20' title="bbox 173 3432 1258 3532; baseline -0.007 -27"><span class='ocrx_word' id='word_1_112' title='bbox 173 3437 285 3529; x_wconf 84' lang='lat' dir='ltr'><strong>plagis</strong></span> <span class='ocrx_word' id='word_1_113' title='bbox 316 3437 489 3532; x_wconf 90' lang='lat' dir='ltr'><strong>experior.</strong></span> <span class='ocrx_word' id='word_1_114' title='bbox 510 3438 652 3506; x_wconf 90' lang='lat' dir='ltr'><strong>Famam</strong></span> <span class='ocrx_word' id='word_1_115' title='bbox 679 3457 763 3507; x_wconf 90' lang='lat' dir='ltr'><strong>vero</strong></span> <span class='ocrx_word' id='word_1_116' title='bbox 792 3435 921 3529; x_wconf 89' lang='lat' dir='ltr'><strong>quibus</strong></span> <span class='ocrx_word' id='word_1_117' title='bbox 948 3435 1054 3507; x_wconf 90' lang='lat' dir='ltr'><strong>armis</strong></span> <span class='ocrx_word' id='word_1_118' title='bbox 1087 3434 1163 3506; x_wconf 90' lang='lat' dir='ltr'><strong>sine</strong></span> <span class='ocrx_word' id='word_1_119' title='bbox 1188 3432 1258 3502; x_wconf 15' lang='lat' dir='ltr'><strong>alis!</strong></span> 
     </span>
     <span class='ocr_line' id='line_1_21' title="bbox 173 3553 1253 3630; baseline -0.008 -1"><span class='ocrx_word' id='word_1_120' title='bbox 173 3557 383 3630; x_wconf 79' lang='lat' dir='ltr'><strong>evaderem?</strong></span> <span class='ocrx_word' id='word_1_121' title='bbox 403 3560 542 3630; x_wconf 87' lang='lat' dir='ltr'><strong>voluere</strong></span> <span class='ocrx_word' id='word_1_122' title='bbox 567 3567 761 3628; x_wconf 82' lang='lat' dir='ltr'><strong>monstrum</strong></span> <span class='ocrx_word' id='word_1_123' title='bbox 782 3566 850 3629; x_wconf 79' lang='lat' dir='ltr'><strong>est:</strong></span> <span class='ocrx_word' id='word_1_124' title='bbox 872 3559 938 3629; x_wconf 89' lang='lat' dir='ltr'><strong>hoe</strong></span> <span class='ocrx_word' id='word_1_125' title='bbox 964 3555 1156 3628; x_wconf 90' lang='lat' dir='ltr'><strong>remedium</strong></span> <span class='ocrx_word' id='word_1_126' title='bbox 1182 3553 1253 3622; x_wconf 93' lang='lat' dir='ltr'><strong>ele-</strong></span> 
     </span>
     <span class='ocr_line' id='line_1_22' title="bbox 173 3679 1252 3773; baseline -0.006 -23"><span class='ocrx_word' id='word_1_127' title='bbox 173 3682 224 3772; x_wconf 80' lang='lat' dir='ltr'><strong>gi:</strong></span> <span class='ocrx_word' id='word_1_128' title='bbox 242 3681 287 3753; x_wconf 91' lang='lat' dir='ltr'><strong>de</strong></span> <span class='ocrx_word' id='word_1_129' title='bbox 307 3703 346 3752; x_wconf 89' lang='lat' dir='ltr'><strong>re</strong></span> <span class='ocrx_word' id='word_1_130' title='bbox 364 3683 458 3751; x_wconf 88' lang='lat' dir='ltr'><strong>nulla</strong></span> <span class='ocrx_word' id='word_1_131' title='bbox 477 3701 628 3773; x_wconf 89' lang='lat' dir='ltr'><strong>unquam</strong></span> <span class='ocrx_word' id='word_1_132' title='bbox 643 3702 683 3751; x_wconf 89' lang='lat' dir='ltr'><strong>ao</strong></span> <span class='ocrx_word' id='word_1_133' title='bbox 701 3679 746 3751; x_wconf 92' lang='lat' dir='ltr'><strong>de</strong></span> <span class='ocrx_word' id='word_1_134' title='bbox 762 3683 856 3751; x_wconf 92' lang='lat' dir='ltr'><strong>nullo</strong></span> <span class='ocrx_word' id='word_1_135' title='bbox 874 3679 1051 3750; x_wconf 91' lang='lat' dir='ltr'><strong>hominum</strong></span> <span class='ocrx_word' id='word_1_136' title='bbox 1072 3683 1252 3771; x_wconf 83' lang='lat' dir='ltr'><strong>perconta-</strong></span> 
     </span>
     <span class='ocr_line' id='line_1_23' title="bbox 172 3799 1253 3889; baseline -0.006 -17"><span class='ocrx_word' id='word_1_137' title='bbox 172 3804 212 3872; x_wconf 91' lang='lat' dir='ltr'><strong>ri.</strong></span> <span class='ocrx_word' id='word_1_138' title='bbox 241 3805 311 3875; x_wconf 89' lang='lat' dir='ltr'><strong>Sed</strong></span> <span class='ocrx_word' id='word_1_139' title='bbox 334 3803 370 3875; x_wconf 91' lang='lat' dir='ltr'><strong>id</strong></span> <span class='ocrx_word' id='word_1_140' title='bbox 397 3825 537 3879; x_wconf 87' lang='lat' dir='ltr'><strong>rursum</strong></span> <span class='ocrx_word' id='word_1_141' title='bbox 563 3803 703 3873; x_wconf 79' lang='lat' dir='ltr'><strong>inutile:</strong></span> <span class='ocrx_word' id='word_1_142' title='bbox 725 3803 792 3874; x_wconf 84' lang='lat' dir='ltr'><strong>etsi</strong></span> <span class='ocrx_word' id='word_1_143' title='bbox 817 3802 910 3872; x_wconf 91' lang='lat' dir='ltr'><strong>enim</strong></span> <span class='ocrx_word' id='word_1_144' title='bbox 935 3800 1087 3889; x_wconf 84' lang='lat' dir='ltr'><strong>linguam</strong></span> <span class='ocrx_word' id='word_1_145' title='bbox 1119 3799 1253 3867; x_wconf 83' lang='lat' dir='ltr'><strong>frenas-</strong></span> 
     </span>
     <span class='ocr_line' id='line_1_24' title="bbox 172 3919 1251 4012; baseline -0.006 -17"><span class='ocrx_word' id='word_1_146' title='bbox 172 3946 256 4008; x_wconf 82' lang='lat' dir='ltr'><strong>sem,</strong></span> <span class='ocrx_word' id='word_1_147' title='bbox 265 3947 369 3996; x_wconf 89' lang='lat' dir='ltr'><strong>aures</strong></span> <span class='ocrx_word' id='word_1_148' title='bbox 381 3947 453 3996; x_wconf 89' lang='lat' dir='ltr'><strong>non</strong></span> <span class='ocrx_word' id='word_1_149' title='bbox 464 3925 710 3996; x_wconf 78' lang='lat' dir='ltr'><strong>obstru&#39;xeram</strong></span> <span class='ocrx_word' id='word_1_150' title='bbox 721 3951 728 3994; x_wconf 89' lang='lat'>:</span> <span class='ocrx_word' id='word_1_151' title='bbox 741 3926 789 3995; x_wconf 81' lang='lat' dir='ltr'><strong>in</strong></span> <span class='ocrx_word' id='word_1_152' title='bbox 802 3924 887 3994; x_wconf 91' lang='lat' dir='ltr'><strong>nihil</strong></span> <span class='ocrx_word' id='word_1_153' title='bbox 900 3922 1122 4012; x_wconf 80' lang='lat' dir='ltr'><strong>interrogans</strong></span> <span class='ocrx_word' id='word_1_154' title='bbox 1133 3919 1251 3993; x_wconf 86' lang='lat' dir='ltr'><strong>audivi</strong></span> 
     </span>
     <span class='ocr_line' id='line_1_25' title="bbox 170 4041 1252 4141; baseline -0.006 -25"><span class='ocrx_word' id='word_1_155' title='bbox 170 4049 281 4118; x_wconf 79' lang='lat' dir='ltr'><strong>multa</strong></span> <span class='ocrx_word' id='word_1_156' title='bbox 299 4069 381 4141; x_wconf 71' lang='lat' dir='ltr'><strong>quae</strong></span> <span class='ocrx_word' id='word_1_157' title='bbox 405 4047 515 4132; x_wconf 90' lang='lat' dir='ltr'><strong>nolui,</strong></span> <span class='ocrx_word' id='word_1_158' title='bbox 534 4057 569 4118; x_wconf 81' lang='lat' dir='ltr'><strong>et</strong></span> <span class='ocrx_word' id='word_1_159' title='bbox 589 4046 730 4120; x_wconf 89' lang='lat' dir='ltr'><strong>morbos</strong></span> <span class='ocrx_word' id='word_1_160' title='bbox 751 4041 786 4117; x_wconf 76' lang='lat' dir='ltr'><strong>et</strong></span> <span class='ocrx_word' id='word_1_161' title='bbox 810 4048 932 4120; x_wconf 86' lang='lat' dir='ltr'><strong>funera</strong></span> <span class='ocrx_word' id='word_1_162' title='bbox 956 4055 991 4118; x_wconf 79' lang='lat' dir='ltr'><strong>et</strong></span> <span class='ocrx_word' id='word_1_163' title='bbox 1015 4067 1142 4136; x_wconf 82' lang='lat' dir='ltr'><strong>graves</strong></span> <span class='ocrx_word' id='word_1_164' title='bbox 1168 4041 1252 4113; x_wconf 88' lang='lat' dir='ltr'><strong>ami-</strong></span> 
     </span>
    </p>
   </div>
   <div class='ocr_carea' id='block_1_9' title="bbox 169 4167 1249 4342">
    <p class='ocr_par' dir='ltr' id='par_1_9' title="bbox 169 4167 1249 4342">
     <span class='ocr_line' id='line_1_26' title="bbox 169 4167 1249 4264; baseline -0.011 -20"><span class='ocrx_word' id='word_1_165' title='bbox 169 4193 290 4244; x_wconf 91' lang='lat' dir='ltr'><strong>oorum</strong></span> <span class='ocrx_word' id='word_1_166' title='bbox 313 4191 433 4254; x_wconf 82' lang='lat' dir='ltr'><strong>casus,</strong></span> <span class='ocrx_word' id='word_1_167' title='bbox 461 4193 610 4264; x_wconf 90' lang='lat' dir='ltr'><strong>quorum</strong></span> <span class='ocrx_word' id='word_1_168' title='bbox 639 4173 696 4241; x_wconf 88' lang='lat' dir='ltr'><strong>vel</strong></span> <span class='ocrx_word' id='word_1_169' title='bbox 726 4167 927 4242; x_wconf 92' lang='lat' dir='ltr'><strong>meminisse</strong></span> <span class='ocrx_word' id='word_1_170' title='bbox 954 4169 1160 4264; x_wconf 84' lang='lat' dir='ltr'><strong>supplicium</strong></span> <span class='ocrx_word' id='word_1_171' title='bbox 1185 4173 1249 4236; x_wconf 87' lang='lat' dir='ltr'><strong>est.</strong></span> 
     </span>
     <span class='ocr_line' id='line_1_27' title="bbox 297 4289 1095 4342; baseline -0.009 0"><span class='ocrx_word' id='word_1_172' title='bbox 297 4303 325 4342; x_wconf 86' lang='grc' dir='ltr'><strong>ιι.</strong></span> <span class='ocrx_word' id='word_1_173' title='bbox 1084 4289 1095 4335; x_wconf 87' lang='lat' dir='ltr'><strong>r</strong></span> 
     </span>
    </p>
   </div>
   <div class='ocr_carea' id='block_1_10' title="bbox 0 0 1509 4794">
    <p class='ocr_par' dir='ltr' id='par_1_10' title="bbox 0 0 1509 4794">
     <span class='ocr_line' id='line_1_28' title="bbox 0 0 1509 4794; baseline 0 0"><span class='ocrx_word' id='word_1_174' title='bbox 0 0 1509 4794; x_wconf 95' lang='lat' dir='ltr'><strong> </strong></span> 
     </span>
    </p>
   </div>
   <div class='ocr_carea' id='block_1_11' title="bbox 1498 3519 1502 4744">
    <p class='ocr_par' dir='ltr' id='par_1_11' title="bbox 1498 3519 1502 4744">
     <span class='ocr_line' id='line_1_29' title="bbox 1498 3519 1502 4744; baseline 0 0"><span class='ocrx_word' id='word_1_175' title='bbox 1498 3519 1502 4744; x_wconf 95' lang='lat' dir='ltr'><strong> </strong></span> 
     </span>
    </p>
   </div>
  </div>
 </body>
</html>
