2988 4800
388 350 481 399 niusa
502 348 905 399 uuonoruus—nrrsruna
927 351 966 400 u.
1157 339 1213 402 llo

138 509 266 560 mosam
289 486 429 579 Virgilii
449 485 560 558 nostri
581 493 738 557 matrem.
765 483 815 555 lbi
841 507 896 556 me
922 485 1043 557 similis
1069 488 1215 580 laqueus

138 614 218 683 alter
234 620 370 693 manet,
386 608 464 693 sed,
480 609 514 678 ni
532 610 636 692 fallor,
656 607 790 678 facilius
807 606 1066 682 dissolvendus.
1080 610 1214 682 Parmae

139 731 326 829 superioris
362 729 463 802 amici
495 732 594 802 frena
625 753 694 802 non
727 729 880 802 habebo:
903 739 996 802 tanta
1017 731 1135 805 brevis
1160 755 1216 804 rc-

138 879 209 928 rum
229 855 380 927 mutatio
401 854 554 926 incessit.
578 855 615 924 ln
636 853 773 956 caeteris
794 852 873 924 inde
900 853 1005 925 totius
1026 853 1095 926 viae
1123 855 1215 926 urbi-

139 978 199 1048 bus
224 987 335 1070 atque
360 974 508 1071 oppidis,
536 973 666 1068 negotii
691 974 786 1046 nibil.
810 976 930 1068 ltaque
953 975 1155 1061 confestim,
1184 977 1214 1046 si

141 1102 205 1173 vita
225 1123 347 1174 comes
368 1099 485 1186 fuecit,
512 1120 533 1171 e
554 1098 767 1192 transalpino
787 1122 868 1170 rure
894 1107 1014 1172 nostro
1034 1100 1079 1170 ad
1100 1107 1133 1170 te
1153 1097 1216 1170 ite-

116 1289 119 1298 .
142 1245 210 1294 rum
233 1222 402 1308 scribam,
424 1245 536 1316 neque
556 1221 718 1314 deinceps
731 1221 816 1293 alias
829 1219 926 1314 prius
948 1243 995 1292 ex
1010 1242 1065 1292 me
1083 1219 1214 1292 litteras

141 1354 311 1440 expectes,
329 1368 436 1439 quam
450 1367 531 1439 quae
551 1345 755 1441 pervenisse
771 1367 827 1416 me
844 1343 1019 1416 nuncient.
1039 1345 1109 1416 lllic
1128 1365 1213 1416 sane

143 1470 301 1562 quamdiu
319 1471 412 1564 ipsa,
427 1490 507 1563 quae
520 1491 577 1542 res
591 1480 627 1541 et
645 1469 788 1542 consilia
808 1477 927 1540 nostra
948 1479 1050 1554 rotat,
1073 1469 1216 1542 modum

144 1601 264 1664 statuet
286 1594 441 1677 fortuna,
464 1613 530 1684 ego
552 1590 706 1685 quidem,
730 1591 824 1685 quod
840 1613 909 1662 non
928 1589 989 1662 tibi
1006 1600 1137 1664 tantum
1156 1591 1215 1662 tali

145 1715 253 1800 emim,
271 1715 337 1787 sed
352 1717 457 1807 vulgo
474 1715 577 1787 etiam
595 1722 714 1785 notum
729 1736 821 1802 reor,
836 1714 999 1787 excussis
1013 1714 1215 1807 libratisque

146 1835 313 1922 omnibns,
337 1839 369 1910 si
388 1860 436 1909 ex
456 1840 525 1909 alto
545 1835 664 1908 datum
690 1845 798 1924 esset,
825 1849 980 1932 optarem
1007 1838 1042 1907 in
1066 1859 1109 1910 eo
1134 1859 1215 1910 rnre
1279 1829 1284 1840 '

146 1960 304 2054 quidquid
324 1969 381 2032 est
401 1961 485 2033 vitae
504 1962 599 2053 quod
619 1970 728 2032 restat
747 1959 900 2052 exigere.
921 1960 997 2031 Etsi
1022 1961 1114 2032 enim
1141 1961 1215 2031 loco

149 2079 189 2152 illi
207 2087 313 2156 multa
335 2083 452 2156 desint
472 2084 599 2177 quibus
620 2085 780 2176 voluptas
800 2094 882 2174 eget
902 2082 1056 2175 urbsque
1081 2081 1212 2166 affluit,

147 2203 197 2276 illa
213 2218 327 2282 tamen
346 2209 476 2282 adsunt
491 2207 618 2302 quibus
633 2206 717 2278 urbs
730 2215 826 2277 caret
842 2203 1040 2297 quibusque
1057 2224 1124 2294 ego
1141 2225 1215 2274 ma-

148 2326 230 2400 xime
246 2330 417 2417 delector,
436 2328 732 2416 libertae,‘otium,
752 2325 939 2408 silentium,
961 2323 1119 2396 solitudo.
1138 2325 1215 2396 Duo

151 2446 190 2520 ibi
209 2465 296 2539 sunt,
320 2456 443 2538 fateor,
466 2453 619 2526 adversa
638 2450 768 2533 animm
795 2457 830 2520 et
854 2448 949 2543 quod
973 2447 1018 2521 ab
1043 2447 1140 2518 ltalia
1164 2449 1215 2518 lo-

151 2593 203 2644 cus
221 2578 337 2662 abest,
357 2577 403 2650 ad
423 2598 527 2669 quam
554 2599 610 2647 me
641 2573 809 2646 naturalis
842 2581 957 2644 motus
990 2570 1153 2655 attrahit,
1179 2579 1215 2642 et

152 2697 232 2784 quod
250 2699 366 2771 vicina
386 2707 442 2770 est
459 2697 562 2770 nimis
576 2695 733 2794 Babylon
746 2696 823 2768 brec
835 2693 1072 2780 occidentalis,
1095 2713 1212 2764 rerum

153 2819 288 2905 pessima
317 2819 502 2914 Ereboque
534 2818 721 2904 simillima,
748 2816 840 2890 unde
866 2825 1070 2889 manatura
1096 2814 1213 2887 itidem

153 2935 342 3015 dehortatur
368 2965 409 3014 ac
443 2942 586 3014 retrahit
619 2963 711 3012 mea:
745 2942 869 3012 ferrem
890 2948 1006 3010 tamen
1028 2945 1214 3030 utrumque

155 3079 255 3136 amara
276 3066 437 3140 dulcibus
459 3065 602 3138 leniens.
631 3065 700 3137 Sed
732 3064 799 3137 alia
831 3063 992 3156 quaedam
1025 3071 1109 3134 sunt
1132 3081 1214 3154 quae

156 3187 314 3280 refugiunt
342 3192 472 3276 stilum,
493 3212 539 3262 ex
566 3188 695 3283 quibus
715 3187 799 3260 milri
820 3187 887 3258 illic
907 3209 1039 3258 moram
1060 3185 1214 3278 profecto
1249 3205 1253 3214 ’

156 3299 383 3384 brevissimam
404 3334 571 3404 auguror,
595 3310 661 3382 nisi
682 3311 768 3404 quid
787 3309 870 3381 novi
895 3311 1012 3381 forsan
1037 3305 1213 3378 inciderit:

158 3431 236 3516 quod
247 3434 359 3527 ipsum
374 3437 475 3528 quale
490 3435 646 3530 suspicer
662 3435 793 3526 ignoro.
814 3433 854 3504 ld
871 3431 951 3518 scio,
969 3431 1055 3501 nihil
1072 3429 1212 3501 omnino

158 3567 214 3622 1¹0ss
231 3579 332 3649 posse
353 3557 483 3631 bomini
508 3559 723 3650 contingere,
751 3555 888 3628 animali
913 3554 1044 3628 caduco
1068 3569 1213 3648 prorsus

131 3747 134 3755 ,
158 3681 340 3764 acnrortuli,
356 3681 434 3754 licet
454 3682 543 3752 inter
561 3679 721 3752 miserias
742 3678 911 3750 insolenti.
935 3675 1033 3746 Latet
1052 3694 1137 3764 ergo
1158 3692 1214 3742 re-

159 3811 221 3867 tum
238 3804 365 3876 exitus:
387 3825 543 3898 praesens
564 3803 776 3899 propositum
798 3799 903 3872 animi
919 3819 988 3869 non
1006 3798 1099 3879 latet,
1118 3791 1214 3887 quod

159 3922 187 3983 et
203 3919 256 3993 tibi
275 3936 310 3998 et
329 3926 457 3999 nostris
479 3949 546 3998 non
569 3927 722 4020 ignotum
744 3917 860 3996 velim.
875 3925 1066 3993 Romanum
1088 3935 1212 4010 nempe

97 4029 101 4040 ’
160 4035 346 4139 Pontificem,
369 4075 474 4148 quem
496 4050 541 4126 ad
561 4052 671 4146 ripam
689 4049 822 4120 Tiberis
840 4065 998 4140 quaerere
1017 4063 1213 4116 consueve-

162 4176 224 4237 rant
240 4184 350 4266 patres
368 4176 493 4260 nostri,
521 4197 584 4248 nos
610 4175 654 4247 ad
680 4172 789 4267 ripam
815 4166 971 4244 Rhoduni
997 4164 1210 4262 quaerimus:
