2958 4804
329 326 425 374 uranu
447 323 956 384 autulusoncluus.-nrrsrott
978 329 1018 378 rr.
1157 317 1217 380 289

117 463 425 557 carnificibusque
443 462 615 536 devoveo.
638 463 708 536 Sed
728 464 795 536 iam
817 463 911 558 quod
931 465 988 536 alii
1007 469 1064 537 vel
1084 464 1219 558 fingant

118 591 188 660 vel
201 587 355 679 cogitent
371 585 573 659 audiamus..
586 584 794 660 Diffidentiae
812 587 933 660 dicunt
948 608 1038 674 esse,
1055 590 1085 660 si
1099 589 1215 661 redeo.

121 711 240 784 Cuius
261 717 383 802 quaeso
403 707 628 780 diffidentiae?
647 706 702 778 An
720 709 880 802 cuiquam
901 709 1056 802 ignotum
1073 718 1140 795 est,
1156 732 1217 782 ne·
1318 784 1323 792 ,

85 921 87 926 ¹
121 812 263 904 minem
283 829 353 901 huo
374 839 444 902 tam
461 850 572 924 parva
589 830 726 902 fortuna
742 829 917 902 hominem
932 831 987 902 his
1002 831 1216 925 temporibus

121 954 290 1039 venisse,
313 953 385 1048 qui,
409 959 447 1024 ut
466 975 488 1026 a
508 952 619 1047 capite
639 952 815 1046 incipiam,
838 964 873 1025 et
897 973 918 1023 a
939 974 1082 1025 romano
1107 954 1217 1047 ponti-

123 1076 200 1149 fice
218 1084 253 1147 et
273 1097 293 1146 a
314 1075 477 1147 maximis
499 1084 535 1145 et
552 1095 572 1145 a
590 1073 727 1167 magnis
745 1083 839 1146 tanta
856 1075 1033 1148 alacritate
1052 1084 1217 1168 tantoque

123 1224 213 1273 eum
233 1199 361 1292 gaudio
381 1199 583 1272 videretur?
612 1198 756 1271 Gloriari
790 1201 882 1273 enim
915 1209 1064 1293 oportet,
1095 1171 1217 1272 sedin

125 1323 292 1410 Domino,
307 1321 368 1416 qui
385 1321 469 1392 mihi
487 1320 605 1393 tribuit
622 1317 756 1393 tantum
776 1332 812 1392 et
833 1333 903 1392 tam
924 1343 1043 1394 rarum
1060 1322 1215 1394 favorem

127 1448 188 1517 vel
222 1445 346 1516 mereri
380 1465 501 1538 posse,
533 1447 589 1516 vel
623 1442 699 1516 sine
733 1443 864 1516 meritis
890 1444 1055 1516 invenire.
1089 1447 1216 1539 Magna

127 1568 274 1662 quidem
295 1588 374 1639 cum
396 1566 625 1639 admiratione
645 1569 846 1651 multorum,
869 1566 1112 1661 praecipueque
1132 1567 1213 1650 mei,

128 1689 176 1762 iis
200 1691 304 1764 etiam
322 1711 410 1784 quos
428 1711 605 1784 nunquam
625 1689 795 1775 videram,
815 1689 856 1761 iis
879 1689 956 1762 dico
982 1689 1042 1783 qui
1059 1692 1216 1762 romuleo

128 1815 272 1888 cardine
293 1816 466 1906 fulgentes
492 1836 539 1885 ex
565 1817 634 1888 alto
658 1812 789 1910 pariter
812 1822 936 1886 cuncta
961 1813 1158 1908 despicere,
1180 1825 1216 1884 et

129 1937 304 2030 principes
336 1937 431 2032 ipsos
457 1957 498 2008 ao
524 1946 694 2009 terrarum
719 1936 880 2008 dominos
904 1936 1059 2009 fastidire
1086 1939 1212 2016 solent,

130 2069 200 2130 tam
222 2069 360 2152 gratum
382 2059 571 2132 adventum
592 2081 710 2131 meum
727 2081 808 2132 esse
825 2058 1009 2154 perpendi,
1029 2057 1135 2150 idque
1152 2077 1214 2128 eos

130 2193 225 2257 tanta
260 2183 448 2255 serenitate
477 2183 655 2268 frontium,
680 2192 775 2254 tanta
800 2180 988 2253 verborum
1014 2176 1212 2264 dulcedine,

129 2316 224 2380 tanta
257 2306 409 2401 denique
442 2317 581 2378 actuum
614 2304 827 2397 benignitate
855 2303 989 2387 testari,
1017 2314 1055 2374 ut
1079 2311 1213 2375 tantum

127 2430 229 2505 famae
262 2429 403 2501 licuisse
435 2429 499 2498 vix
532 2428 724 2500 crederem.
759 2427 860 2498 Nulla
893 2447 978 2518 ergo
1011 2427 1213 2510 diffidentiae

127 2561 325 2636 causaest,
344 2551 448 2624 crede
465 2551 567 2636 mihi;
589 2571 715 2643 magna
735 2571 875 2643 sperare
894 2551 1019 2636 liceret,
1035 2551 1064 2622 si
1079 2551 1211 2623 liberet.

127 2678 202 2771 Ego
224 2685 343 2748 autem
366 2674 450 2746 nihil
474 2674 589 2768 cupio,
616 2681 745 2766 praeter
770 2694 888 2767 paoem
915 2673 1040 2743 animi:
1067 2683 1103 2744 et
1126 2695 1214 2765 quo-

127 2801 220 2871 niam
242 2795 328 2870 nihil
345 2797 462 2892 cupio,
481 2796 567 2866 nihil
587 2817 702 2890 spero.
724 2794 826 2882 Quod
846 2794 913 2867 atsi
933 2795 977 2868 de
999 2796 1134 2866 illorum
1152 2816 1213 2886 ge-

127 2944 210 2994 nere
229 2921 390 2993 videatur
408 2939 489 3014 quae
506 2918 611 2991 fidem
626 2928 791 3012 putentur
805 2920 990 3005 exoedera,
1008 2916 1068 2989 tibi
1086 2929 1210 3002 amen,

127 3033 314 3129 nisi'lallor,
328 3054 364 3116 et
384 3063 477 3137 saepe
497 3041 613 3114 multis
631 3042 765 3114 indiciis
784 3042 967 3135 probatum
985 3052 1054 3128 est,
1069 3052 1104 3114 et
1121 3063 1212 3113 nunc
1306 3063 1308 3068 ·

128 3190 195 3240 uno
216 3166 348 3240 recenti
366 3175 402 3237 et
422 3163 483 3237 tibi
505 3165 657 3239 nondum
677 3165 816 3258 cognito
840 3165 1136 3239 demonstrabitur
1156 3187 1213 3236 ar·
1315 3153 1320 3166 ’

126 3298 305 3383 gumento.
325 3288 424 3361 Nosti
442 3287 585 3383 quidem
606 3287 716 3381 aequis
738 3289 808 3359 sere
834 3287 1051 3382 portionibus
1072 3287 1213 3382 quadri-

127 3411 289 3506 partitam
310 3410 394 3481 mihi
415 3408 460 3480 ab
480 3408 561 3482 olim
583 3409 823 3482 haereditatem
841 3408 1112 3481 ecclesiasticam
1129 3430 1211 3480 con-

127 3533 264 3626 tigisse
286 3532 425 3626 quando
447 3542 485 3604 ut
505 3530 555 3604 sic
576 3531 740 3604 vivamus
762 3551 846 3603 sors
861 3541 981 3602 nostra
1001 3540 1067 3613 cst,
1090 3539 1125 3601 et
1147 3550 1210 3601 seu

126 3665 329 3750 parentum,
351 3677 416 3727 seu
436 3656 563 3728 nostris
585 3653 749 3749 auspiciis
770 3677 791 3726 a
811 3654 930 3746 primis
952 3651 1050 3726 annis
1072 3652 1107 3724 id
1127 3653 1211 3724 vitae

128 3799 243 3870 genus
263 3778 444 3871 elegimus.
469 3778 581 3850 Huius
604 3776 711 3869 igitur
737 3775 951 3848 haereditatis
977 3775 1066 3846 duas
1093 3783 1209 3868 partes

128 3900 214 3972 mihi
232 3901 439 3974 suffecturas
458 3909 569 3985 ratus,
584 3901 673 3972 duas
691 3900 842 3992 reliquas
859 3899 947 3970 inter
964 3899 1054 3971 duos
1073 3905 1210 3970 veteres

130 4031 165 4094 et
183 4022 417 4098 benemeritos
438 4024 568 4098 amicos
589 4022 636 4094 ita
657 4022 805 4116 partitus
828 4043 917 4107 sum,
933 4030 984 4106 ut,
1000 4042 1079 4093 cum
1098 4042 1211 4116 usque

131 4147 261 4223 adhoc
283 4159 421 4244 tempus
443 4147 612 4221 ambobus
633 4147 736 4220 ditior
755 4144 895 4230 fuerim,
918 4167 1010 4217 nunc
1032 4169 1088 4218 me
1108 4143 1211 4217 ditior

255 4279 282 4318 rr.
1029 4268 1058 4319 ts
