3002 4794
228 334 267 393 to
566 343 607 390 os
629 340 730 390 nenos
752 338 974 388 uxltnmmous

227 461 380 532 vidicum
395 458 479 531 illud
493 458 630 530 dixitln
645 457 794 527 monibus
810 457 874 526 tuis
888 465 988 525 sortes
1002 474 1092 523 meto.
1103 452 1202 523 Pium
1217 462 1310 524 certe

228 583 410 655 consilium
423 602 504 652 esse
519 580 678 651 inefficax
692 601 762 650 non
775 576 925 650 debebit.
934 578 985 647 Tu
995 578 1084 661 vale,
1093 573 1309 669 Rayualdum

228 713 395 789 nostrum,
415 714 454 775 ut
471 705 607 774 salvere
627 701 750 773 iubeas
771 721 903 795 precor.

372 847 532 914 Mediolani,
548 846 609 899 VII.
627 844 684 900 (lal.
701 845 833 916 Augusti,
850 861 976 916 propere.

641 1284 819 1348 noisrom
841 1246 919 1347 xuſj

252 1480 445 1531 FRANCISCUS
460 1478 628 1530 PETRARGA
641 1480 800 1530 GULlELlllO
817 1479 996 1528 VERONENSI
1010 1479 1147 1528 caluom
1169 1479 1195 1527 S.
1214 1481 1241 1528 Ρ.
1260 1481 1291 1528 Ι).

335 1647 405 1717 Spe,
421 1662 505 1716 quam
519 1646 611 1700 animo
626 1650 802 1716 conceperat,
818 1644 899 1698 malis
912 1643 1017 1698 artibus
1034 1644 1211 1698 inimicorum

585 1751 614 1788 se
630 1734 760 1789 occidisse
774 1733 962 1804 conqueritur.

332 1981 462 2052 Fesellit
482 1980 605 2073 opinio,
626 2002 707 2073 spes
728 1980 843 2065 illusit,
866 1981 975 2074 pestis
997 1979 1197 2072 quotidiana
1223 1999 1315 2048 mor-

235 2104 364 2175 talium.
387 2104 457 2174 Res
479 2105 574 2174 nulla
594 2100 808 2174 mendacior:
830 2103 914 2174 nulli
935 2112 1051 2173 tamen
1071 2101 1183 2193 magis
1203 2101 1316 2172 credi-

235 2237 300 2296 tur.
323 2224 484 2298 Miraris‘l
503 2226 611 2296 immo
631 2249 717 2298 vero
736 2226 822 2296 nihil
842 2225 969 2296 minus.
991 2225 1075 2295 Rem
1097 2224 1314 2296 notissimam

234 2355 339 2438 atque
372 2348 552 2438 vulgatam
585 2349 729 2441 loquor:
764 2347 828 2418 sed
861 2347 892 2417 si
925 2347 1005 2418 mali
1037 2346 1141 2417 buius
1171 2367 1316 2417 causam

235 2467 375 2559 quaeriS,
397 2466 644 2561 adstipulatrix
670 2469 743 2560 spei
763 2479 817 2538 cst
843 2466 997 2539 humana
1017 2466 1199 2563 cupiditas.
1224 2468 1317 2537 Nihil

235 2609 303 2658 non
320 2587 464 2659 credere
483 2587 626 2673 iuberiS,
642 2586 726 2659 dum
744 2589 859 2659 omnia
876 2590 1102 2682 concupiscis.
1122 2591 1242 2683 ltaque
1259 2591 1317 2663 illa

235 2709 354 2793 fallax,
383 2709 459 2780 baec
480 2709 621 2780 credula
646 2729 711 2780 nos
738 2709 877 2806 decipit.
903 2711 1085 2783 Caeterum·
1104 2709 1199 2804 quod
1223 2711 1259 2781 iu
1285 2721 1317 2783 te

235 2841 310 2902 erat
329 2830 543 2923 praestitisti;
570 2829 634 2902 sed
658 2831 840 2902 consilium
866 2831 1042 2926 iidemque
1063 2843 1157 2905 tuam
1186 2843 1221 2904 et
1245 2834 1318 2926 pie-

237 2963 343 3023 tatem
356 2952 457 3037 illam,
472 2976 542 3046 qua
555 2975 611 3023 me
628 2954 738 3046 patrio
756 2975 853 3026 more
870 2953 1120 3049 complecteris
1138 2956 1250 3025 aliena
1266 2963 1319 3024 te·
1368 3003 1372 3010 .

238 3074 379 3144 meritas
397 3083 501 3166 atque
517 3075 680 3168 iniquitas
696 3075 954 3170 crudelitasque
970 3078 1139 3149 vicerunt.
1153 3076 1320 3167 Trigemi-

237 3218 361 3267 norum
392 3197 505 3268 acies:
532 3209 652 3270 notum
678 3210 875 3271 certamen:
902 3198 1042 3292 indigna
1067 3198 1222 3271 victoria.
1249 3197 1320 3268 Sed

238 3317 417 3404 cedamuS,
439 3342 483 3390 ue
504 3343 568 3413 per
587 3321 837 3413 impatientiam
862 3321 1116 3393 exacerbemus
1146 3320 1318 3390 iniuriam.

238 3443 330 3513 Nihil
346 3452 401 3513 est
418 3442 589 3534 reliquum
607 3443 675 3513 uisi
692 3442 785 3535 quod
803 3443 942 3536 sapiens
957 3444 1099 3536 quidam
1117 3441 1172 3514 vir
1184 3440 1320 3512 dixisse

238 3565 363 3635 sertor:
404 3574 442 3635 ut
478 3564 641 3635 humanis
679 3563 920 3638 deficientibus
957 3566 1114 3639 divinum
1151 3564 1319 3636 auxilium

239 3693 476 3779 expectemus.
497 3687 582 3759 Vale
601 3687 708 3786 nostri
730 3706 872 3757 memor.

676 3944 885 4030 Q>—
