2988 4800
257 321 314 379 llo·
598 331 639 376 us
661 329 761 376 nunus
783 329 1004 378 anrrrurlaraus

256 471 373 544 sierim
393 477 428 539 et
447 467 587 538 fortiora
604 487 660 534 me
678 474 851 564 scrutatus
869 467 992 536 fuerim
1008 492 1015 548 ;
1034 489 1095 538 seu
1113 469 1333 562 indignanter

255 594 387 677 audiar,
410 590 503 684 quod
523 611 666 660 romana
700 589 841 660 libertas
875 589 932 684 pio
964 590 1103 681 quidem
1125 594 1189 665 sed
1210 593 1331 666 humili

254 737 398 812 prorsus
420 722 455 784 et
475 711 590 783 subito
624 735 664 782 ac
689 689 841 804 pedestri
871 725 906 785 et
934 713 1079 784 forsitan
1099 715 1332 808 impertinenti

253 838 390 933 eloquio
410 835 625 908 defendatur.
647 836 772 926 Magna
793 857 865 920 res,
881 836 998 920 fateor,
1014 845 1049 906 et
1063 857 1180 908 coram
1194 840 1329 940 magnis

253 966 376 1056 agitur,
398 973 433 1034 ct
453 962 498 1033 ad
518 962 708 1032 Maximum
732 960 921 1031 reserenda.
944 963 1020 1052 Ego
1040 984 1127 1033 vero
1146 963 1328 1056 parvitatis

191 1167 193 1170 .
253 1109 341 1160 meae
358 1085 442 1156 mihi
461 1107 538 1156 sum
556 1083 731 1166 conscius3
748 1084 811 1155 sed
828 1083 873 1156 ad
890 1085 1102 1176 loquendum
1119 1085 1254 1158 animos
1272 1087 1329 1159 dat

161 1293 162 1296 Ἴ
254 1209 371 1278 innata
392 1206 540 1277 devotio.
563 1205 692 1295 ltaque,
726 1213 844 1298 patres
879 1204 1011 1297 optimi,
1034 1206 1161 1299 quibus
1183 1207 1328 1280 huiusce

252 1331 301 1401 rei
319 1351 403 1400 cura
424 1314 585 1398 mandata
605 1339 673 1409 est,
699 1327 769 1396 sia
797 1326 911 1409 vobis,
947 1339 985 1397 ut
1018 1350 1135 1420 spero,
1158 1329 1327 1402 hactenus

252 1473 340 1524 meac
366 1450 582 1544 procacitatis
608 1451 789 1520 excusatio
815 1450 1013 1521 laventibus
1039 1452 1162 1523 animis
1188 1461 1243 1523 est
1269 1456 1327 1527 ad-

251 1574 375 1658 missa,
401 1573 477 1666 pias
509 1595 571 1643 oro
596 1572 722 1644 debinc
746 1593 851 1642 aures
877 1571 1039 1643 fidelibus
1066 1573 1228 1645 adhibete
1256 1597 1329 1646 ser-

250 1695 426 1780 monibuS,
449 1717 518 1764 non
537 1695 616 1786 quis
637 1716 716 1785 ege,
741 1694 803 1764 sed
823 1715 987 1786 quaenam
1009 1695 1153 1768 intentio
1175 1719 1252 1767 mea
1273 1699 1326 1783 sit,

250 1842 363 1912 neque
386 1827 453 1888 taur
474 1819 636 1910 qualiter,
658 1841 762 1911 quarn
777 1817 862 1911 quid
879 1816 1004 1901 dicam,
1027 1819 1133 1889 immo
1153 1841 1239 1892 vero
1260 1843 1328 1892 non

250 1954 319 2015 tarn
341 1965 421 2033 quae
442 1941 566 2025 dicam,
590 1961 693 2033 quarn
720 1961 800 2032 quae
825 1941 943 2011 dicere
963 1941 1080 2026 velim,
1103 1942 1242 2035 etquid
1269 1966 1328 2016 su-

249 2089 310 2160 per
343 2075 437 2136 tanta
469 2065 612 2135 materia
645 2063 712 2134 dici
742 2073 872 2156 potest,
912 2061 1179 2136 misericorditer
1216 2075 1328 2138 atten-

248 2191 383 2261 dentes.

345 2314 497 2385 Primum
519 2314 643 2385 animis
670 2314 798 2385 vestris
825 2335 902 2384 reor
926 2313 1080 2396 insitum,
1108 2314 1236 2383 nullius
1262 2313 1327 2384 bu-

249 2457 361 2507 manae
382 2436 432 2506 rei
452 2459 577 2508 nomen
598 2458 678 2508 esse
699 2437 894 2520 sonantiuS,
913 2459 1017 2529 quam
1036 2435 1237 2528 reipublicae
1257 2439 1326 2507 Ro-

250 2575 443 2623 manorum.
466 2555 536 2623 Hoc
557 2553 642 2623 mihi
659 2556 752 2624 nulla
770 2554 881 2645 regio,
904 2554 999 2623 nulla
1019 2551 1199 2623 barbaries
1220 2574 1327 2644 nega-

249 2672 312 2758 bit,
337 2673 400 2744 scd
420 2673 513 2744 orbis
534 2673 610 2767 ipse
631 2684 815 2758 terrarum,
840 2673 871 2744 si
895 2673 989 2766 loqui
1014 2683 1146 2764 posset,
1172 2696 1240 2746 uno
1265 2696 1325 2745 ore

247 2795 424 2880 fatebitur,
439 2808 473 2899 et
487 2820 588 2868 suum
603 2807 706 2891 caput
719 2797 870 2888 ingenue
890 2807 1129 2889 recognoscet,
1145 2797 1325 2889 impexum

246 2919 325 2990 licet
343 2921 611 3012 neglectumque
628 2918 872 2990 miserabiliter
892 2931 928 2991 et
944 2920 1122 2992 incultum.
1143 2921 1255 3004 Quam
1277 2919 1323 2991 ob

247 3067 322 3116 rem
342 3043 408 3114 etsi
435 3043 519 3114 nihil
552 3043 645 3114 aliud
675 3053 771 3115 esset
801 3045 911 3114 Roma
931 3067 1037 3137 quam
1056 3067 1202 3129 nomen,
1229 3058 1326 3117 esset

247 3178 363 3237 tamen
384 3168 516 3257 reginae
536 3166 616 3237 olim
637 3189 763 3238 nornen
785 3166 902 3252 urbis,
927 3178 964 3237 ut
980 3166 1145 3268 arbitror,
1168 3169 1319 3261 quadam

246 3311 325 3360 cum
343 3291 538 3360 reverentia
555 3287 788 3375 tractandum3
807 3290 907 3375 illius,
926 3290 1077 3384 inquam,
1100 3289 1196 3361 urbis
1217 3315 1322 3384 quam

246 3412 339 3482 Deus
359 3412 576 3506 omnipotens
598 3422 649 3482 tot
668 3414 842 3507 tantisque
862 3414 1106 3506 praerogativae
1125 3414 1322 3509 temporalis

245 3545 280 3606 et
318 3535 506 3627 spiritualis
538 3534 735 3628 insignibus
767 3536 984 3620 adornasset,
1018 3557 1126 3631 penes
1158 3558 1264 3630 quam
1288 3548 1323 3607 et

244 3680 342 3730 verae
364 3657 445 3729 fidei
466 3655 576 3729 basim
606 3667 641 3730 et
669 3660 836 3732 Ecclesiae
864 3641 1124 3731 fundamentum
1145 3670 1180 3732 et
1200 3682 1322 3756 supre-

195 3807 197 3810 ·
246 3805 341 3852 mum
364 3782 469 3855 totius
489 3781 585 3854 orbis
605 3781 788 3874 imperium
811 3783 999 3854 statuisset.
1027 3783 1125 3854 Nunc
1150 3805 1255 3869 vcro,
1284 3795 1321 3854 ut

244 3906 323 3996 plus
345 3905 473 3999 aliquid
494 3928 599 3998 quarn
619 3929 745 3978 nornen
763 3909 872 3978 Roma
890 3907 948 3990 sit,
973 3908 1063 3979 unde
1086 3907 1218 4002 sperari
1240 3927 1322 3999 pos-

245 4025 372 4097 situel
399 4029 521 4114 timeri,
556 4030 641 4102 illud
673 4053 719 4100 ex
751 4013 872 4103 ordine
897 4030 1128 4123 cogitantibus
1157 4029 1317 4112 occurrit,

244 4170 313 4219 non
334 4151 461 4221 frustra
482 4173 546 4222 nec
567 4165 697 4224 temere
724 4154 786 4225 scd
808 4155 975 4227 divinitus
1001 4158 1125 4228 factum
1151 4177 1253 4236 esse,
1280 4164 1321 4224 ut
