3078 4798
354 352 447 402 tissa
468 352 978 412 QuaarUsttuctttus.-umsr0tn
1001 359 1052 408 Vii.
1189 351 1248 411 305

151 497 228 559 tum
245 486 391 559 mibiad
401 487 477 560 illos
491 489 618 574 veniat,
629 496 667 562 ut
679 487 764 565 dum
776 502 808 564 te
820 503 1030 585 praesentem
1041 494 1087 564 iili
1097 494 1250 570 babeant

151 607 238 680 biuc
258 629 319 680 me
336 605 463 680 abesse
475 631 544 681 nou
559 611 721 683 sentiant.
736 613 819 684 Mihi
833 613 926 684 cuim
942 615 1002 684 uni
1015 638 1079 710 pro
1092 616 1158 689 bac
1171 617 1251 688 bro-

154 731 312 804 vissima
325 730 409 801 vitae
421 731 480 800 via
493 714 609 803 viatici
627 733 714 806 satis
727 744 795 819 est,
810 733 949 806 abunde
965 745 1035 821 est,
1055 738 1158 810 nimis
1179 747 1247 822 est,

155 854 284 947 nilque
295 853 444 947 amplius
459 853 611 947 requiro.
627 856 687 940 Tu,
702 856 887 928 mitissime
899 864 1005 950 pater,
1021 859 1174 950 ignosce,
1187 859 1251 932 ob·

157 995 274 1061 secro,
282 974 313 1047 si
325 973 471 1047 forsitan
485 985 523 1046 ut
537 974 598 1047 tibi
612 978 734 1050 volens
749 980 922 1070 laetusque
934 979 1032 1072 parui
1046 979 1130 1052 dum
1145 980 1248 1073 potui,

158 1097 212 1168 sic
232 1095 375 1170 taudem
392 1097 610 1183 necessitati,
629 1098 686 1170 cui
699 1119 801 1192 reges
814 1121 855 1171 ac
869 1098 1041 1194 principes
1063 1103 1149 1174 colia
1167 1102 1250 1174 sub-

159 1220 317 1304 mittunt,
343 1219 453 1290 tristis
467 1229 503 1292 et
519 1220 650 1296 invitus
672 1242 822 1316 paream.
837 1222 931 1307 Vale,
950 1221 1059 1296 decus
1072 1223 1249 1296 Ecclesiae.

308 1361 353 1418 Ad
369 1361 474 1420 tontem
490 1363 602 1436 scrpta.
618 1364 701 1422 Sexto
717 1364 783 1421 Idus
797 1363 971 1421 Novembris.

682 1563 743 1572 .—

577 1754 757 1820 EPISTOLA
777 1755 845 1820 vtu.

265 1913 465 1965 rnnuurscus
487 1913 655 1966 renatam
677 1917 794 1967 ronrro
816 1918 951 1968 sausour
971 1921 1154 1971 rnarosrro

519 2003 748 2072 cavinumansr
769 2023 795 2072 s.
818 2025 846 2073 r.
868 2023 899 2072 n.

246 2159 366 2214 Excusat
378 2175 408 2214 se
422 2158 497 2232 quod
511 2176 544 2215 co
559 2145 708 2217 insalutato
723 2161 838 2230 abierit,
854 2178 939 2235 seque
954 2163 1061 2219 Italiam
1075 2180 1171 2220 versus

459 2251 572 2306 nuntiat·
581 2249 743 2323 propediem
758 2251 958 2323 profecturum.

267 2463 395 2535 Pareat
406 2462 505 2546 mibi,
527 2483 669 2555 quaeso,
687 2472 746 2535 tua
762 2463 874 2536 dulcis
892 2462 1101 2549 humanitas,
1123 2465 1250 2562 optime

169 2586 231 2670 vir,
255 2575 338 2658 site
359 2565 550 2658 insalutatox
562 2584 646 2672 abii,
666 2585 760 2681 quod
777 2595 812 2656 et
828 2586 1026 2658 devotionis
1043 2587 1196 2684 autiquae
1216 2599 1252 2662 et

169 2709 248 2780 uovi
269 2707 434 2800 promissi
466 2707 585 2780 debito
602 2709 823 2802 prohibebar.
842 2709 933 2780 Nihil
950 2713 1117 2805 estquod
1134 2713 1251 2803 magni

169 2805 298 2902 amoris
317 2829 384 2900 sibi
395 2829 557 2903 conscius
575 2831 713 2904 animus
731 2853 800 2904 non
817 2842 1021 2927 praesumat:
1036 2832 1176 2926 speravi
1189 2853 1253 2903 ve·

168 2954 275 3039 uiam,
287 2955 414 3026 fateor:
427 2953 519 3027 dixi:
532 2955 633 3026 novit
648 2955 704 3028 ille
718 2978 832 3029 mores
847 2978 960 3042 meos,
974 2965 1010 3028 et
1023 2965 1202 3051 res'meas,
1217 2966 1253 3026 et

167 3098 387 3150 cormeum:
413 3076 553 3148 veniam
578 3076 669 3148 notis
695 3078 979 3173 occupationibus
1003 3101 1072 3151 non
1098 3077 1250 3172 negabit.

168 3201 255 3274 Cum
269 3198 360 3271 euim
376 3220 468 3271 novo
481 3208 518 3270 et
530 3199 669 3272 insueto
681 3223 773 3273 nunc
786 3202 1050 3297 occupationum
1064 3224 1202 3294 genere,
1216 3214 1254 3275 ιιι

168 3321 270 3404 nosti,
292 3320 583 3415 occupatissimus
605 3340 745 3413 semper
763 3320 847 3405 sim,
858 3343 918 3414 per
936 3321 1001 3392 bos
1019 3321 1109 3406 dies,
1126 3323 1156 3394 si
1173 3325 1252 3414 quis

169 3441 385 3538 superlativo
402 3443 503 3516 altior
521 3441 651 3534 gradus
669 3450 738 3525 est,
758 3450 891 3514 tantum
911 3450 1040 3514 memet
1055 3442 1253 3540 occupatior

169 3587 262 3653 sum,
295 3576 335 3640 ut
353 3587 500 3639 mecum
527 3563 748 3660 saepe'mirer
780 3573 815 3637 et
847 3564 1022 3657 indigner,
1043 3585 1252 3656 mecumque

169 3687 362 3782 disquiram
384 3699 454 3763 tarn
476 3688 648 3762 brevibus
665 3689 749 3762 vitae
767 3688 949 3762 curriculis
966 3707 1133 3782 quorsum
1160 3686 1253 3758 solii-

126 3865 130 3876 .
168 3812 286 3885 citudo
305 3815 372 3885 ista
393 3813 591 3886 mortalium
611 3825 647 3886 et
665 3814 751 3907 quid
768 3822 863 3884 tanta
883 3811 950 3883 sibi
971 3812 1054 3884 velit
1074 3811 1252 3882 anxietas:

170 3934 236 4005 etsi
253 3955 502 4028 nonnunquam
522 3934 596 4028 ipse
614 3933 698 4005 mibi
716 3933 874 4005 blandiar
891 3932 1134 4026 occupationes
1157 3951 1253 4002 meas

170 4078 271 4129 noue
288 4056 466 4130 communi
479 4078 597 4130 rerum
614 4056 810 4148 vulgarium
828 4075 967 4140 acervo,
984 4053 1047 4126 sed
1063 4076 1083 4126 c
1099 4052 1253 4147 quodam

79 4243 82 4252 .
172 4165 282 4271 magis
304 4177 458 4271 ingenuo
479 4181 572 4250 tonte
591 4179 792 4272 procedere;
811 4174 1035 4270 laboremque
1053 4199 1168 4249 meum
1189 4176 1254 4247 boc

297 4311 324 4351 ιι.
906 4351 909 4358 Δ
1069 4297 1100 4350 ιθ
