3002 4794
265 355 303 415 70
605 367 646 412 nn
668 365 769 412 nunus
790 363 1011 412 rnurnrrnmus

264 507 342 598 quis
364 527 451 588 eam,
474 503 593 594 inquit,
615 524 721 593 quam
743 501 827 572 nulli
845 500 1060 583 ostenderet,
1084 501 1195 572 induit
1215 523 1344 596 purpu-

264 632 360 699 ram‘l
376 627 464 700 Mira
485 625 625 718 quidem
643 623 817 696 dementia
831 632 960 694 statum
975 633 1131 694 nostrum
1153 645 1223 694 non
1241 623 1345 696 animi

263 750 405 833 ratione,
430 747 493 820 sed
515 748 611 838 vulgi
630 749 747 819 lurore
761 745 945 828 moderari,
960 754 996 815 et
1012 747 1047 814 in
1064 745 1246 816 consilium
1261 746 1344 818 vitae

262 883 393 945 nostrae
412 872 488 943 illos
515 869 707 954 admittere,
734 891 883 961 quorum
909 866 1009 939 nobis
1035 868 1109 938 vita
1132 867 1344 961 contemptui

261 1005 326 1067 est.
347 996 456 1066 Nemo
476 993 717 1065 cicatricosam
736 1002 833 1082 tergo
849 992 991 1076 ducem,
1012 1013 1114 1062 nemo
1132 990 1344 1082 gubernato-

261 1141 334 1189 rem
356 1117 546 1207 naulragiis
567 1115 738 1206 insignem
757 1107 870 1206 eligit':
897 1113 974 1184 illos
993 1111 1152 1204 legimus,
1172 1135 1261 1204 quos
1280 1114 1343 1183 mi-

261 1264 391 1324 ramur,
426 1238 493 1310 illis
527 1241 681 1310 solemus
711 1248 831 1310 nostra
855 1237 1087 1322 committere,
1115 1258 1204 1329 quos
1225 1259 1341 1308 rerum

261 1385 403 1434 suarum
424 1360 677 1433 administratio
694 1363 808 1432 claros
829 1359 920 1431 lacit.
947 1362 1067 1452 ltaque
1092 1361 1224 1450 vulgus
1249 1355 1343 1430 insa-

259 1508 358 1569 num,
385 1483 485 1556 ouius
520 1504 637 1554 mores
671 1483 799 1567 rideas,
839 1484 940 1554 cuius
974 1504 1112 1554 omnem
1146 1480 1341 1575 opinionem

259 1607 439 1698 vitamque
458 1603 648 1697 despiciaS,
677 1603 712 1672 in
739 1603 895 1674 moribus
922 1603 990 1674 tuis
1021 1602 1134 1696 sequi,
1153 1605 1341 1694 plusquam

259 1725 452 1818 vulgariter
468 1723 672 1796 insanientis
686 1732 751 1795 est.
770 1725 814 1796 Ut
829 1726 921 1794 enim
939 1736 1090 1818 coeptum
1110 1745 1237 1816 sequar
1253 1724 1341 1816 (ces-

260 1857 314 1918 set
333 1846 491 1928 ambitio,
516 1856 552 1918 et
576 1849 707 1938 vulgus
733 1849 852 1940 procul
882 1849 1031 1940 exulet),
1057 1856 1188 1940 quanto
1208 1845 1341 1918 viritior

258 1983 364 2063 atque
403 1971 448 2042 ad
488 1991 611 2041 omnes
651 1970 927 2062 opportunitates
969 1969 1098 2064 aptior,
1139 1980 1340 2062 quantoque

259 2093 469 2165 tractabilior
485 2102 540 2164 est
560 2093 670 2165 vestis
697 2092 849 2186 plebeia,
877 2116 982 2185 quam
1008 2093 1129 2185 rogia?
1154 2092 1262 2164 Nobis
1289 2102 1341 2163 ta-

257 2239 338 2287 men
358 2238 401 2288 eo
422 2226 578 2309 tempore
598 2218 702 2308 longe
722 2215 821 2288 aliter
841 2216 1042 2301 videbatur,
1064 2239 1213 2309 qnorum
1235 2214 1339 2288 studii

257 2337 456 2430 laborisque
477 2337 625 2431 pretium
643 2348 720 2410 erat
734 2337 902 2432 conspici,
925 2348 977 2420 et,
997 2349 1033 2409 ul
1053 2338 1102 2410 ait
1118 2338 1190 2419 ille,

577 2516 672 2593 digito
690 2517 854 2578 monstrari
872 2525 902 2580 et
917 2516 1026 2593 dicier,
1043 2518 1093 2580 bic
1112 2524 1168 2581 est.

255 2699 367 2782 Quam
384 2696 588 2768 Hortensius
602 2707 719 2768 orator
731 2697 794 2768 luit
806 2701 944 2770 clarus?
961 2699 1027 2770 sed
1043 2699 1211 2772 dilicatior
1230 2721 1337 2794 quarn

254 2821 377 2893 deceat
397 2820 527 2903 virum,
555 2830 590 2890 et
615 2823 735 2892 lormae
763 2843 833 2890 nun
863 2822 977 2893 minus
1003 2844 1108 2913 quarn
1129 2824 1337 2914 eloquentiae

255 2941 458 3012 studiosus‘.l
479 2941 663 3034 Nunquam
697 2944 838 3033 speculo
868 2943 1063 3016 inconsulto
1092 2945 1128 3015 in
1160 2943 1335 3038 publicum

253 3063 437 3154 processit:
462 3063 498 3130 in
518 3063 575 3136 illo
602 3085 640 3134 se
665 3088 817 3150 comere,
845 3065 880 3135 in
905 3066 963 3136 illo
991 3089 1029 3136 se
1057 3067 1190 3151 mirari,
1218 3067 1253 3138 in
1278 3068 1336 3140 illo

254 3186 388 3255 vultum
412 3193 601 3279 togamque
621 3210 829 3280 componere
849 3200 1090 3260 consueverat.
1117 3191 1226 3260 Multa
1253 3198 1335 3259 sunt

250 3305 329 3377 eius
347 3307 413 3378 viri
434 3307 631 3392 muliebria,
655 3309 718 3380 sed
740 3311 823 3382 illud
836 3310 871 3379 in
885 3310 1022 3405 primis:
1036 3313 1205 3402 collegam
1220 3332 1332 3394 suum,

249 3428 346 3523 quod
363 3428 393 3499 is
410 3450 495 3501 casu
516 3429 642 3501 obvius
664 3439 759 3501 arcto
773 3429 924 3524 quodam
938 3434 1014 3504 loco
1029 3454 1068 3504 se
1081 3432 1115 3501 in
1130 3455 1210 3504 eum
1226 3432 1334 3523 impe-

250 3552 370 3643 gisset,
391 3562 426 3622 et
446 3549 671 3622 artificiosum
689 3574 735 3623 ex
756 3553 903 3626 humero
922 3564 1013 3644 togae
1029 3555 1142 3626 sinum
1158 3553 1334 3626 turbasset

249 3675 426 3748 collisione
449 3674 601 3760 lortuita,
624 3675 826 3770 iniuriarum
848 3698 1014 3750 accusare
1036 3677 1213 3762 sustinuit,
1237 3699 1334 3769 pror-

249 3817 312 3868 sus
338 3798 485 3868 leminea
505 3797 673 3869 vanitate:
695 3798 795 3891 quasi
821 3800 967 3894 capitale
991 3799 1122 3872 crimen
1142 3807 1238 3870 esset
1264 3808 1332 3870 tam

248 3922 430 4010 compositi
450 3921 606 4005 babitus,
628 3945 731 4014 quam
759 3923 909 3994 bominis
934 3922 1090 3994 offensio.
1112 3922 1192 4006 Nos
1216 3923 1330 4006 trater,

248 4041 314 4109 etsi
335 4043 418 4111 nulli
439 4044 531 4114 diem
553 4044 709 4115 diximus
736 4044 781 4116 ob
807 4045 980 4116 eiusmodi
1013 4043 1189 4128 iniuriam,
1217 4043 1332 4114 animo

249 4171 364 4234 tamen
384 4164 479 4236 baud
496 4163 675 4237 absimiles
696 4165 837 4238 luimus.
857 4165 925 4238 Sed
940 4176 972 4240 te
989 4166 1034 4238 de
1048 4165 1151 4238 tantis
1170 4187 1331 4240 errorum
