3024 4802
418 366 511 416 LIBER
532 365 782 417 nonusdecimus.
794 383 834 398 ··
843 365 997 416 urlsvoun
1018 368 1060 416 lll.
1219 357 1278 418 535

195 510 403 576 curetarum
420 502 573 593 gentium
587 522 690 574 aures
703 511 807 596 atque
821 523 882 574 ora
895 503 1168 596 complebimus?
1182 505 1280 577 Sem-

195 649 264 722 per
280 624 410 698 mundo
426 622 522 718 quod
541 624 680 709 audiat,
698 627 801 696 famae
817 624 981 698 dabimus
995 625 1079 720 quid
1096 629 1279 720 loquatur?

197 751 250 822 lte
272 771 317 822 ne
337 769 406 820 non
424 747 519 822 aetati
536 754 669 822 tantum
692 767 776 833 sues,
792 747 856 821 sed
869 747 1030 822 omnibus
1052 750 1200 834 saeeulis
1214 771 1279 822 nee

196 872 336 966 poetico
356 871 467 963 magis
487 891 592 964 quam
614 871 813 966 prophetico
833 892 894 944 ore
914 871 1019 944 locuti
1052 881 1134 949 sunt
1164 871 1279 963 Virgi-

196 996 267 1068 lius
284 1003 320 1066 et
338 993 498 1077 Flaccus,
516 1013 666 1086 quorum
683 994 787 1064 alter:

441 1173 603 1239 Gravidam
619 1171 757 1253 imperiis
774 1175 922 1254 bellisque
938 1175 1119 1239 frementem

360 1273 474 1338 ltaliam

195 1465 303 1548 dixit3
324 1466 425 1538 alter:

836 1561 984 1625 Auditum
1001 1561 1093 1625 Medis

358 1657 510 1751 Hesperien
528 1658 664 1722 sonitum
682 1652 811 1724 ruinae‘l‘

194 1863 290 1955 Agat
305 1861 409 1935 modo
429 1865 578 1947 fortuna,
601 1859 757 1955 perfleiut
776 1859 871 1954 qued
903 1861 1042 1955 incepit,
1076 1862 1218 1955 quando
1248 1865 1278 1936 si

194 2113 262 2177 est.
285 2108 425 2197 Deque
446 2127 483 2176 re
505 2104 653 2196 nequid
674 2103 909 2197 praeeipitunte
938 2104 1065 2178 iudicio
1097 2103 1275 2190 definiam,

194 2227 282 2299 nihil
301 2227 337 2300 in
358 2247 514 2322 praevens
531 2223 735 2322 pronnnei03
757 2233 795 2296 tu
817 2235 931 2298 temen
945 2225 1150 2298 sententiam
1164 2247 1277 2300 meam

194 2350 298 2423 nosti.
321 2350 357 2422 Si
378 2349 463 2444 quid
481 2349 610 2424 serium
630 2349 725 2442 loqui
747 2352 856 2434 soleo,
878 2348 923 2424 eb
943 2350 1009 2423 hae
1029 2349 1191 2446 opinione
1223 2371 1278 2421 re-

195 2473 412 2546 motissimus
434 2487 523 2546 sum.
544 2472 643 2546 Nune
663 2473 786 2564 loquor
806 2482 844 2546 ut
864 2475 1006 2566 vulgus
1029 2495 1050 2544 a
1070 2494 1140 2566 quo
1165 2471 1279 2543 maxi-

193 2619 253 2668 me
272 2595 452 2669 dissentio.
474 2594 648 2666 Caeterum
670 2594 746 2668 sive
767 2592 824 2665 illa
844 2593 929 2666 nihil
955 2594 1031 2668 sive
1054 2594 1185 2690 aliquid
1205 2604 1276 2680 est,

192 2741 275 2792 nam
295 2720 368 2790 Dea
386 2719 502 2810 procul
519 2716 626 2790 dubio
646 2725 800 2802 nonest,
824 2725 859 2788 et
879 2739 1003 2791 rursus
1026 2718 1102 2790 sive
1118 2717 1176 2788 illa
1202 2716 1276 2790 suis

191 2840 343 2925 viribus,
367 2841 443 2913 sive
461 2848 580 2914 nostre
606 2838 747 2932 ignavia
766 2849 889 2933 potens
910 2847 983 2926 est,
1015 2839 1176 2933 quoniam
1198 2839 1277 2933 qui-

192 2963 260 3036 bus
282 2963 366 3036 solis
386 2962 518 3036 obstari
539 2962 588 3035 illi
608 2970 759 3058 peterat,
781 2983 878 3034 arma
905 2961 1046 3036 rationis
1067 2961 1274 3044 obieeimuS.

192 3094 293 3176 egat,
315 3084 471 3176 inquam,
491 3084 628 3168 seeviat,
647 3094 742 3156 tonet
762 3108 803 3158 ae
819 3085 991 3171 fulminet,
1015 3086 1050 3156 in
1071 3085 1137 3158 hoe
1155 3084 1277 3178 praeei·
1309 3079 1315 3094 '

191 3227 261 3301 pne
278 3203 397 3276 mundi
414 3206 519 3287 letus,
538 3203 597 3276 ubi
618 3204 654 3275 in
671 3214 854 3299 utramque
872 3217 1005 3301 partem
1026 3208 1215 3301 plurimum
1236 3227 1276 3278 se

194 3347 333 3421 semper
366 3324 537 3408 exercuit,
571 3334 717 3420 pergat,
749 3327 866 3411 instet,
897 3337 1046 3420 premat,
1082 3336 1206 3418 urgeat
1239 3337 1276 3398 et

193 3448 333 3543 quando
350 3450 397 3521 ita
418 3447 554 3541 superis
575 3455 680 3540 atque
697 3445 816 3520 inferis
836 3449 960 3544 placet,
983 3457 1022 3522 ut
1046 3448 1177 3522 dietum
1199 3457 1274 3532 est,

192 3582 306 3667 eoeptu
325 3569 491 3666 perficiat.
511 3569 643 3642 Vereor
663 3590 748 3642 sune
767 3589 811 3640 ne
836 3589 993 3667 praesens
1014 3571 1276 3665 praesatiuncula

192 3691 296 3786 quusi
316 3712 454 3783 magnae
475 3689 650 3764 moestitiae
671 3687 778 3762 index
797 3702 971 3764 amentem
992 3702 1028 3764 et
1047 3714 1163 3766 emove
1176 3693 1275 3786 pavi-

192 3815 278 3888 dum
304 3825 408 3907 atque
435 3813 606 3886 solicitum
630 3813 785 3886 animum
819 3821 916 3886 tuum
950 3817 1037 3889 sorte
1072 3812 1272 3888 turbaverit.

192 3938 285 4011 Pone
307 3944 448 4008 metum.
475 3933 639 4008 Privatim
660 3935 745 4008 nihil
775 3936 917 4010 adversi
945 3947 1013 4023 est,
1044 3947 1152 4011 certe:
1184 3937 1274 4008 sieut

193 4055 329 4152 publice
348 4056 433 4129 nihil
453 4065 508 4130 est
528 4056 696 4154 prosperi.
716 4057 808 4141 Quid
824 4059 917 4130 enim
935 4079 1141 4156 prosperum
1162 4058 1274 4132 viris‘l

193 4177 265 4252 lmo
284 4179 474 4272 veroquid
495 4203 586 4254 nune
605 4202 673 4256 non
696 4179 794 4254 triste
814 4203 958 4276 prorsus
974 4193 1010 4256 et
1025 4183 1208 4272 miserum,
1232 4183 1272 4254 li-
