3078 4798
405 417 498 466 urana
519 417 1014 475 aururusnucruus.-urtsroun
1037 421 1055 468 r.
1210 411 1268 472 309

188 552 268 623 mibi
290 551 493 623 familiarius
515 562 619 624 notus
640 575 691 624 es.
719 555 839 647 ltaque
865 575 934 624 non
962 563 1093 627 tantum
1123 556 1269 629 adhaec

185 695 296 768 pauca
330 693 411 768 quae
446 675 636 747 insolentes
671 676 806 748 animos
837 675 1015 749 oflendunt
1046 700 1180 765 eornm,
1208 680 1267 773 qui
1297 687 1304 700 “

185 795 269 866 nihil
288 795 455 867 iniustum
473 797 540 868 nisi
558 797 653 890 quod
668 798 915 893 cupiditatibus
929 800 1150 888 adversatur,
1165 801 1268 872 nibil-

186 939 254 1009 que
275 917 342 988 nisi
356 917 451 1010 qnod
466 919 702 1013 voluptatibus
725 920 799 991 suis
820 919 1033 1014 obsequitur,
1055 921 1185 994 iustum
1203 947 1267 1018 pu-

186 1047 275 1126 tant,
300 1039 486 1112 sedetiam
508 1040 553 1112 ad
573 1041 794 1114 attollendam
815 1041 921 1113 humo
945 1045 1132 1136 collapsam
1155 1045 1268 1116 iacen-

186 1173 326 1255 temque
348 1161 597 1254 rempublicam
620 1163 825 1236 suffecturos
846 1161 1011 1237 humeros
1036 1174 1116 1236 tuos
1143 1187 1264 1260 spero,

186 1284 290 1356 modo
305 1292 341 1354 et
356 1284 430 1377 ipsa
451 1284 649 1378 respublica
669 1285 845 1359 credulam
861 1307 899 1358 se
912 1286 1066 1359 consiliis
1087 1288 1156 1360 tuis
1175 1309 1267 1383 prae

186 1414 266 1490 stet,
295 1414 331 1476 et
357 1414 403 1490 tu,
429 1407 590 1500 proiectis
611 1407 792 1480 affectibus
822 1403 985 1503 propriis,
1013 1409 1059 1480 ad
1083 1431 1267 1481 commune

186 1527 315 1600 bonum
337 1539 372 1598 te
393 1537 596 1600 convertas.¹
612 1531 651 1600 ln
673 1529 738 1602 boc
759 1529 881 1603 differo
898 1531 944 1601 ab
960 1531 1120 1623 opinione
1142 1534 1266 1605 multo-

184 1673 262 1721 rum
280 1658 386 1743 atque
406 1671 628 1742 magnorum,
643 1651 737 1744 quod
758 1652 849 1723 unde
870 1653 917 1723 illi
936 1651 996 1724 tibi
1017 1654 1141 1746 ingens
1159 1653 1266 1724 dede-

183 1793 262 1857 cus,
293 1794 361 1865 ego
388 1772 449 1842 tibi
482 1793 657 1844 summum
683 1773 791 1846 decus
818 1784 955 1868 partum
983 1798 1072 1847 reor:
1100 1775 1193 1847 unde
1219 1775 1263 1844 illi

184 1895 251 1965 iam
269 1894 434 1986 ambiguo
447 1916 626 1968 murmure
640 1899 829 1990 temporale
847 1898 1053 1994 supplicium
1071 1900 1263 1981 minantur,
1297 1950 1303 1960 -

183 2038 249 2109 ego
270 2015 331 2088 tibi
354 2016 599 2111 sempiternam
620 2021 747 2090 famam
767 2020 937 2112 spondeo,
957 2021 1112 2112 inquam
1134 2021 1264 2092 utinam

185 2143 300 2213 tessus
326 2151 362 2212 et
381 2152 571 2236 occupatus
596 2141 651 2214 bic
676 2147 831 2214 calamus
857 2143 987 2236 aliquid
1012 2152 1141 2237 posset.
1169 2143 1263 2213 lllam

184 2284 283 2348 sane,
308 2263 338 2334 si
358 2265 476 2356 pergis
504 2274 542 2336 nt
565 2264 715 2358 coepisti,
742 2267 880 2359 propria
905 2264 1032 2340 virtute
1052 2263 1263 2348 mereberis,

183 2404 250 2454 non
272 2382 367 2475 quod
387 2363 489 2454 famae
510 2385 693 2478 praemium
712 2384 825 2457 virtus
842 2393 974 2478 poscat,
998 2384 1062 2456 sed
1082 2406 1202 2456 carere
1222 2406 1264 2457 ea

183 2505 249 2576 etsi
270 2505 389 2600 cupiat
408 2528 477 2577 non
498 2515 624 2598 potest3
644 2514 682 2578 ut
697 2506 790 2577 enim
807 2529 934 2602 corpus
953 2505 1076 2578 umbra
1097 2506 1263 2599 sequitur,

184 2628 234 2699 sic
254 2627 419 2701 virtutem
442 2629 561 2719 gloria.
595 2627 697 2712 Quod
722 2628 767 2700 ad
799 2609 886 2701 istos
919 2629 1040 2700 attinet
1065 2629 1099 2698 in
1127 2649 1265 2700 summa

182 2748 267 2819 nihil
288 2749 458 2842 estquod
485 2758 517 2822 te
538 2770 713 2822 moneam:
732 2750 822 2820 nosti
847 2751 976 2822 omnia:
997 2750 1100 2821 unius
1120 2758 1154 2820 te
1174 2773 1266 2821 nun-

181 2892 287 2962 quam
307 2869 466 2943 oblivisci
488 2871 607 2959 velim,
630 2873 724 2966 quod
754 2893 849 2967 saepe
881 2895 928 2944 ex
961 2895 1021 2946 ore
1055 2871 1162 2956 illius,
1185 2873 1265 2944 licet

182 2991 317 3063 consilii
350 2992 504 3078 adversi,
539 2993 751 3086 magnanimi
785 3006 899 3066 tamen
933 2992 1264 3089 prudentissimique

184 3112 278 3185 senis
297 3114 466 3200 auditum,
486 3137 554 3186 non
572 3125 713 3211 propter
739 3117 839 3189 verbi
858 3119 1067 3208 elegantiam
1095 3117 1157 3189 sed
1183 3141 1264 3212 pro-

182 3246 260 3330 pter
281 3236 464 3308 sententiae
499 3237 680 3309 veritatem
715 3235 940 3310 memorabile
968 3241 1084 3310 visum
1115 3251 1179 3312 est.
1209 3240 1264 3311 Sic

181 3357 273 3428 enim
293 3357 408 3430 aiebat
420 3367 588 3453 expertus
609 3359 928 3430 eximie:'Ecclesia
954 3381 1097 3430 romana
1117 3381 1264 3431 consue—

184 3478 234 3550 vit
253 3479 399 3570 diligere
422 3491 591 3574 potentes.
624 3479 717 3550 Nihil
750 3477 916 3563 brevius,
935 3480 1020 3550 nibil
1053 3481 1172 3551 uerius
1197 3479 1264 3552 dici

182 3609 308 3693 potest.
328 3601 449 3694 ltaque
470 3602 500 3674 si
520 3601 611 3674 clari*
623 3601 717 3694 apud
738 3609 874 3694 gentes,
896 3600 1042 3696 et'quod
1060 3612 1116 3674 est
1132 3600 1266 3697 optabi-

182 3723 258 3807 lius
282 3724 312 3795 si
332 3723 403 3796 Deo
420 3726 491 3796 cari
511 3745 592 3796 esse
612 3723 748 3819 cupitis,
771 3723 928 3808 Romani,
952 3725 1113 3796 virtutem
1140 3725 1258 3806 colite,

182 3855 296 3916 amate
323 3847 542 3938 religionem,
579 3845 718 3919 servate
751 3845 932 3918 iustitiam:
966 3846 1100 3917 utimini
1131 3845 1265 3917 artibus

182 3967 310 4039 vestris
332 3968 499 4061 antiquis:
517 3969 646 4063 parcite
665 3968 832 4041 subiectis
845 3979 881 4039 et
892 3967 1061 4040 debellate
1083 3967 1264 4064 superbos.

181 4085 227 4158 At
250 4088 281 4160 si
307 4089 390 4160 huic
415 4089 581 4162 Ecclesiae
606 4090 720 4163 dilecti
753 4113 834 4163 esse
867 4090 989 4175 vultiS,
1017 4093 1090 4161 sola
1116 4089 1266 4184 potentia

181 4229 271 4306 opus
291 4222 360 4294 est,
385 4212 460 4282 sine
495 4235 578 4305 qua,
615 4211 697 4282 mihi
731 4213 873 4299 credite,
905 4212 1119 4306 quantalibet
1138 4214 1266 4286 virtute
