3024 4802
261 363 319 424 510
596 373 638 421 ΒΕ
659 373 760 423 asbus
781 367 1005 426 FAMlbldeBUS

261 510 368 579 vitam
400 507 551 579 trahunt.
586 508 665 578 lure
698 507 804 600 igitur
828 529 949 600 pacem
970 517 1005 578 et
1036 509 1071 577 iu
1105 527 1191 603 paee
1215 511 1344 581 tamem

260 639 433 702 metuunt:
456 629 585 700 bellum
603 639 729 715 amant,
745 639 780 700 et
794 631 865 722 lupi
878 631 974 701 velut
988 651 1029 701 ao
1040 633 1209 715 vultures,
1225 639 1346 722 strage

259 754 440 824 hominum
461 764 496 823 et
515 753 747 825 cadaveribus
766 754 993 825 delectantur.
1016 753 1138 824 Hisne
1157 764 1195 824 tu
1216 753 1344 826 belluis

260 899 392 947 morem
409 879 535 967 geres?
556 875 668 968 AEque
687 897 827 947 carnem
846 886 881 946 et
900 897 1074 948 caesorum
1094 879 1245 948 exuvias
1262 899 1346 950 esu-

261 1001 471 1092 riuntaeque
486 1000 691 1090 sanguinem
707 999 829 1071 sitiunt
841 1009 947 1093 atque
962 1021 1098 1071 aurum.
1110 1001 1194 1085 Noli,
1207 1023 1343 1094 quaeso,

258 1122 327 1193 noli
347 1123 563 1192 committere
585 1131 623 1192 ut
639 1122 922 1194 florentissimam
948 1132 1017 1193 tuae
1037 1123 1205 1195 creditam
1225 1133 1347 1196 custo-

258 1243 327 1314 diae
348 1243 623 1337 Rempublicam,
650 1254 755 1336 atque
780 1265 919 1316 omnem
939 1245 1039 1330 hanc,
1062 1267 1142 1339 quae
1164 1246 1256 1318 inter
1272 1246 1346 1341 Ap-

259 1368 448 1460 penninum
480 1379 515 1438 ει
546 1367 652 1462 Alpes
685 1367 879 1452 interiacet,
907 1368 1208 1462 opulentissimam
1239 1379 1345 1463 atque

213 1573 214 1578 Ἰ
259 1488 532 1582 pulcherrimam·
554 1491 664 1560 ltaliae
692 1500 827 1582 partem
853 1499 1080 1562 externorum
1106 1513 1146 1561 ac
1170 1492 1346 1563 famelico-

260 1633 337 1682 rum
353 1613 507 1706 praedam
529 1612 635 1683 facias
653 1615 828 1706 luporum,
852 1635 872 1684 a
893 1612 1022 1707 quibus
1042 1611 1134 1685 bene
1153 1634 1229 1698 nos
1250 1615 1346 1708 quod

260 1735 295 1805 in
312 1755 372 1805 ore
388 1755 530 1828 semper
550 1736 678 1820 habeo,
701 1735 857 1827 ipsarum
878 1736 970 1828 iugis
991 1734 1130 1829 Alpium
1149 1740 1262 1808 solers
1282 1761 1346 1810 na-

259 1867 336 1929 tura
358 1869 568 1930 sacraverat.
589 1861 639 1930 De
660 1863 755 1932 nullo
776 1862 875 1952 queri
897 1881 1104 1954 possumus:
1131 1872 1253 1934 nostra
1277 1865 1345 1934 illis

259 1981 472 2074 impatientia
499 1985 592 2055 viam
613 1985 810 2055 fecialium
837 1983 930 2058 levia
955 1985 1121 2077 quaelibet
1137 1986 1174 2061 iu
1203 1997 1345 2060 nostros

260 2103 474 2188 ulciscimur,
496 2105 593 2199 passi
621 2125 743 2176 sumus
767 2116 804 2176 ut
823 2107 1030 2198 alienigenae
1046 2110 1177 2179 nostris
1203 2111 1347 2201 impune

261 2234 448 2318 pascantur
481 2228 752 2320 saginenturque
781 2227 986 2300 visceribus.
1013 2229 1088 2300 Ab!
1118 2239 1250 2324 quanto
1275 2253 1350 2302 me-

261 2350 327 2420 lius
359 2351 475 2422 inedia
504 2361 754 2422 consumentur
771 2360 808 2422 et
828 2352 936 2433 rabie,
966 2351 1059 2444 quod
1080 2354 1206 2424 facient
1229 2355 1347 2424 statim

261 2482 298 2542 ut
318 2473 436 2564 gregis
469 2474 572 2545 italici
595 2485 754 2568 pastores
784 2475 992 2569 resipiscere
1024 2478 1203 2568 coeperint.
1227 2478 1349 2548 Pasto-

259 2617 337 2664 rum
367 2596 585 2690 provideutia
611 2618 715 2669 mors
735 2599 894 2691 luporum
921 2605 985 2668 εει.
1019 2596 1059 2668 ld
1085 2620 1169 2671 sane
1198 2609 1233 2671 ιε
1266 2611 1349 2673 ante

261 2719 346 2789 alios
366 2719 478 2790 facere
497 2728 533 2790 et
551 2707 678 2792 fecisse
696 2721 762 2793 iam
783 2740 902 2813 spero:
920 2721 989 2792 uisi
1004 2723 1098 2792 enim
1116 2724 1241 2796 falsum
1253 2727 1347 2798 fama

260 2843 427 2934 loquitur,
445 2849 480 2912 et
497 2841 566 2912 nisi
584 2842 685 2914 fallor
704 2845 867 2934 augurio,
890 2845 959 2914 iam
979 2845 1190 2916 stomachari
1209 2845 1343 2940 incipis,

260 2967 327 3036 iam
352 2962 567 3055 stipendiarii
587 2964 706 3034 militis
732 2963 954 3036 insolentiam
972 2966 1223 3060 avaritiamque
1248 2968 1346 3040 fasti·

259 3085 325 3156 dis.
353 3083 444 3167 Quid
475 3093 644 3178 expectas
665 3084 794 3176 igitur?
813 3086 868 3157 Ad
889 3108 949 3158 cor
969 3087 1060 3174 redi,
1090 3098 1126 3160 et
1152 3090 1181 3160 si
1206 3091 1344 3162 externi

259 3208 458 3304 displicent,
490 3220 568 3282 tuos
596 3232 685 3283 ama.
717 3211 753 3281 Si
781 3211 865 3305 quid
895 3221 1012 3285 autem
1046 3215 1083 3284 in
1112 3214 1229 3284 auimo
1258 3216 1344 3285 forte

260 3331 446 3425 rubiginis,
470 3335 500 3404 si
528 3333 614 3426 quid
640 3333 710 3406 odii
735 3343 806 3420 est,
836 3336 1098 3430 amorepatriae
1118 3338 1342 3408 etmalorum

261 3457 494 3530 communium
514 3459 815 3530 commiseratione
836 3457 990 3550 deterge,
1018 3479 1083 3530 nee
1108 3459 1171 3530 tibi
1199 3477 1344 3554 persua-

260 3582 361 3665 deas
384 3589 551 3672 pereunte
572 3581 686 3666 ltalia,
704 3581 887 3653 Venetiam
908 3583 1042 3653 salvam
1060 3583 1145 3652 lore.
1167 3582 1232 3653 Est
1250 3579 1342 3650 enim

261 3725 342 3798 pars
360 3705 467 3788 illius,
490 3712 524 3774 ει
549 3714 673 3776 natura
699 3705 807 3798 partis
827 3725 869 3776 ea
890 3713 945 3776 est
970 3714 1007 3776 ut
1034 3713 1201 3797 sequatur
1221 3701 1274 3773 sui
1292 3711 1345 3773 to

262 3827 331 3897 tius
357 3828 414 3896 vel
442 3825 707 3898 subsistentiam
728 3828 786 3898 vel
810 3829 958 3898 ruinam.
988 3829 1071 3898 Haec
1101 3836 1215 3898 tecum
1249 3845 1344 3918 saepe

261 3949 468 4042 recogitans,
482 3948 570 4034 noli,
592 3951 673 4024 Dux
690 3950 833 4043 optime,
850 3972 965 4021 rerum
985 3969 1156 4020 summam
1173 3949 1209 4018 in
1225 3955 1343 4018 extre

262 4094 355 4141 mum
382 4072 573 4158 adducere,
601 4072 661 4143 ubi
686 4083 722 4144 ει
745 4071 836 4144 vinci
866 4072 1031 4144 miserum
1053 4079 1122 4156 est,
1145 4081 1182 4143 et
1200 4071 1343 4142 vincere

263 4189 483 4273 sceleratum,
498 4212 609 4282 eoque
623 4193 701 4283 ipso
714 4191 878 4266 miserius
897 4201 953 4265 εει
970 4215 1074 4284 quam
1093 4190 1186 4264 vinci
1205 4188 1340 4262 melius
