<?xml version="1.0" encoding="UTF-8"?>
<!DOCTYPE html PUBLIC "-//W3C//DTD XHTML 1.0 Transitional//EN"
    "http://www.w3.org/TR/xhtml1/DTD/xhtml1-transitional.dtd">
<html xmlns="http://www.w3.org/1999/xhtml" xml:lang="en" lang="en">
 <head>
  <title>
</title>
<meta http-equiv="Content-Type" content="text/html;charset=utf-8" />
  <meta name='ocr-system' content='tesseract 3.04.00' />
  <meta name='ocr-capabilities' content='ocr_page ocr_carea ocr_par ocr_line ocrx_word'/>
</head>
<body>
  <div class='ocr_page' id='page_1' title='image "./franciscipetrar01fracgoog_0242.png"; bbox 0 0 2958 4804; ppageno 0'>
   <div class='ocr_carea' id='block_1_1' title="bbox 371 332 1226 418">
    <p class='ocr_par' dir='ltr' id='par_1_1' title="bbox 371 332 1226 418">
     <span class='ocr_line' id='line_1_1' title="bbox 371 332 1226 418; baseline 0.007 -30"><span class='ocrx_word' id='word_1_1' title='bbox 371 339 463 390; x_wconf 82' lang='lat' dir='ltr'>urana</span> <span class='ocrx_word' id='word_1_2' title='bbox 486 341 981 418; x_wconf 80' lang='lat' dir='ltr'>oncruusrnnrms-nmsrouu</span> <span class='ocrx_word' id='word_1_3' title='bbox 1004 345 1032 394; x_wconf 87' lang='lat' dir='ltr'>v.</span> <span class='ocrx_word' id='word_1_4' title='bbox 1171 332 1226 394; x_wconf 74' lang='lat'>231</span> 
     </span>
    </p>
   </div>
   <div class='ocr_carea' id='block_1_2' title="bbox 140 476 1231 820">
    <p class='ocr_par' dir='ltr' id='par_1_2' title="bbox 140 476 1231 820">
     <span class='ocr_line' id='line_1_2' title="bbox 142 476 1229 572; baseline 0.012 -28"><span class='ocrx_word' id='word_1_5' title='bbox 142 476 261 548; x_wconf 91' lang='lat' dir='ltr'>lorum</span> <span class='ocrx_word' id='word_1_6' title='bbox 298 486 370 558; x_wconf 89' lang='lat' dir='ltr'>est;</span> <span class='ocrx_word' id='word_1_7' title='bbox 402 477 583 572; x_wconf 85' lang='lat' dir='ltr'>proximus</span> <span class='ocrx_word' id='word_1_8' title='bbox 614 499 819 572; x_wconf 91' lang='lat' dir='ltr'>paucorum;</span> <span class='ocrx_word' id='word_1_9' title='bbox 853 479 995 552; x_wconf 91' lang='lat' dir='ltr'>ultimus</span> <span class='ocrx_word' id='word_1_10' title='bbox 1028 485 1229 556; x_wconf 91' lang='lat' dir='ltr'>multorum:</span> 
     </span>
     <span class='ocr_line' id='line_1_3' title="bbox 140 597 1231 698; baseline 0.01 -30"><span class='ocrx_word' id='word_1_11' title='bbox 140 597 434 692; x_wconf 87' lang='lat' dir='ltr'>quidquidinlra</span> <span class='ocrx_word' id='word_1_12' title='bbox 453 609 522 683; x_wconf 90' lang='lat' dir='ltr'>est,</span> <span class='ocrx_word' id='word_1_13' title='bbox 545 599 614 671; x_wconf 92' lang='lat' dir='ltr'>iam</span> <span class='ocrx_word' id='word_1_14' title='bbox 634 602 785 694; x_wconf 89' lang='lat' dir='ltr'>prolecto</span> <span class='ocrx_word' id='word_1_15' title='bbox 801 605 932 676; x_wconf 91' lang='lat' dir='ltr'>nullum</span> <span class='ocrx_word' id='word_1_16' title='bbox 949 603 1114 678; x_wconf 86' lang='lat' dir='ltr'>orationis</span> <span class='ocrx_word' id='word_1_17' title='bbox 1135 606 1231 698; x_wconf 80' lang='lat' dir='ltr'>inge·</span> 
     </span>
     <span class='ocr_line' id='line_1_4' title="bbox 141 720 1231 820; baseline 0.01 -31"><span class='ocrx_word' id='word_1_18' title='bbox 141 740 228 790; x_wconf 75' lang='lat' dir='ltr'>uuae</span> <span class='ocrx_word' id='word_1_19' title='bbox 256 720 408 812; x_wconf 80' lang='lat' dir='ltr'>gradum</span> <span class='ocrx_word' id='word_1_20' title='bbox 434 729 539 805; x_wconf 89' lang='lat' dir='ltr'>tenet,</span> <span class='ocrx_word' id='word_1_21' title='bbox 567 720 630 794; x_wconf 90' lang='lat' dir='ltr'>sed</span> <span class='ocrx_word' id='word_1_22' title='bbox 655 721 843 794; x_wconf 90' lang='lat' dir='ltr'>verborum</span> <span class='ocrx_word' id='word_1_23' title='bbox 868 724 984 818; x_wconf 91' lang='lat' dir='ltr'>potius</span> <span class='ocrx_word' id='word_1_24' title='bbox 1009 727 1170 820; x_wconf 88' lang='lat' dir='ltr'>quaedam</span> <span class='ocrx_word' id='word_1_25' title='bbox 1195 739 1231 800; x_wconf 87' lang='lat' dir='ltr'>et</span> 
     </span>
    </p>
   </div>
   <div class='ocr_carea' id='block_1_3' title="bbox 136 841 1231 4257">
    <p class='ocr_par' dir='ltr' id='par_1_3' title="bbox 136 841 1231 4257">
     <span class='ocr_line' id='line_1_5' title="bbox 140 841 1230 942; baseline 0.012 -30"><span class='ocrx_word' id='word_1_26' title='bbox 140 841 304 934; x_wconf 78' lang='lat' dir='ltr'>agrestis</span> <span class='ocrx_word' id='word_1_27' title='bbox 324 851 360 914; x_wconf 89' lang='lat' dir='ltr'>et</span> <span class='ocrx_word' id='word_1_28' title='bbox 380 843 519 915; x_wconf 90' lang='lat' dir='ltr'>servilis</span> <span class='ocrx_word' id='word_1_29' title='bbox 540 843 663 917; x_wconf 89' lang='lat' dir='ltr'>ellusio</span> <span class='ocrx_word' id='word_1_30' title='bbox 683 856 752 930; x_wconf 91' lang='lat' dir='ltr'>est,</span> <span class='ocrx_word' id='word_1_31' title='bbox 774 857 808 918; x_wconf 90' lang='lat' dir='ltr'>et</span> <span class='ocrx_word' id='word_1_32' title='bbox 828 867 1038 942; x_wconf 88' lang='lat' dir='ltr'>quamquam</span> <span class='ocrx_word' id='word_1_33' title='bbox 1059 852 1151 924; x_wconf 92' lang='lat' dir='ltr'>mille</span> <span class='ocrx_word' id='word_1_34' title='bbox 1168 875 1230 925; x_wconf 92' lang='lat' dir='ltr'>an-</span> 
     </span>
     <span class='ocr_line' id='line_1_6' title="bbox 140 964 1229 1066; baseline 0.013 -32"><span class='ocrx_word' id='word_1_35' title='bbox 140 985 277 1036; x_wconf 91' lang='lat' dir='ltr'>norum</span> <span class='ocrx_word' id='word_1_36' title='bbox 298 964 542 1038; x_wconf 90' lang='lat' dir='ltr'>observatione</span> <span class='ocrx_word' id='word_1_37' title='bbox 562 968 723 1039; x_wconf 92' lang='lat' dir='ltr'>continua</span> <span class='ocrx_word' id='word_1_38' title='bbox 740 968 933 1056; x_wconf 81' lang='lat' dir='ltr'><strong>inoleverit,</strong></span> <span class='ocrx_word' id='word_1_39' title='bbox 948 970 1162 1066; x_wconf 82' lang='lat' dir='ltr'>dignitatem</span> <span class='ocrx_word' id='word_1_40' title='bbox 1179 985 1229 1048; x_wconf 90' lang='lat' dir='ltr'>ta·</span> 
     </span>
     <span class='ocr_line' id='line_1_7' title="bbox 141 1087 1231 1189; baseline 0.012 -32"><span class='ocrx_word' id='word_1_41' title='bbox 141 1107 244 1172; x_wconf 92' lang='lat' dir='ltr'>men,</span> <span class='ocrx_word' id='word_1_42' title='bbox 270 1109 375 1180; x_wconf 92' lang='lat' dir='ltr'>quam</span> <span class='ocrx_word' id='word_1_43' title='bbox 396 1087 598 1162; x_wconf 73' lang='lat' dir='ltr'><strong>naturaliter</strong></span> <span class='ocrx_word' id='word_1_44' title='bbox 614 1112 683 1163; x_wconf 94' lang='lat' dir='ltr'>non</span> <span class='ocrx_word' id='word_1_45' title='bbox 700 1089 817 1176; x_wconf 87' lang='lat' dir='ltr'>habet,</span> <span class='ocrx_word' id='word_1_46' title='bbox 836 1115 884 1164; x_wconf 85' lang='lat' dir='ltr'>ex</span> <span class='ocrx_word' id='word_1_47' title='bbox 901 1101 1056 1189; x_wconf 90' lang='lat' dir='ltr'>tempore</span> <span class='ocrx_word' id='word_1_48' title='bbox 1077 1117 1148 1170; x_wconf 93' lang='lat' dir='ltr'>non</span> <span class='ocrx_word' id='word_1_49' title='bbox 1166 1096 1231 1170; x_wconf 88' lang='lat' dir='ltr'>ha·</span> 
     </span>
     <span class='ocr_line' id='line_1_8' title="bbox 142 1208 1229 1311; baseline 0.009 -29"><span class='ocrx_word' id='word_1_50' title='bbox 142 1208 257 1282; x_wconf 90' lang='lat' dir='ltr'>bebit.</span> <span class='ocrx_word' id='word_1_51' title='bbox 280 1209 356 1302; x_wconf 79' lang='lat' dir='ltr'>Ego</span> <span class='ocrx_word' id='word_1_52' title='bbox 380 1210 534 1303; x_wconf 90' lang='lat' dir='ltr'>quidem,</span> <span class='ocrx_word' id='word_1_53' title='bbox 562 1235 617 1286; x_wconf 89' lang='lat' dir='ltr'>me</span> <span class='ocrx_word' id='word_1_54' title='bbox 643 1213 766 1300; x_wconf 89' lang='lat' dir='ltr'>iudice,</span> <span class='ocrx_word' id='word_1_55' title='bbox 802 1215 832 1290; x_wconf 90' lang='lat' dir='ltr'>si</span> <span class='ocrx_word' id='word_1_56' title='bbox 864 1216 1044 1311; x_wconf 88' lang='lat' dir='ltr'>epistolam</span> <span class='ocrx_word' id='word_1_57' title='bbox 1072 1218 1229 1292; x_wconf 89' lang='lat' dir='ltr'>scribens</span> 
     </span>
     <span class='ocr_line' id='line_1_9' title="bbox 143 1334 1229 1433; baseline 0.01 -28"><span class='ocrx_word' id='word_1_58' title='bbox 143 1345 229 1430; x_wconf 85' lang='lat' dir='ltr'>apte</span> <span class='ocrx_word' id='word_1_59' title='bbox 250 1355 376 1406; x_wconf 93' lang='lat' dir='ltr'>versor</span> <span class='ocrx_word' id='word_1_60' title='bbox 395 1334 429 1406; x_wconf 95' lang='lat' dir='ltr'>in</span> <span class='ocrx_word' id='word_1_61' title='bbox 450 1335 584 1421; x_wconf 89' lang='lat' dir='ltr'>humili,</span> <span class='ocrx_word' id='word_1_62' title='bbox 606 1337 695 1410; x_wconf 89' lang='lat' dir='ltr'>bene</span> <span class='ocrx_word' id='word_1_63' title='bbox 720 1351 785 1412; x_wconf 87' lang='lat' dir='ltr'>est.</span> <span class='ocrx_word' id='word_1_64' title='bbox 812 1339 847 1410; x_wconf 93' lang='lat' dir='ltr'>Si</span> <span class='ocrx_word' id='word_1_65' title='bbox 872 1339 951 1433; x_wconf 91' lang='lat' dir='ltr'>quis</span> <span class='ocrx_word' id='word_1_66' title='bbox 979 1350 1017 1414; x_wconf 91' lang='lat' dir='ltr'>ut</span> <span class='ocrx_word' id='word_1_67' title='bbox 1041 1343 1229 1416; x_wconf 82' lang='lat' dir='ltr'>ascendam</span> 
     </span>
     <span class='ocr_line' id='line_1_10' title="bbox 136 1457 1226 1556; baseline 0.007 -28"><span class='ocrx_word' id='word_1_68' title='bbox 136 1457 255 1530; x_wconf 83' lang='lat' dir='ltr'>altius</span> <span class='ocrx_word' id='word_1_69' title='bbox 277 1458 448 1543; x_wconf 88' lang='lat' dir='ltr'>hortetur,</span> <span class='ocrx_word' id='word_1_70' title='bbox 466 1458 570 1532; x_wconf 89' lang='lat' dir='ltr'>video</span> <span class='ocrx_word' id='word_1_71' title='bbox 588 1459 718 1554; x_wconf 80' lang='lat' dir='ltr'>gradus</span> <span class='ocrx_word' id='word_1_72' title='bbox 736 1461 865 1555; x_wconf 91' lang='lat' dir='ltr'>quibus</span> <span class='ocrx_word' id='word_1_73' title='bbox 883 1465 1140 1556; x_wconf 81' lang='lat' dir='ltr'>assurgendum</span> <span class='ocrx_word' id='word_1_74' title='bbox 1162 1475 1226 1550; x_wconf 90' lang='lat' dir='ltr'>est,</span> 
     </span>
     <span class='ocr_line' id='line_1_11' title="bbox 145 1581 1230 1682; baseline 0.009 -30"><span class='ocrx_word' id='word_1_75' title='bbox 145 1590 182 1652; x_wconf 88' lang='lat' dir='ltr'>et</span> <span class='ocrx_word' id='word_1_76' title='bbox 202 1581 419 1674; x_wconf 89' lang='lat' dir='ltr'>quantalibet</span> <span class='ocrx_word' id='word_1_77' title='bbox 439 1581 567 1674; x_wconf 78' lang='lat' dir='ltr'>ingenii</span> <span class='ocrx_word' id='word_1_78' title='bbox 592 1583 752 1656; x_wconf 76' lang='lat' dir='ltr'>tarditate</span> <span class='ocrx_word' id='word_1_79' title='bbox 779 1585 842 1664; x_wconf 91' lang='lat' dir='ltr'>niti</span> <span class='ocrx_word' id='word_1_80' title='bbox 866 1607 1024 1682; x_wconf 91' lang='lat' dir='ltr'>possum;</span> <span class='ocrx_word' id='word_1_81' title='bbox 1050 1597 1086 1658; x_wconf 88' lang='lat' dir='ltr'>at</span> <span class='ocrx_word' id='word_1_82' title='bbox 1112 1587 1142 1660; x_wconf 89' lang='lat' dir='ltr'>si</span> <span class='ocrx_word' id='word_1_83' title='bbox 1168 1588 1230 1662; x_wconf 88' lang='lat' dir='ltr'>do-</span> 
     </span>
     <span class='ocr_line' id='line_1_12' title="bbox 149 1704 1229 1803; baseline 0.007 -27"><span class='ocrx_word' id='word_1_84' title='bbox 149 1705 319 1777; x_wconf 88' lang='lat' dir='ltr'>scendere</span> <span class='ocrx_word' id='word_1_85' title='bbox 339 1704 460 1798; x_wconf 81' lang='lat' dir='ltr'>iubeor</span> <span class='ocrx_word' id='word_1_86' title='bbox 481 1716 579 1780; x_wconf 89' lang='lat' dir='ltr'>stans</span> <span class='ocrx_word' id='word_1_87' title='bbox 597 1706 730 1792; x_wconf 92' lang='lat' dir='ltr'>inimo,</span> <span class='ocrx_word' id='word_1_88' title='bbox 750 1708 895 1782; x_wconf 84' lang='lat' dir='ltr'>facultas</span> <span class='ocrx_word' id='word_1_89' title='bbox 912 1710 1110 1803; x_wconf 89' lang='lat' dir='ltr'>praeripitur</span> <span class='ocrx_word' id='word_1_90' title='bbox 1125 1709 1229 1784; x_wconf 90' lang='lat' dir='ltr'>obse-</span> 
     </span>
     <span class='ocr_line' id='line_1_13' title="bbox 148 1826 1229 1927; baseline 0.009 -31"><span class='ocrx_word' id='word_1_91' title='bbox 148 1826 290 1918; x_wconf 90' lang='lat' dir='ltr'>quendi.</span> <span class='ocrx_word' id='word_1_92' title='bbox 305 1827 396 1912; x_wconf 91' lang='lat' dir='ltr'>Quid</span> <span class='ocrx_word' id='word_1_93' title='bbox 412 1838 468 1900; x_wconf 88' lang='lat' dir='ltr'>est</span> <span class='ocrx_word' id='word_1_94' title='bbox 484 1828 589 1920; x_wconf 81' lang='lat' dir='ltr'>igitur</span> <span class='ocrx_word' id='word_1_95' title='bbox 600 1829 695 1922; x_wconf 92' lang='lat' dir='ltr'>quod</span> <span class='ocrx_word' id='word_1_96' title='bbox 712 1851 767 1902; x_wconf 92' lang='lat' dir='ltr'>me</span> <span class='ocrx_word' id='word_1_97' title='bbox 785 1835 953 1924; x_wconf 81' lang='lat' dir='ltr'>poscunt?</span> <span class='ocrx_word' id='word_1_98' title='bbox 970 1832 1069 1905; x_wconf 87' lang='lat' dir='ltr'>Certe</span> <span class='ocrx_word' id='word_1_99' title='bbox 1085 1855 1156 1927; x_wconf 91' lang='lat' dir='ltr'>quo</span> <span class='ocrx_word' id='word_1_100' title='bbox 1173 1857 1229 1906; x_wconf 92' lang='lat' dir='ltr'>me</span> 
     </span>
     <span class='ocr_line' id='line_1_14' title="bbox 151 1949 1227 2045; baseline 0.008 -26"><span class='ocrx_word' id='word_1_101' title='bbox 151 1949 200 2020; x_wconf 91' lang='lat' dir='ltr'>uti</span> <span class='ocrx_word' id='word_1_102' title='bbox 220 1949 342 2022; x_wconf 88' lang='lat' dir='ltr'>iubent</span> <span class='ocrx_word' id='word_1_103' title='bbox 353 1959 390 2022; x_wconf 89' lang='lat' dir='ltr'>et</span> <span class='ocrx_word' id='word_1_104' title='bbox 401 1973 505 2044; x_wconf 90' lang='lat' dir='ltr'>quem</span> <span class='ocrx_word' id='word_1_105' title='bbox 519 1951 586 2045; x_wconf 91' lang='lat' dir='ltr'>ipsi</span> <span class='ocrx_word' id='word_1_106' title='bbox 606 1952 723 2024; x_wconf 87' lang='lat' dir='ltr'>stilum</span> <span class='ocrx_word' id='word_1_107' title='bbox 744 1953 935 2037; x_wconf 88' lang='lat' dir='ltr'>nominant,</span> <span class='ocrx_word' id='word_1_108' title='bbox 954 1965 1095 2026; x_wconf 90' lang='lat' dir='ltr'>nonest</span> <span class='ocrx_word' id='word_1_109' title='bbox 1115 1955 1227 2030; x_wconf 86' lang='lat' dir='ltr'>stilus.</span> 
     </span>
     <span class='ocr_line' id='line_1_15' title="bbox 150 2072 1228 2170; baseline 0.006 -26"><span class='ocrx_word' id='word_1_110' title='bbox 150 2072 241 2158; x_wconf 91' lang='lat' dir='ltr'>Quid</span> <span class='ocrx_word' id='word_1_111' title='bbox 263 2084 393 2154; x_wconf 84' lang='lat' dir='ltr'>autem,</span> <span class='ocrx_word' id='word_1_112' title='bbox 407 2097 477 2160; x_wconf 87' lang='lat' dir='ltr'>ore,</span> <span class='ocrx_word' id='word_1_113' title='bbox 493 2097 585 2148; x_wconf 91' lang='lat' dir='ltr'>nunc</span> <span class='ocrx_word' id='word_1_114' title='bbox 605 2075 737 2148; x_wconf 87' lang='lat' dir='ltr'>diceret</span> <span class='ocrx_word' id='word_1_115' title='bbox 754 2077 938 2160; x_wconf 88' lang='lat' dir='ltr'>luvenalis,</span> <span class='ocrx_word' id='word_1_116' title='bbox 955 2077 1015 2170; x_wconf 90' lang='lat' dir='ltr'>qui</span> <span class='ocrx_word' id='word_1_117' title='bbox 1033 2076 1228 2150; x_wconf 91' lang='lat' dir='ltr'>studiorum</span> 
     </span>
     <span class='ocr_line' id='line_1_16' title="bbox 152 2196 1229 2294; baseline 0.006 -28"><span class='ocrx_word' id='word_1_118' title='bbox 152 2219 249 2290; x_wconf 91' lang='lat' dir='ltr'>spem</span> <span class='ocrx_word' id='word_1_119' title='bbox 282 2197 452 2294; x_wconf 84' lang='lat' dir='ltr'>perditam</span> <span class='ocrx_word' id='word_1_120' title='bbox 487 2196 701 2293; x_wconf 71' lang='lat' dir='ltr'>temporibus</span> <span class='ocrx_word' id='word_1_121' title='bbox 734 2198 808 2270; x_wconf 90' lang='lat' dir='ltr'>suis</span> <span class='ocrx_word' id='word_1_122' title='bbox 840 2198 958 2270; x_wconf 75' lang='lat' dir='ltr'>dolet?</span> <span class='ocrx_word' id='word_1_123' title='bbox 983 2197 1075 2282; x_wconf 85' lang='lat' dir='ltr'>Quid</span> <span class='ocrx_word' id='word_1_124' title='bbox 1100 2200 1229 2272; x_wconf 80' lang='lat' dir='ltr'>Seneca</span> 
     </span>
     <span class='ocr_line' id='line_1_17' title="bbox 153 2318 1226 2415; baseline 0.002 -25"><span class='ocrx_word' id='word_1_125' title='bbox 153 2329 267 2392; x_wconf 90' lang='lat' dir='ltr'>tantus</span> <span class='ocrx_word' id='word_1_126' title='bbox 288 2331 413 2406; x_wconf 88' lang='lat' dir='ltr'>orator,</span> <span class='ocrx_word' id='word_1_127' title='bbox 434 2322 495 2415; x_wconf 90' lang='lat' dir='ltr'>qui</span> <span class='ocrx_word' id='word_1_128' title='bbox 528 2333 607 2414; x_wconf 89' lang='lat' dir='ltr'>post</span> <span class='ocrx_word' id='word_1_129' title='bbox 633 2320 831 2393; x_wconf 81' lang='lat' dir='ltr'>Ciceronem</span> <span class='ocrx_word' id='word_1_130' title='bbox 865 2319 901 2390; x_wconf 96' lang='lat' dir='ltr'>in</span> <span class='ocrx_word' id='word_1_131' title='bbox 932 2318 1087 2392; x_wconf 90' lang='lat' dir='ltr'>deterius</span> <span class='ocrx_word' id='word_1_132' title='bbox 1109 2322 1226 2394; x_wconf 89' lang='lat' dir='ltr'>datam</span> 
     </span>
     <span class='ocr_line' id='line_1_18' title="bbox 152 2442 1228 2538; baseline 0.007 -27"><span class='ocrx_word' id='word_1_133' title='bbox 152 2443 382 2536; x_wconf 86' lang='lat' dir='ltr'>eloquentiam</span> <span class='ocrx_word' id='word_1_134' title='bbox 404 2445 633 2516; x_wconf 82' lang='lat' dir='ltr'>lamentatur?</span> <span class='ocrx_word' id='word_1_135' title='bbox 650 2443 741 2528; x_wconf 90' lang='lat' dir='ltr'>Quid</span> <span class='ocrx_word' id='word_1_136' title='bbox 758 2443 878 2516; x_wconf 89' lang='lat' dir='ltr'>Cicero</span> <span class='ocrx_word' id='word_1_137' title='bbox 894 2442 970 2538; x_wconf 93' lang='lat' dir='ltr'>ipse</span> <span class='ocrx_word' id='word_1_138' title='bbox 988 2464 1146 2518; x_wconf 89' lang='lat' dir='ltr'>summus</span> <span class='ocrx_word' id='word_1_139' title='bbox 1163 2444 1228 2518; x_wconf 89' lang='lat' dir='ltr'>flos</span> 
     </span>
     <span class='ocr_line' id='line_1_19' title="bbox 153 2565 1228 2661; baseline 0.002 -27"><span class='ocrx_word' id='word_1_140' title='bbox 153 2565 290 2659; x_wconf 90' lang='lat' dir='ltr'>eloquii,</span> <span class='ocrx_word' id='word_1_141' title='bbox 312 2567 371 2660; x_wconf 91' lang='lat' dir='ltr'>qui</span> <span class='ocrx_word' id='word_1_142' title='bbox 393 2576 508 2638; x_wconf 90' lang='lat' dir='ltr'>tamen</span> <span class='ocrx_word' id='word_1_143' title='bbox 528 2566 679 2661; x_wconf 91' lang='lat' dir='ltr'>quodam</span> <span class='ocrx_word' id='word_1_144' title='bbox 701 2568 775 2640; x_wconf 94' lang='lat' dir='ltr'>loco</span> <span class='ocrx_word' id='word_1_145' title='bbox 795 2565 1003 2659; x_wconf 83' lang='lat' dir='ltr'>eloquentiae</span> <span class='ocrx_word' id='word_1_146' title='bbox 1024 2585 1146 2638; x_wconf 91' lang='lat' dir='ltr'>casum</span> <span class='ocrx_word' id='word_1_147' title='bbox 1166 2566 1228 2638; x_wconf 92' lang='lat' dir='ltr'>de-</span> 
     </span>
     <span class='ocr_line' id='line_1_20' title="bbox 153 2687 1227 2784; baseline 0 -24"><span class='ocrx_word' id='word_1_148' title='bbox 153 2689 231 2762; x_wconf 87' lang='lat' dir='ltr'>llet‘l</span> <span class='ocrx_word' id='word_1_149' title='bbox 250 2691 345 2762; x_wconf 90' lang='lat' dir='ltr'>Bene</span> <span class='ocrx_word' id='word_1_150' title='bbox 363 2700 418 2762; x_wconf 91' lang='lat' dir='ltr'>est</span> <span class='ocrx_word' id='word_1_151' title='bbox 437 2690 532 2783; x_wconf 87' lang='lat' dir='ltr'>quod</span> <span class='ocrx_word' id='word_1_152' title='bbox 553 2691 615 2762; x_wconf 88' lang='lat' dir='ltr'>has</span> <span class='ocrx_word' id='word_1_153' title='bbox 637 2691 782 2784; x_wconf 89' lang='lat' dir='ltr'>ineptias</span> <span class='ocrx_word' id='word_1_154' title='bbox 804 2711 873 2762; x_wconf 95' lang='lat' dir='ltr'>non</span> <span class='ocrx_word' id='word_1_155' title='bbox 890 2688 1036 2762; x_wconf 91' lang='lat' dir='ltr'>audiunt</span> <span class='ocrx_word' id='word_1_156' title='bbox 1055 2687 1185 2782; x_wconf 91' lang='lat' dir='ltr'>quibus</span> <span class='ocrx_word' id='word_1_157' title='bbox 1206 2709 1227 2760; x_wconf 88' lang='lat' dir='ltr'>a</span> 
     </span>
     <span class='ocr_line' id='line_1_21' title="bbox 154 2809 1226 2906; baseline 0 -24"><span class='ocrx_word' id='word_1_158' title='bbox 154 2831 315 2906; x_wconf 89' lang='lat' dir='ltr'>supremo</span> <span class='ocrx_word' id='word_1_159' title='bbox 331 2813 389 2884; x_wconf 87' lang='lat' dir='ltr'>vel</span> <span class='ocrx_word' id='word_1_160' title='bbox 407 2810 586 2883; x_wconf 91' lang='lat' dir='ltr'>minimum</span> <span class='ocrx_word' id='word_1_161' title='bbox 606 2811 832 2884; x_wconf 88' lang='lat' dir='ltr'>descendisse</span> <span class='ocrx_word' id='word_1_162' title='bbox 853 2811 977 2904; x_wconf 81' lang='lat' dir='ltr'>ingens</span> <span class='ocrx_word' id='word_1_163' title='bbox 998 2809 1226 2904; x_wconf 90' lang='lat' dir='ltr'>praecipitium</span> 
     </span>
     <span class='ocr_line' id='line_1_22' title="bbox 153 2932 1227 3020; baseline 0.002 -16"><span class='ocrx_word' id='word_1_164' title='bbox 153 2932 339 3006; x_wconf 88' lang='lat' dir='ltr'>videretur.</span> <span class='ocrx_word' id='word_1_165' title='bbox 361 2935 417 3006; x_wconf 92' lang='lat' dir='ltr'>Sic</span> <span class='ocrx_word' id='word_1_166' title='bbox 442 2955 540 3020; x_wconf 86' lang='lat' dir='ltr'>vero,</span> <span class='ocrx_word' id='word_1_167' title='bbox 574 2942 612 3006; x_wconf 88' lang='lat' dir='ltr'>ut</span> <span class='ocrx_word' id='word_1_168' title='bbox 643 2934 688 3007; x_wconf 92' lang='lat' dir='ltr'>ad</span> <span class='ocrx_word' id='word_1_169' title='bbox 713 2957 770 3006; x_wconf 88' lang='lat' dir='ltr'>me</span> <span class='ocrx_word' id='word_1_170' title='bbox 795 2934 947 3019; x_wconf 88' lang='lat' dir='ltr'>redeam,</span> <span class='ocrx_word' id='word_1_171' title='bbox 971 2942 1145 3006; x_wconf 87' lang='lat' dir='ltr'>transacta</span> <span class='ocrx_word' id='word_1_172' title='bbox 1170 2955 1227 3008; x_wconf 87' lang='lat' dir='ltr'>res</span> 
     </span>
     <span class='ocr_line' id='line_1_23' title="bbox 152 3033 1229 3152; baseline -0.001 -25"><span class='ocrx_word' id='word_1_173' title='bbox 152 3066 215 3129; x_wconf 87' lang='lat' dir='ltr'>est.</span> <span class='ocrx_word' id='word_1_174' title='bbox 236 3055 392 3152; x_wconf 90' lang='lat' dir='ltr'>Spatium</span> <span class='ocrx_word' id='word_1_175' title='bbox 413 3055 524 3130; x_wconf 89' lang='lat' dir='ltr'>habeo</span> <span class='ocrx_word' id='word_1_176' title='bbox 541 3057 585 3130; x_wconf 93' lang='lat' dir='ltr'>ad</span> <span class='ocrx_word' id='word_1_177' title='bbox 602 3056 820 3142; x_wconf 89' lang='lat' dir='ltr'>discendum,</span> <span class='ocrx_word' id='word_1_178' title='bbox 843 3057 938 3151; x_wconf 92' lang='lat' dir='ltr'>quod</span> <span class='ocrx_word' id='word_1_179' title='bbox 964 3055 1093 3130; x_wconf 90' lang='lat' dir='ltr'>utinam</span> <span class='ocrx_word' id='word_1_180' title='bbox 1115 3033 1229 3130; x_wconf 83' lang='lat' dir='ltr'>nesol-</span> 
     </span>
     <span class='ocr_line' id='line_1_24' title="bbox 153 3176 1229 3273; baseline 0.002 -25"><span class='ocrx_word' id='word_1_181' title='bbox 153 3201 239 3266; x_wconf 89' lang='lat' dir='ltr'>rem,</span> <span class='ocrx_word' id='word_1_182' title='bbox 260 3179 383 3252; x_wconf 89' lang='lat' dir='ltr'>lrivole</span> <span class='ocrx_word' id='word_1_183' title='bbox 408 3188 444 3252; x_wconf 89' lang='lat' dir='ltr'>et</span> <span class='ocrx_word' id='word_1_184' title='bbox 468 3179 615 3252; x_wconf 89' lang='lat' dir='ltr'>inaniter</span> <span class='ocrx_word' id='word_1_185' title='bbox 635 3189 671 3252; x_wconf 88' lang='lat' dir='ltr'>et</span> <span class='ocrx_word' id='word_1_186' title='bbox 687 3177 818 3250; x_wconf 88' lang='lat' dir='ltr'>abiecte</span> <span class='ocrx_word' id='word_1_187' title='bbox 835 3179 940 3273; x_wconf 92' lang='lat' dir='ltr'>loqui.</span> <span class='ocrx_word' id='word_1_188' title='bbox 959 3179 1029 3252; x_wconf 90' lang='lat' dir='ltr'>Has</span> <span class='ocrx_word' id='word_1_189' title='bbox 1056 3176 1101 3252; x_wconf 91' lang='lat' dir='ltr'>ad</span> <span class='ocrx_word' id='word_1_190' title='bbox 1128 3179 1229 3252; x_wconf 92' lang='lat' dir='ltr'>scho-</span> 
     </span>
     <span class='ocr_line' id='line_1_25' title="bbox 153 3301 1226 3397; baseline -0.001 -25"><span class='ocrx_word' id='word_1_191' title='bbox 153 3305 202 3376; x_wconf 89' lang='lat' dir='ltr'>las</span> <span class='ocrx_word' id='word_1_192' title='bbox 215 3303 265 3375; x_wconf 90' lang='lat' dir='ltr'>irc</span> <span class='ocrx_word' id='word_1_193' title='bbox 283 3303 404 3376; x_wconf 88' lang='lat' dir='ltr'>iubeor</span> <span class='ocrx_word' id='word_1_194' title='bbox 421 3303 489 3375; x_wconf 93' lang='lat' dir='ltr'>iam</span> <span class='ocrx_word' id='word_1_195' title='bbox 507 3325 710 3388; x_wconf 87' lang='lat' dir='ltr'>senescens,</span> <span class='ocrx_word' id='word_1_196' title='bbox 730 3323 818 3397; x_wconf 90' lang='lat' dir='ltr'>quas</span> <span class='ocrx_word' id='word_1_197' title='bbox 835 3301 974 3375; x_wconf 88' lang='lat' dir='ltr'>iuvenis</span> <span class='ocrx_word' id='word_1_198' title='bbox 993 3323 1130 3396; x_wconf 89' lang='lat' dir='ltr'>semper</span> <span class='ocrx_word' id='word_1_199' title='bbox 1143 3301 1226 3393; x_wconf 80' lang='lat' dir='ltr'>lugi.</span> 
     </span>
     <span class='ocr_line' id='line_1_26' title="bbox 153 3401 1227 3518; baseline -0.004 -20"><span class='ocrx_word' id='word_1_200' title='bbox 153 3426 219 3498; x_wconf 76' lang='lat' dir='ltr'>seu</span> <span class='ocrx_word' id='word_1_201' title='bbox 237 3425 326 3500; x_wconf 67' lang='lat' dir='ltr'>nene</span> <span class='ocrx_word' id='word_1_202' title='bbox 344 3427 463 3500; x_wconf 68' lang='lat' dir='ltr'>nauel</span> <span class='ocrx_word' id='word_1_203' title='bbox 482 3425 619 3498; x_wconf 72' lang='lat' dir='ltr'>interim</span> <span class='ocrx_word' id='word_1_204' title='bbox 632 3425 718 3498; x_wconf 73' lang='lat' dir='ltr'>liner</span> <span class='ocrx_word' id='word_1_205' title='bbox 731 3401 935 3515; x_wconf 58' lang='lat' dir='ltr'>sumre</span> <span class='ocrx_word' id='word_1_206' title='bbox 949 3422 1227 3518; x_wconf 85' lang='lat' dir='ltr'>permittentibus</span> 
     </span>
     <span class='ocr_line' id='line_1_27' title="bbox 152 3544 1228 3643; baseline -0.007 -21"><span class='ocrx_word' id='word_1_207' title='bbox 152 3551 209 3643; x_wconf 91' lang='lat' dir='ltr'>qui</span> <span class='ocrx_word' id='word_1_208' title='bbox 230 3571 288 3622; x_wconf 90' lang='lat' dir='ltr'>me</span> <span class='ocrx_word' id='word_1_209' title='bbox 308 3551 344 3621; x_wconf 95' lang='lat' dir='ltr'>in</span> <span class='ocrx_word' id='word_1_210' title='bbox 365 3550 545 3624; x_wconf 88' lang='lat' dir='ltr'>servitium</span> <span class='ocrx_word' id='word_1_211' title='bbox 565 3548 779 3632; x_wconf 86' lang='lat' dir='ltr'>asserebant,</span> <span class='ocrx_word' id='word_1_212' title='bbox 793 3555 844 3632; x_wconf 88' lang='lat' dir='ltr'>et,</span> <span class='ocrx_word' id='word_1_213' title='bbox 864 3546 894 3618; x_wconf 89' lang='lat' dir='ltr'>si</span> <span class='ocrx_word' id='word_1_214' title='bbox 911 3544 1129 3638; x_wconf 87' lang='lat' dir='ltr'>expectanda</span> <span class='ocrx_word' id='word_1_215' title='bbox 1146 3566 1228 3615; x_wconf 89' lang='lat' dir='ltr'>con-</span> 
     </span>
     <span class='ocr_line' id='line_1_28' title="bbox 153 3667 1228 3767; baseline -0.003 -24"><span class='ocrx_word' id='word_1_216' title='bbox 153 3671 235 3744; x_wconf 93' lang='lat' dir='ltr'>ditio</span> <span class='ocrx_word' id='word_1_217' title='bbox 255 3682 322 3756; x_wconf 92' lang='lat' dir='ltr'>est,</span> <span class='ocrx_word' id='word_1_218' title='bbox 345 3671 379 3742; x_wconf 91' lang='lat' dir='ltr'>in</span> <span class='ocrx_word' id='word_1_219' title='bbox 400 3683 606 3767; x_wconf 89' lang='lat' dir='ltr'>perpetuum</span> <span class='ocrx_word' id='word_1_220' title='bbox 627 3669 713 3742; x_wconf 91' lang='lat' dir='ltr'>liber</span> <span class='ocrx_word' id='word_1_221' title='bbox 732 3691 807 3754; x_wconf 89' lang='lat' dir='ltr'>cro,</span> <span class='ocrx_word' id='word_1_222' title='bbox 830 3677 925 3740; x_wconf 91' lang='lat' dir='ltr'>tanto</span> <span class='ocrx_word' id='word_1_223' title='bbox 945 3667 1106 3760; x_wconf 87' lang='lat' dir='ltr'>equidem</span> <span class='ocrx_word' id='word_1_224' title='bbox 1124 3667 1228 3740; x_wconf 87' lang='lat' dir='ltr'>liber-</span> 
     </span>
     <span class='ocr_line' id='line_1_29' title="bbox 154 3789 1228 3887; baseline -0.002 -23"><span class='ocrx_word' id='word_1_225' title='bbox 154 3806 219 3866; x_wconf 92' lang='lat' dir='ltr'>tate</span> <span class='ocrx_word' id='word_1_226' title='bbox 239 3794 350 3866; x_wconf 87' lang='lat' dir='ltr'>laetior</span> <span class='ocrx_word' id='word_1_227' title='bbox 369 3804 500 3887; x_wconf 89' lang='lat' dir='ltr'>quanto</span> <span class='ocrx_word' id='word_1_228' title='bbox 524 3796 654 3866; x_wconf 86' lang='lat' dir='ltr'>sueram</span> <span class='ocrx_word' id='word_1_229' title='bbox 682 3792 871 3886; x_wconf 81' lang='lat' dir='ltr'>proximior</span> <span class='ocrx_word' id='word_1_230' title='bbox 894 3790 1064 3862; x_wconf 91' lang='lat' dir='ltr'>servituti.</span> <span class='ocrx_word' id='word_1_231' title='bbox 1086 3789 1228 3864; x_wconf 87' lang='lat' dir='ltr'>Accedit</span> 
     </span>
     <span class='ocr_line' id='line_1_30' title="bbox 154 3912 1228 4009; baseline -0.002 -21"><span class='ocrx_word' id='word_1_232' title='bbox 154 3918 246 4009; x_wconf 90' lang='lat' dir='ltr'>quod</span> <span class='ocrx_word' id='word_1_233' title='bbox 266 3939 310 3990; x_wconf 91' lang='lat' dir='ltr'>eo</span> <span class='ocrx_word' id='word_1_234' title='bbox 329 3915 472 3988; x_wconf 87' lang='lat' dir='ltr'>libertas</span> <span class='ocrx_word' id='word_1_235' title='bbox 493 3915 678 4000; x_wconf 84' lang='lat' dir='ltr'>honestior,</span> <span class='ocrx_word' id='word_1_236' title='bbox 700 3936 771 4008; x_wconf 91' lang='lat' dir='ltr'>quo</span> <span class='ocrx_word' id='word_1_237' title='bbox 788 3912 955 3986; x_wconf 83' lang='lat' dir='ltr'>libertatis</span> <span class='ocrx_word' id='word_1_238' title='bbox 976 3913 1154 3987; x_wconf 88' lang='lat' dir='ltr'>honestior</span> <span class='ocrx_word' id='word_1_239' title='bbox 1173 3927 1228 3988; x_wconf 87' lang='lat' dir='ltr'>est</span> 
     </span>
     <span class='ocr_line' id='line_1_31' title="bbox 154 4037 1225 4122; baseline 0.002 -14"><span class='ocrx_word' id='word_1_240' title='bbox 154 4061 273 4122; x_wconf 90' lang='lat' dir='ltr'>causa;</span> <span class='ocrx_word' id='word_1_241' title='bbox 295 4041 378 4114; x_wconf 93' lang='lat' dir='ltr'>illud</span> <span class='ocrx_word' id='word_1_242' title='bbox 399 4041 502 4114; x_wconf 93' lang='lat' dir='ltr'>modo</span> <span class='ocrx_word' id='word_1_243' title='bbox 522 4061 648 4114; x_wconf 92' lang='lat' dir='ltr'>vereor</span> <span class='ocrx_word' id='word_1_244' title='bbox 668 4061 711 4111; x_wconf 97' lang='lat' dir='ltr'>ne</span> <span class='ocrx_word' id='word_1_245' title='bbox 731 4040 817 4111; x_wconf 86' lang='lat' dir='ltr'>salsa</span> <span class='ocrx_word' id='word_1_246' title='bbox 839 4037 893 4110; x_wconf 90' lang='lat' dir='ltr'>sit.</span> <span class='ocrx_word' id='word_1_247' title='bbox 913 4037 948 4108; x_wconf 88' lang='lat' dir='ltr'>Si</span> <span class='ocrx_word' id='word_1_248' title='bbox 960 4037 1051 4110; x_wconf 87' lang='lat' dir='ltr'>enim</span> <span class='ocrx_word' id='word_1_249' title='bbox 1064 4048 1119 4110; x_wconf 90' lang='lat' dir='ltr'>est</span> <span class='ocrx_word' id='word_1_250' title='bbox 1130 4059 1225 4122; x_wconf 88' lang='lat' dir='ltr'>vera,</span> 
     </span>
     <span class='ocr_line' id='line_1_32' title="bbox 154 4159 1226 4257; baseline -0.001 -23"><span class='ocrx_word' id='word_1_251' title='bbox 154 4162 237 4256; x_wconf 91' lang='lat' dir='ltr'>quid</span> <span class='ocrx_word' id='word_1_252' title='bbox 264 4163 455 4256; x_wconf 88' lang='lat' dir='ltr'>speciosius</span> <span class='ocrx_word' id='word_1_253' title='bbox 487 4171 662 4257; x_wconf 89' lang='lat' dir='ltr'>optassem</span> <span class='ocrx_word' id='word_1_254' title='bbox 695 4184 801 4256; x_wconf 86' lang='lat' dir='ltr'>quam</span> <span class='ocrx_word' id='word_1_255' title='bbox 834 4160 992 4236; x_wconf 85' lang='lat' dir='ltr'>evasisse</span> <span class='ocrx_word' id='word_1_256' title='bbox 1023 4159 1102 4232; x_wconf 86' lang='lat' dir='ltr'>ideo</span> <span class='ocrx_word' id='word_1_257' title='bbox 1133 4161 1226 4255; x_wconf 93' lang='lat' dir='ltr'>quod</span> 
     </span>
    </p>
   </div>
   <div class='ocr_carea' id='block_1_4' title="bbox 0 0 1491 4804">
    <p class='ocr_par' dir='ltr' id='par_1_4' title="bbox 0 0 1491 4804">
     <span class='ocr_line' id='line_1_33' title="bbox 0 0 1491 4804; baseline 0 0"><span class='ocrx_word' id='word_1_258' title='bbox 0 0 1491 4804; x_wconf 95' lang='lat' dir='ltr'> </span> 
     </span>
    </p>
   </div>
  </div>
 </body>
</html>
