2958 4804
335 375 427 423 arnan
449 373 958 432 colummannus—sermons
979 377 998 426 1.
1146 366 1204 428 all

117 512 220 584 modo
244 509 404 582 scribere
426 513 541 584 uisum
562 523 657 583 erat:
680 513 708 581 si
739 509 824 605 quid
844 523 1001 584 occurret
1021 513 1127 598 aliud,
1150 536 1210 585 oc-

119 643 262 707 current
296 645 411 705 autem
445 638 552 706 multa
586 635 755 728 quotidie,
785 635 819 705 id
844 635 913 706 diei
942 635 1086 707 alterius
1119 657 1208 730 opus

120 757 192 827 erit.
216 759 270 828 De
295 757 373 828 stilo
393 756 542 828 videris:
571 779 627 828 res
656 760 772 850 procul
794 757 901 829 dubio
926 760 1018 829 clara
1044 769 1118 842 est;
1144 760 1209 829 ita-

121 899 186 969 que
212 879 244 949 si
273 879 392 949 stilum
426 900 494 949 non
524 879 665 973 probae,
694 879 872 950 materiam
905 901 975 951 non
1012 879 1207 952 damnabis

122 999 206 1072 Vive
227 1002 391 1087 feliciter,
414 1009 570 1072 nostrum
592 1001 712 1074 decus.

264 1145 311 1200 Ad
327 1145 432 1201 fontem
448 1145 560 1216 Sergiae.
578 1145 690 1201 Decimo
706 1146 844 1204 Kalendas
860 1147 996 1204 Octobris.

553 1592 731 1660 EPISTOLA
753 1595 785 1658 ll.

287 1781 484 1832 Fuuuclscus
507 1783 675 1832 PErltlucl
697 1784 833 1834 socnam
853 1785 912 1834 SUO
930 1785 956 1833 S·
975 1784 1003 1833 P.
1021 1785 1051 1833 Ι).

132 1955 206 2014 Mittit
219 1959 253 2014 ad
268 1977 336 2016 eum
351 1961 456 2016 litteras
471 1961 628 2031 superiores
644 1959 782 2014 Cardinali
797 1959 968 2030 reddendas,
984 1960 1063 2016 cuius
1082 1965 1109 2016 et
1124 1961 1210 2018 animi

211 2047 290 2104 dotes
305 2053 335 2102 et
350 2064 396 2102 res
411 2048 555 2120 magnifice
570 2052 661 2120 gestas
675 2047 805 2104 laudibus
823 2048 955 2118 efferens,
971 2049 1090 2104 miratur
1108 2050 1210 2106 littera·

214 2153 276 2192 rum
290 2137 425 2210 inopiam.

222 2347 481 2440 Magnanimum
500 2358 535 2418 et
551 2350 731 2420 excelsum
749 2349 845 2419 illum
863 2349 978 2419 virum
998 2349 1101 2443 plane
1119 2347 1210 2420 nosti

138 2485 231 2558 supra
250 2491 371 2561 quem,
394 2478 522 2565 praeter
542 2492 650 2540 unum
672 2471 863 2541 Romanum
885 2468 1100 2555 Pontificem,
1124 2469 1209 2541 nihil

137 2586 222 2659 videt
238 2601 352 2664 status
366 2593 532 2664 Ecclesiae
546 2592 737 2678 militantis,
753 2592 868 2676 immo,
883 2593 950 2664 nisi
963 2592 1008 2664 illi
1023 2593 1205 2679 invidiam,

122 2707 211 2798 'mihi
232 2713 422 2786 adulatoris
444 2713 619 2785 infamiam
646 2713 822 2805 quaesisse
847 2735 1005 2797 vererer,
1040 2737 1083 2785 ne
1115 2716 1208 2787 hunc

140 2831 284 2920 quidem;
316 2836 492 2928 aliquanto
521 2837 614 2907 enim
645 2836 748 2907 altius
779 2813 920 2907 videtur
944 2838 1056 2929 Papas
1076 2839 1205 2922 iacere,

140 2973 231 3041 quam
248 2959 378 3052 Papam
395 2979 487 3029 esse.
503 2959 605 3030 Tacet
620 2958 688 3042 ille,
708 2961 798 3029 fama
816 2958 982 3051 loquitur:
1002 2967 1106 3050 negat
1124 2959 1210 3052 ipse,

143 3073 197 3143 sed
225 3081 396 3151 affirmant
428 3101 550 3151 omnes
579 3080 669 3152 duos
700 3104 780 3152 eum
810 3103 857 3152 ex
885 3066 1009 3153 'ordine
1035 3083 1211 3153 Romanos

142 3213 268 3272 creasse
283 3201 488 3275 Pontifices:
506 3223 595 3295 quos
615 3202 643 3273 si
662 3203 741 3296 quis
761 3205 844 3275 tanti
865 3203 1020 3275 beneficii
1040 3224 1212 3276 memores

143 3331 318 3418 gratosque
343 3325 536 3409 iactaverit,
565 3334 634 3396 tota
661 3335 766 3417 neget
785 3324 960 3396 Ecclesia:
982 3324 1058 3416 ipse
1078 3335 1210 3407 autem,

145 3443 227 3527 quod
245 3445 277 3517 in
298 3449 417 3539 lingua
437 3447 514 3518 eius
536 3459 636 3518 sonat
656 3457 691 3518 et
710 3447 746 3516 in
771 3447 882 3517 fronte
908 3445 1043 3535 legitur,
1071 3444 1214 3538 ingrati-

146 3561 284 3638 tudinem
305 3571 451 3642 alienam
471 3571 541 3639 alto
562 3569 676 3640 animo
697 3566 897 3651 contemnit,
921 3588 988 3636 neu
1006 3565 1213 3659 cuiusquam

146 3677 256 3758 vitium
276 3691 464 3764 virtutibus
487 3692 560 3764 suis
582 3691 675 3763 obsit
693 3691 846 3761 enititur.
868 3690 952 3759 Haec
973 3687 1017 3758 de
1035 3688 1126 3758 illius
1147 3687 1214 3757 viri

148 3809 370 3896 magnitudine
388 3813 539 3885 dixerim
559 3813 687 3885 idcirco
709 3813 867 3894 breviuS,
887 3810 981 3903 quod
1002 3819 1036 3880 et
1056 3820 1137 3880 nota
1157 3829 1214 3880 res

147 3933 203 4012 est,
227 3942 260 4003 et
283 3936 449 4008 illi'haud
476 3959 561 4009 sane
586 3934 946 4007 commemorationem
967 3931 1129 4028 placitam
1154 3929 1217 4002 ad-

150 4049 236 4120 verti.
257 4053 424 4131 Affeetum
446 4080 531 4130 vero
551 4059 627 4130 eius
649 4058 693 4129 ad
715 4079 770 4127 me
790 4076 933 4128 narrare
960 4054 1021 4125 tibi
1043 4057 1131 4127 velle
1157 4075 1216 4126 su-

150 4169 305 4252 lerluun
338 4181 453 4268 luerit,
481 4203 551 4273 quo
577 4203 645 4252 non
671 4203 726 4252 me
753 4182 880 4266 solum,
908 4179 972 4252 sed
1000 4188 1032 4252 te
1058 4191 1094 4252 et
1119 4197 1215 4250 meos
