2988 4800
270 405 321 463 l8t
600 416 639 461 un
661 415 761 462 naurs
783 412 1004 460 rettulinmus

264 556 318 644 gis
333 553 582 646 sempiternum
599 553 719 622 velim·
730 552 839 621 Simul
856 551 947 622 enim
967 560 1003 619 et
1020 571 1091 641 quo
1105 569 1264 641 aequaeva
1277 552 1346 620 erit

264 674 421 758 amicitia,
437 674 503 745 hoc
516 674 613 759 milri,
629 697 697 744 non
711 673 840 757 dubito,
861 671 1039 766 praestabit
1055 694 1152 742 amor
1171 681 1261 756 tuus
1278 671 1346 742 hoc

264 798 441 889 ingenium
469 820 595 867 meum.
618 799 700 868 Utar
721 797 811 866 enim
838 798 973 866 fortuna
1002 797 1184 887 enitarque
1204 815 1268 886 pro
1290 795 1346 863 vi-

264 920 374 1004 ribuS,
393 944 437 990 ne
456 941 609 1012 unquam
630 919 743 988 nubes
765 919 905 991 excidat
925 942 993 1012 qna
1015 919 1115 990 silvae
1141 917 1256 989 medio
1283 918 1346 988 tibi

263 1043 540 1114 circumamictus
555 1043 710 1136 apparui.
728 1044 904 1113 Hactenus
921 1042 1008 1113 haec.
1027 1041 1212 1112 Forensem
1228 1049 1340 1124 tunm,

264 1166 368 1236 immo
393 1187 522 1247 meum,
546 1166 651 1235 immo
670 1173 842 1249 nostrum,
863 1175 902 1236 ut
925 1166 973 1236 ait
1001 1164 1071 1251 ille,
1092 1165 1206 1236 virum
1225 1188 1288 1260 per
1308 1187 1345 1237 se

263 1286 371 1358 amari
390 1287 647 1378 dignissimum,
662 1298 743 1375 tota,
763 1300 802 1360 ut
822 1290 933 1373 iubes
951 1298 1067 1361 mente
1086 1292 1249 1385 suscipio.
1272 1293 1345 1362 Uti-

264 1431 343 1480 nam
368 1410 482 1503 aliqua
502 1411 586 1480 mihi
608 1410 745 1482 tandem
768 1412 869 1482 aliter
888 1434 994 1505 quam
1020 1413 1138 1485 verbis
1164 1417 1342 1507 relegendi

264 1533 368 1603 animi
381 1533 483 1604 detur
496 1536 641 1618 occasio,
652 1537 709 1605 vel
725 1535 754 1605 si
769 1538 838 1607 lato
852 1535 998 1607 vetitum
1012 1546 1074 1620 est,
1091 1537 1231 1622 utinam,
1243 1559 1344 1632 aeque

186 1724 190 1735 ,
265 1667 374 1740 actu,
399 1656 551 1726 animum
574 1657 630 1725 ille
653 1658 798 1728 tacentis
824 1658 1009 1750 intelligat!
1033 1661 1077 1730 Et
1094 1660 1209 1744 faciet,
1229 1683 1342 1754 spero.

266 1779 302 1846 lu
324 1776 506 1846 versiculis
533 1786 649 1847 autem
671 1778 714 1848 ad
737 1787 770 1848 te
799 1779 948 1873 scriptis,
972 1803 1060 1874 quos
1088 1792 1154 1852 tam
1180 1784 1344 1855 ardenter

265 1899 451 1990 efflagitas,
471 1900 558 1969 scito
574 1900 672 1969 Plinii
695 1901 843 1972 Secundi
862 1901 1005 1974 consilio
1021 1925 1110 1997 opus
1128 1925 1223 1989 esse,
1238 1927 1343 1997 quem

265 2022 358 2092 ltalia
379 2022 556 2094 excedens
582 2023 617 2094 in
641 2023 753 2120 patria
775 2047 850 2108 sua,
875 2025 1022 2097 Veronae
1048 2025 1190 2111 scilicet,
1213 2029 1343 2119 ingenti

266 2145 420 2216 virorum
438 2145 622 2217 illustrium
637 2146 836 2219 comitatum
854 2147 941 2233 acie,
957 2146 1083 2218 dimisi.
1103 2148 1164 2218 Hic
1180 2148 1265 2217 mihi
1277 2149 1345 2218 Pli-

265 2271 344 2341 nius
364 2293 539 2365 nusquam
561 2282 627 2356 est‚
651 2295 715 2345 nec
735 2274 847 2358 alteri,
867 2273 961 2365 quod
977 2272 1138 2365 equidem
1156 2293 1223 2363 ego
1237 2293 1344 2343 nove-

266 2395 345 2477 rim,
367 2395 433 2464 nisi
455 2416 597 2465 romano
617 2395 780 2488 pontifici.
802 2398 835 2466 ls
856 2404 988 2478 antem,
1011 2395 1114 2466 lando
1135 2393 1276 2478 audisti,
1300 2395 1345 2465 ab

266 2515 343 2605 ipso
361 2516 480 2586 mortis
502 2517 690 2602 vestibulo,
710 2541 780 2611 quo
796 2518 930 2589 dudum
950 2517 1206 2611 praecipitanter
1226 2537 1344 2588 acces-

268 2647 374 2722 serat,
397 2660 489 2709 nunc
510 2639 721 2731 pedetentim
743 2639 842 2711 redit.
865 2641 950 2710 Cum
972 2639 1171 2732 pervenerit
1187 2639 1233 2710 ad
1251 2642 1345 2710 salu-

267 2771 350 2845 tem,
374 2762 535 2853 quamvis
557 2762 698 2833 senibus
721 2763 841 2834 ultima
861 2783 1037 2856 corporeae
1058 2783 1139 2856 spes
1161 2762 1284 2834 salutis
1309 2763 1343 2831 in

267 2892 377 2952 morte
399 2883 459 2963 sit;
481 2882 539 2952 ubi
560 2893 674 2954 tamen
696 2894 883 2977 utcumque
908 2884 1133 2968 convaluerit,
1156 2885 1250 2978 qnod
1275 2884 1343 2954 iam

267 3008 393 3075 factum
412 3017 518 3089 esset,
542 3017 580 3076 ut
600 3017 695 3098 puto,
718 3007 785 3078 nisi
804 3008 1018 3080 medicorum
1032 3006 1134 3079 turba
1150 3007 1343 3101 loquacium

268 3126 452 3208 vetuisset,
474 3127 621 3198 divitum
643 3130 752 3223 pestis
784 3153 854 3202 non
887 3131 1040 3215 minima,
1076 3129 1140 3202 sed
1172 3141 1342 3211 extrema,

269 3257 350 3318 tunc
367 3248 474 3320 Plinio
490 3251 567 3321 eius
585 3273 771 3345 parumper
787 3253 957 3345 inspecto,
977 3253 1157 3325 confestim
1176 3255 1345 3324 voluntati

269 3393 345 3443 mos
367 3383 508 3464 geretur
528 3383 609 3459 tuae,
631 3386 666 3445 et
685 3375 782 3460 illud,
805 3376 840 3444 in
859 3398 930 3468 qno
950 3374 1089 3468 quidem
1111 3374 1225 3458 valde,
1251 3374 1344 3444 utin

270 3494 376 3566 rebus
389 3495 479 3568 meis
493 3498 668 3583 omnibus,
684 3521 745 3592 spe
763 3508 798 3569 et
814 3498 972 3591 opinione
993 3497 1177 3592 deciperis,
1200 3497 1343 3592 petitum

269 3621 550 3714 promissumque
571 3643 710 3691 carmen
736 3620 885 3714 accipies
920 3629 955 3691 et
986 3621 1098 3693 dices:
1137 3619 1188 3692 sic
1220 3629 1275 3690 est
1308 3627 1346 3688 ut

271 3740 484 3824 audiveram3
507 3746 614 3816 multo
634 3744 713 3838 'plus
733 3752 789 3813 est
808 3743 842 3812 in
859 3741 1168 3835 expectationibus,
1187 3761 1291 3834 quam
1310 3739 1343 3807 in

271 3841 386 3935 rebus.
415 3867 501 3936 Vale
521 3887 654 3936 memor
673 3866 792 3936 nostri.

414 4011 471 4064 XV.
490 4010 550 4064 Kal.
568 4011 719 4066 Februarii.
