3078 4798
247 323 307 387 alt
588 332 628 380 ns
649 331 750 380 nesus
771 329 994 378 ruminamus

248 493 323 542 rum
343 469 379 540 id
391 488 459 538 non
478 466 540 538 Dei
557 465 676 538 odium
694 466 786 538 dicet
802 466 941 560 aliquis,
958 465 1022 537 sed
1034 467 1138 559 culpa
1152 463 1332 538 hominum

248 595 321 666 fuit.
343 590 499 675 Quartus
518 611 631 661 annus
651 589 768 682 agitur
788 612 834 660 ex
856 609 927 682 quo
948 596 1148 661 terraemotu
1166 589 1332 675 terribili,

247 726 282 786 et
302 713 447 808 apostoli
467 712 565 783 Pauli
586 712 750 806 templum
769 733 858 804 pene
875 710 1033 783 funditus
1054 711 1142 796 ruit,
1163 719 1201 783 et
1219 713 1335 804 Virgi-

249 839 303 909 nis
324 825 450 910 domu's
473 855 637 929 supremo
656 834 743 906 colle
763 834 961 905 consistens
982 833 1139 926 graviter
1161 855 1334 908 concussa

249 969 314 1031 est.
334 958 409 1029 Nisi
426 958 513 1029 sorte
533 957 626 1030 dicat
645 956 818 1051 quispiam
840 977 910 1026 uon
932 967 1004 1026 tam
1024 959 1156 1028 clarum
1177 958 1332 1030 coelestis

250 1080 440 1156 iracundiae
473 1080 638 1152 indicium
672 1089 911 1150 terraemotum
945 1099 1028 1150 esse
1055 1101 1161 1172 quam
1194 1081 1333 1152 tulmen.

251 1207 341 1278 Ecce
361 1211 479 1276 autem
500 1223 658 1297 praesens
680 1221 795 1273 annus
817 1201 940 1273 turrim
962 1202 1056 1272 illam
1075 1200 1169 1272 Petri
1189 1202 1336 1295 apostoli

251 1329 299 1400 ita
319 1328 462 1400 fulmine
481 1325 754 1417 conflagrantem
775 1334 881 1416 atque
898 1324 1084 1419 collapsam
1105 1322 1205 1408 vidit,
1227 1325 1337 1398 iucre-

252 1448 357 1522 dibile
389 1447 529 1542 quidem
563 1447 672 1529 dictu,
703 1456 746 1546 ut
778 1446 840 1517 vix
873 1443 957 1517 tanti
989 1443 1127 1516 aedilicii
1148 1444 1337 1537 vestigium

253 1583 362 1657 extet,
385 1570 578 1664 turrimque
605 1569 651 1641 ibi
676 1569 788 1640 tuisse
813 1567 877 1639 vix
902 1576 1002 1663 putet
1019 1567 1086 1639 nisi
1111 1568 1173 1662 qui
1199 1567 1336 1640 viderit.

254 1694 474 1778 Quinetiam,
489 1693 583 1787 quod
605 1691 639 1762 in
660 1701 839 1783 stuporem
860 1690 1133 1784 religionemque
1151 1693 1337 1783 multorum

254 1816 371 1900 vertit,
394 1835 562 1907 campana
582 1813 639 1884 illa
658 1811 867 1906 percelebris
883 1814 1049 1885 Bonilacii
1066 1814 1188 1886 Octavi
1201 1835 1292 1909 opus
1304 1823 1339 1886 et

255 1958 391 2019 nomen,
428 1936 475 2007 ita
509 1935 691 2029 liquefacta
720 1934 861 2020 dicitur,
884 1947 922 2007 ut
947 1959 991 2008 ne
1017 1935 1172 2030 reliquiae
1196 1937 1337 2031 quidem

256 2059 502 2155 superfuerint.
524 2057 636 2141 Quem
659 2057 816 2128 ultimum
837 2079 960 2130 casum
980 2079 1050 2130 non
1067 2069 1106 2129 ut
1121 2061 1223 2154 plane
1243 2080 1340 2130 com-

255 2194 393 2277 pertum
411 2183 581 2274 ignoranti
600 2181 715 2252 sciens
732 2201 851 2264 narro,
871 2180 935 2252 sed
952 2191 992 2252 ut
1007 2181 1152 2273 ignarus
1169 2203 1189 2253 a
1207 2182 1339 2254 sciente

255 2315 447 2402 percontor.
469 2305 540 2376 Nos
565 2305 657 2375 enim
685 2306 787 2376 lamae
805 2302 1017 2376 credidimus
1042 2325 1124 2397 quae
1149 2311 1187 2375 tu
1212 2305 1338 2377 cernis.

257 2429 334 2521 Ego
353 2437 433 2524 post
452 2424 633 2500 lubilaeum
660 2450 789 2501 annum
822 2427 944 2499 Romae
975 2447 1045 2498 non
1077 2427 1141 2511 sui,
1162 2427 1223 2520 qui
1248 2449 1341 2500 nunc

154 2541 156 2550 ’
257 2551 380 2623 tertius
408 2559 500 2622 retro
525 2562 590 2622 est.
617 2551 685 2623 Sed
712 2550 742 2621 si
767 2571 891 2622 verum
924 2558 980 2621 est
1011 2548 1106 2643 quod
1139 2549 1185 2622 de
1216 2550 1341 2622 haere

257 2672 413 2747 omnium
426 2673 536 2744 Roma
549 2672 763 2744 venientium
784 2695 855 2744 uua
872 2693 945 2745 vox
965 2672 1132 2765 loquitur,
1146 2693 1228 2766 quae
1246 2694 1342 2743 men

259 2797 315 2869 tiri
335 2817 403 2870 non
426 2796 525 2878 solet,
547 2803 641 2868 certe
673 2815 854 2887 nunquam
886 2815 990 2890 rupes
1024 2793 1169 2887 Tarpeia
1190 2796 1256 2866 tale
1280 2795 1342 2865 ali·

260 2920 344 3014 quid
364 2939 470 3016 passa
490 2927 554 2988 est.
579 2917 691 2990 Credo
711 2938 780 3010 ego
800 2921 911 2990 Deum
936 2907 1020 2988 nihil
1047 2917 1209 3020 omnium
1221 2916 1341 2990 odisse

258 3063 341 3136 quae
364 3041 458 3122 lecit3
487 3039 540 3109 siu
566 3040 680 3110 locum
707 3063 815 3111 uuum
836 3043 945 3113 altero
965 3041 1044 3134 plus
1065 3048 1172 3125 amat,
1194 3039 1343 3110 arbitror

258 3185 340 3236 eum
360 3163 439 3256 plus
455 3183 574 3234 amare
593 3161 651 3234 ubi
669 3183 708 3234 se
722 3163 800 3256 plus
813 3161 922 3235 amari
940 3160 1047 3234 novit.
1067 3159 1243 3232 Interdum
1257 3182 1343 3232 vero

260 3288 335 3358 loca
356 3284 576 3358 sanctissima
604 3286 708 3358 lerire
741 3294 779 3358 ut
811 3287 955 3380 protana
977 3292 1180 3378 perterrent.
1201 3282 1345 3359 Accedit

261 3407 356 3502 quod
380 3431 445 3482 nec
468 3429 550 3502 ego,
585 3419 623 3482 ut
656 3410 764 3492 soleo,
790 3407 939 3480 tonitrua
972 3428 1140 3502 pavesco,
1163 3405 1241 3478 sive
1260 3407 1343 3506 quia

262 3555 333 3626 quo
352 3531 466 3624 magis
486 3530 560 3602 vixi
582 3553 625 3605 eo
642 3531 757 3605 minus
775 3531 862 3603 mori
880 3529 999 3614 timeo,
1020 3529 1096 3602 sive
1111 3530 1195 3622 qnia
1211 3551 1259 3601 ex
1274 3550 1346 3622 quo

262 3655 510 3729 conscientiam
532 3653 660 3727 abditis
679 3654 754 3726 suis
771 3654 872 3727 malis
889 3675 1084 3726 exonerare
1102 3653 1207 3747 coepi,
1228 3661 1347 3724 exter-

264 3801 328 3852 nos
351 3778 519 3849 tumultus
540 3775 722 3871 minasque
741 3797 810 3848 non
837 3784 963 3848 metuo.
985 3777 1057 3848 Nee
1083 3776 1114 3846 si
1138 3773 1347 3848 successerit

263 3899 358 3993 quod
377 3898 492 3992 cogito
510 3895 691 3994 Tarpeiam
710 3920 831 3992 rupem
850 3898 886 3968 in
903 3921 972 3993 qua
989 3896 1142 3970 habitem
1158 3897 1259 3989 elegi,
1278 3917 1346 3966 non

265 4041 309 4091 ne
329 4023 456 4116 populo
477 4020 543 4094 sim
568 4028 767 4114 suspectus,
789 4021 885 4114 quod
909 4021 1036 4094 iecisse
1061 4021 1213 4113 legimus
1232 4016 1348 4089 Publi-

265 4141 388 4222 colam‚
412 4141 476 4214 sed
496 4163 540 4212 ne
561 4139 665 4212 taedic
685 4139 831 4214 allectus
848 4140 882 4212 iu
900 4140 936 4211 id
953 4139 1047 4231 quod
1065 4141 1186 4230 lugere
1203 4150 1259 4210 est
1274 4136 1348 4209 ani-
