3062 4798
595 327 636 374 DE
658 325 759 374 REBUS
780 324 1003 374 Falllmtlllsus

684 605 860 670 EPISTOLA
881 605 912 666 ll.
1021 629 1024 638 ·

276 796 479 847 -ualllclsctts
501 795 670 844 Parnasos
690 794 829 843 nlcomlo
850 793 970 844 SYGERO
992 793 1100 842 MAGNO
1119 792 1313 841 INTERPRETI

492 899 704 949 luraalroals
725 897 1107 947 CONSTANTINOPOLITANI.

351 1085 352 1091 ’
378 1083 535 1137 Gratiarum
550 1080 620 1135 actio
636 1079 670 1134 de
685 1079 800 1134 Homeri
813 1080 893 1134 libris
908 1081 942 1135 ab
958 1097 990 1135 eo
1005 1080 1078 1136 dono
1093 1081 1221 1153 acceptis.

357 1317 448 1400 Clari
467 1316 587 1400 animi,
607 1317 738 1386 clarum
760 1333 897 1397 munus,
914 1319 953 1383 ut
968 1311 1099 1394 decuit,
1120 1311 1196 1382 tuit:
1215 1334 1337 1406 opera-

259 1444 370 1513 tiones
403 1439 494 1511 enim
529 1437 706 1509 bominum
741 1435 895 1506 animum
927 1434 1120 1517 imitantur,
1154 1445 1190 1505 et
1226 1436 1336 1528 qualis

259 1565 407 1656 quisque
429 1560 474 1631 sit
493 1581 540 1629 cx
566 1567 705 1629 actuum
726 1557 892 1648 qualitate
912 1555 1132 1648 conspicitur.
1155 1555 1337 1648 Singulare

258 1683 389 1776 aliquid
404 1692 443 1751 te
463 1679 625 1752 decebat:
647 1699 773 1770 nempe
795 1678 983 1768 singularis
1004 1700 1044 1748 es
1063 1679 1129 1761 vir,
1148 1676 1246 1750 etab
1266 1678 1337 1750 acie

257 1804 394 1895 vulgari
417 1813 485 1874 tota
506 1800 693 1871 intentione
719 1801 985 1880 remotissimus.
1013 1801 1048 1870 Si
1074 1822 1175 1872 esses
1203 1823 1293 1872 unus
1318 1824 1337 1872 e

257 1929 396 2022 popule,
419 1925 563 1997 fecisses
583 1933 621 1995 ut
637 1923 774 2018 reliqui;
792 1948 885 1997 nunc
902 1933 1018 1996 autem
1037 1925 1188 2016 implesti
1206 1924 1339 2015 magni-

257 2051 322 2122 tice
341 2048 436 2142 qnod
454 2059 550 2119 tuum
567 2058 656 2132 crat,
675 2069 815 2140 unoque
833 2059 912 2119 actu
928 2055 963 2118 et
980 2048 1222 2143 amicitiamet
1243 2049 1339 2138 inge·

258 2174 354 2244 nium
374 2171 553 2266 aptissime
573 2170 767 2241 declarasti.
789 2171 914 2243 Misisti
935 2171 1025 2240 enim
1048 2171 1094 2241 ad
1119 2193 1175 2240 me
1200 2171 1245 2242 de
1270 2172 1339 2241 Eu-

258 2319 355 2390 ropae
375 2296 505 2367 ultimis
531 2291 677 2377 donum,
704 2314 774 2385 quo
800 2296 932 2364 nullum
958 2295 1016 2363 vel
1041 2301 1075 2362 te
1099 2292 1255 2384 dignius,
1282 2295 1339 2366 vel

257 2418 342 2488 mihi
356 2418 511 2508 gratius,
533 2417 590 2485 vel
610 2414 723 2506 reipsa
740 2414 890 2486 nobilius
909 2416 1045 2485 mittere
1063 2416 1248 2507 potuisses.
1266 2417 1340 2486 lila-

258 2560 349 2630 gnus
371 2538 426 2608 ille
448 2560 512 2608 rex
530 2538 640 2632 Syriae
657 2536 859 2621 Antiochus,
879 2547 917 2608 ut
933 2537 1073 2630 quidam
1097 2547 1230 2630 putant,
1252 2537 1336 2622 sive,

260 2672 298 2733 ut
320 2661 472 2733 Ciceroni
494 2664 619 2756 placet,
654 2683 719 2733 rex
752 2663 1022 2753 Pergameorum
1052 2659 1189 2732 Attalus
1219 2660 1339 2732 Publio

259 2784 408 2878 Scipioni
431 2783 774 2876 magnificentissima
797 2784 903 2867 dona,
926 2806 1038 2877 usque
1060 2784 1104 2855 ad
1121 2783 1338 2856 Numantiam

260 2908 353 2977 misit
370 2929 416 2977 ex
434 2905 530 2990 Asia,
550 2929 631 2999 quae
646 2906 702 2976 ille
719 2906 774 2977 vir
791 2906 1008 2977 clarissimus
1026 2927 1093 2978 non
1108 2905 1337 2989 abscondidit,

261 3026 334 3112 sed,
361 3041 397 3098 ut
416 3027 464 3097 ait
484 3027 589 3109 idem,
620 3027 837 3120 inspectante
863 3030 1018 3121 suscepit
1042 3031 1212 3114 exercitu,
1239 3031 1339 3102 ouius

260 3170 349 3220 avus
370 3147 553 3220 Africanus
575 3147 631 3218 ille
654 3149 824 3242 superior,
846 3150 997 3244 insignia
1018 3174 1162 3226 munera
1180 3153 1339 3224 Masinis·

260 3293 311 3344 sae
331 3271 405 3364 regi
422 3272 548 3363 legitur
568 3271 732 3356 donasse,
752 3272 892 3345 virtutis
913 3275 960 3345 ob
980 3277 1158 3360 meritum,
1178 3277 1259 3370 quia
1272 3277 1340 3348 Ro-

261 3415 401 3467 manum
429 3394 623 3466 exercitum
649 3395 754 3467 enixe
779 3394 967 3468 admodum
1001 3397 1037 3467 in
1071 3398 1159 3469 bello
1192 3399 1337 3470 iuverat.

260 3521 387 3593 Fecere
405 3521 495 3593 idem
519 3541 614 3615 saepe
634 3519 700 3591 alii.
719 3519 839 3613 Neque
859 3521 948 3592 enim
971 3522 1077 3593 modo
1094 3522 1249 3615 publicas
1270 3524 1340 3618 pri-

260 3653 431 3738 vatasque
452 3642 705 3714 munificentias
738 3665 922 3714 enumero:
957 3645 1020 3716 sed
1053 3647 1184 3737 attingo
1205 3646 1367 3739 aliquas·

260 3787 408 3856 quarum
429 3767 539 3836 relatu
556 3764 657 3836 lacile
678 3764 764 3858 quid
790 3765 856 3835 sim
882 3765 1039 3840 dicturus
1061 3768 1245 3860 intelligas.
1271 3770 1340 3840 Do·

260 3895 344 3956 nant
375 3909 497 3957 aurum
532 3886 691 3980 quidam,
724 3888 782 3957 vel
812 3898 1007 3979 argentum,
1037 3889 1340 3985 concupiscibilem

260 4004 361 4091 sorte,
386 4007 449 4078 sed
467 4017 560 4079 certe
587 4008 918 4100 periculosissimam
938 4021 1042 4082 terrae
1059 4015 1179 4083 fecem.
1205 4015 1341 4082 Donant

219 4212 228 4226 ⁶
262 4125 370 4212 spolia
397 4127 490 4198 rubri
518 4128 623 4199 maris
655 4140 690 4199 et
721 4133 811 4222 algae
839 4130 973 4202 ditioris
1007 4132 1171 4216 cxuvias,
1207 4132 1340 4224 lapillos
