2988 4800
258 327 316 388 tao
590 339 630 386 na
652 339 753 387 asans
775 337 995 386 inminuamus

255 485 414 569 quaerent
445 485 590 568 nepotes
623 476 766 549 forsitan
799 477 843 548 ad
877 478 986 569 ripam
1014 473 1111 566 Tagi,
1147 482 1186 543 ut
1217 482 1332 566 pateat

170 576 172 584 ¹
256 599 340 669 nihil
357 620 437 670 esse
454 599 548 690 quod
566 621 635 668 non
653 601 841 670 confundat
861 622 902 671 ac
924 601 1109 670 transferat
1123 600 1227 690 longa
1243 598 1329 681 dioc,

256 733 291 792 et
311 721 356 792 ad
376 744 537 794 occasum
558 722 674 793 omnia
691 745 886 815 properare.
905 725 956 794 De
974 722 1039 793 hoc
1057 731 1172 793 tamen
1191 731 1331 793 sanctus

256 847 311 916 ille
332 846 536 938 rigidusque
562 845 712 938 piscator
744 844 884 930 viderit,
920 847 979 939 qui
1013 869 1090 917 cum
1126 845 1331 915 Rhodanum

257 971 372 1050 sciret,
395 990 459 1039 nec
480 971 611 1060 Tagum
632 978 726 1039 certe
751 991 815 1038 nec
836 971 1033 1061 Sequanam
1053 969 1248 1060 ignoraret,
1270 990 1332 1038 na-

255 1093 405 1163 viculam
426 1102 541 1162 tamen
562 1115 602 1163 ac
623 1092 710 1163 retia
731 1092 891 1162 Tiberino
917 1091 995 1161 fixit
1015 1092 1050 1161 in
1075 1093 1230 1183 gurgite:
1256 1091 1325 1174 ille,

255 1215 405 1307 inquam,
420 1213 546 1284 viderit
558 1214 657 1284 cuius
671 1214 796 1310 cymba
809 1237 900 1284 nunc
913 1215 1072 1308 procellis
1086 1191 1216 1305 agitur,
1231 1215 1330 1287 cuius

255 1338 393 1409 navalia
413 1336 637 1408 deseruntur:
660 1337 812 1408 viderint
830 1338 890 1431 qui
910 1338 956 1410 ad
976 1337 1251 1430 gubernaculum
1277 1359 1332 1410 se-

255 1463 348 1533 dent.
370 1461 441 1531 Nos
463 1470 622 1532 vectores
645 1483 776 1546 sumus,
798 1471 888 1532 aestu
910 1463 1073 1554 rapimur,
1088 1464 1236 1533 fortunae
1253 1483 1332 1557 par-

256 1587 375 1678 ticipes
392 1607 462 1655 non
478 1587 600 1676 culpae.
615 1585 712 1654 lllum
730 1606 814 1676 crgo
832 1607 932 1669 nunc,
951 1585 1032 1676 quia
1049 1584 1108 1654 ubi
1127 1587 1251 1656 vellem
1269 1607 1331 1655 ne-

254 1731 354 1801 queo,
369 1707 429 1778 ubi
446 1729 589 1802 possum
603 1727 762 1799 quaerere
779 1717 833 1777 est
850 1707 998 1791 animus,
1016 1708 1118 1778 simul
1135 1730 1176 1778 ac
1191 1729 1332 1802 sparsas

255 1832 408 1904 dulcium
428 1831 592 1922 reliquias
615 1829 820 1910 amicorum3
847 1853 996 1922 cumque
1022 1831 1183 1902 omnibus
1209 1853 1333 1922 supre-

254 1978 349 2025 mum
370 1957 448 2025 vale
470 1954 603 2036 dixero,
623 1951 782 2024 crudeles
800 1963 911 2025 terras
929 1963 965 2024 et
981 1976 1126 2026 avarum
1144 1977 1229 2026 vere
1249 1955 1331 2024 litus

254 2076 419 2168 effugere,
442 2087 548 2168 atque
569 2077 603 2145 in
630 2079 773 2169 praefato
807 2100 888 2148 rure
920 2087 1052 2162 nostra,
1087 2078 1180 2170 quod
1213 2080 1331 2171 procul

254 2198 334 2270 inde
354 2199 550 2292 quindecim
572 2222 740 2295 passuum
760 2199 912 2271 millibus
931 2200 975 2271 ad
995 2203 1200 2295 praeclarum
1217 2177 1257 2273 ao
1275 2221 1330 2272 so-

253 2343 377 2392 norum
399 2323 530 2414 Sorgiae
550 2325 676 2396 fontem
698 2326 791 2409 latet,
815 2325 904 2395 inter
922 2325 1029 2394 silvas
1051 2345 1092 2395 ac
1116 2323 1260 2395 flumina
1278 2324 1331 2394 in-

254 2455 375 2537 terque
396 2445 529 2515 libellos
550 2446 680 2529 varios,
704 2447 765 2539 qui
784 2447 913 2518 ibidem
940 2445 1006 2516 sub
1031 2447 1161 2517 rustico
1186 2446 1331 2517 custode

252 2567 360 2638 vincti
379 2579 414 2660 et
431 2569 523 2638 taciti
540 2568 608 2637 iam
626 2591 682 2638 me
699 2569 964 2660 quadriennium
981 2577 1217 2662 expectarunt,
1236 2569 1331 2660 quod

255 2692 463 2784 superfuerit
494 2691 628 2784 aestatis
656 2691 808 2763 solitaria
833 2691 950 2784 quiete
975 2693 1186 2782 transigere;
1212 2713 1271 2776 ne,
1299 2691 1330 2762 si

253 2796 337 2884 mox
351 2813 499 2904 vestigia
512 2823 593 2883 nota
611 2817 778 2904 relegero,
799 2816 1040 2906 corpusculum
1060 2816 1134 2901 hoc,
1157 2813 1329 2885 continuis

253 2938 333 3008 licet
352 2936 397 3008 ab
414 2937 555 3007 infantia
575 2936 753 3006 laboribus
776 2937 979 3022 exercitum,
1007 2938 1113 3010 nimio
1137 2939 1254 3009 forsan
1274 2959 1330 3008 ar-

253 3059 336 3134 dore
357 3057 548 3142 conficiam;
571 3060 627 3131 cui
647 3081 751 3154 parco
770 3081 839 3130 non
855 3059 901 3132 ob
918 3061 1012 3132 aliud
1028 3061 1096 3132 nisi
1112 3083 1181 3154 quo
1199 3060 1328 3131 diutius

255 3193 435 3274 torqueam
457 3204 496 3253 ac
517 3183 668 3275 fatigem.
690 3182 889 3256 Autumnus
908 3207 962 3256 me
980 3185 1139 3268 revehet,
1159 3193 1198 3254 ut
1214 3204 1325 3276 spero,
1411 3193 1413 3210 '

255 3306 409 3376 simulet
426 3305 557 3376 libellos
577 3307 662 3391 illos,
680 3306 900 3378 bibliothecae
917 3308 1008 3379 italae
1027 3329 1115 3398 quos
1133 3308 1258 3376 inferre
1275 3306 1328 3377 di-

254 3428 384 3523 sposui.
406 3428 521 3500 Habes
539 3439 573 3499 et
589 3428 632 3500 de
652 3431 827 3522 praeterito
844 3430 1017 3501 tarditatis
1035 3451 1123 3500 meae
1139 3451 1274 3512 causas,
1293 3437 1327 3498 et

253 3551 429 3624 defuturo
450 3553 616 3646 propositi
638 3553 705 3622 mei
727 3553 911 3638 summam,
934 3576 977 3624 ne
997 3552 1080 3645 quid
1100 3555 1157 3623 vel
1178 3553 1327 3624 admira-

253 3675 355 3748 tionis
374 3680 429 3748 vel
450 3676 685 3768 ambiguitatis
707 3677 858 3769 obrepat.
881 3677 1061 3770 Reliquum
1087 3686 1142 3748 est
1163 3684 1201 3746 ut
1222 3677 1327 3746 Sena-

253 3799 302 3868 tui
317 3809 444 3886 nostro,
459 3799 515 3870 cui
533 3802 618 3893 quid
638 3799 782 3872 debeam
801 3799 906 3885 nosti,
925 3822 1051 3871 nomen
1068 3823 1183 3871 meum
1206 3799 1326 3870 sedula

253 3921 436 3996 devotione
468 3926 705 3998 commendes:
738 3925 782 3996 ad
814 3926 891 3996 haec
917 3933 953 3996 et
979 3933 1050 3995 tres
1083 3921 1326 4017 compatriotas

252 4053 402 4130 nostros,
417 4049 565 4142 optimos
586 4051 662 4120 illos
683 4048 821 4142 quidem
841 4071 881 4120 ac
898 4047 1160 4142 probatissimos
1182 4045 1323 4127 amicos,

252 4187 409 4257 quorum,
431 4193 650 4263 quocumque
670 4172 776 4255 ierim,
798 4173 917 4241 vultus
930 4191 971 4240 ac
985 4169 1091 4241 verba
1107 4170 1322 4250 circumfero,
