2958 4804
337 367 429 416 crosa
450 361 946 416 oacruosraurrus.-ar1sroua
966 363 1030 413 vru.
1165 349 1219 412 tal

142 503 356 598 exquisitior
372 503 443 576 nou
459 503 560 588 desit,
579 514 615 576 et
633 505 756 576 mutati
773 502 914 576 habitus
932 504 1024 576 nulla
1043 501 1088 576 sit
1103 521 1221 588 causa,

142 626 213 699 nisi
228 627 313 720 quia
333 627 427 720 quod
444 626 594 722 primum
616 625 756 721 placuit,
780 626 928 720 primum
954 625 1083 699 sordet.
1105 626 1224 698 Soluto

142 760 229 822 sunt
249 750 378 844 quibus
402 750 536 844 ligabar
554 751 707 835 vincula,
733 749 912 844 clausique
936 749 1065 844 quibus
1091 753 1224 844 placere

141 871 327 967 cupiebam
346 873 454 955 oculi3
472 884 507 946 et
526 885 618 970 puto,
643 875 674 971 si
694 873 803 968 aperti
823 882 952 958 esseut,
967 871 1070 946 hodie
1085 872 1224 945 solitum

142 997 179 1066 iu
196 1017 255 1067 me
273 995 454 1090 imperium
472 1018 540 1068 nou
561 996 750 1069 haberent:
768 997 855 1068 meis
873 1003 988 1070 aulem
1005 997 1114 1069 oculis
1131 998 1225 1068 nullo

143 1121 251 1191 modo
270 1121 383 1211 magis
403 1120 522 1215 placeb
539 1142 643 1212 quarn
662 1122 796 1192 solutus
814 1142 854 1192 ac
874 1119 972 1191 liber.
990 1119 1080 1204 Quid
1099 1117 1144 1192 da
1162 1120 1226 1192 ha-

144 1242 297 1314 bitaculo
320 1240 493 1313 dixerim?
518 1242 658 1314 Catonis
683 1253 744 1314 aut
767 1242 908 1314 Fabritii
935 1243 1078 1316 domum
1105 1253 1222 1339 putee,

146 1365 205 1437 ubi
230 1385 311 1436 cum
335 1385 421 1436 caue
446 1365 548 1437 unico
572 1378 608 1438 et
633 1365 772 1438 duobus
797 1378 931 1438 tautum
957 1365 1070 1438 servis
1092 1367 1225 1454 habito;

146 1499 294 1562 oaeteros
316 1488 351 1558 in
376 1489 472 1562 ltalia
491 1487 608 1561 dimisi
628 1509 760 1560 omnes.
785 1489 919 1561 Utinam
941 1489 975 1559 in
996 1490 1054 1561 via
1074 1488 1226 1563 dimisis-

148 1611 300 1698 samad
327 1633 382 1682 me
407 1631 584 1704 nunquam
610 1609 799 1696 redituros,
825 1633 912 1685 meae
935 1611 1060 1705 quietis
1088 1611 1225 1684 unicam

148 1735 343 1827 procellam.
357 1731 499 1805 Villicus
517 1743 632 1806 autam
646 1733 844 1826 contiguam
858 1733 963 1806 habet
975 1733 1127 1819 domum,
1142 1734 1227 1806 mihi

150 1877 286 1948 semper
299 1865 440 1948 praesto,
456 1857 539 1928 dum
557 1855 638 1927 usui
653 1865 722 1941 est,
737 1865 773 1926 et
786 1879 830 1928 ue
847 1879 1001 1950 uuquam
1019 1855 1227 1949 obsequium

149 1990 272 2072 vergat
294 1979 331 2049 iu
354 1978 513 2065 taedium,
535 1999 644 2073 parvo
661 1999 745 2050 mox
773 1979 862 2050 ostio
894 1977 1138 2052 secludendus.
1164 1980 1227 2052 Hic

148 2097 231 2170 mihi
254 2099 347 2172 duos
373 2101 529 2173 hortulos
552 2101 703 2194 quaesivi
730 2111 800 2172 tam
820 2101 960 2192 iugenio
980 2099 1227 2193 propositoque

134 2245 226 2328 ¹meo
247 2235 514 2310 consentaneos
542 2236 579 2296 ut
599 2223 682 2294 nihil
703 2224 838 2314 magis:
860 2244 949 2316 quos
976 2223 1007 2294 si
1027 2220 1226 2294 describere

151 2345 344 2438 aggrediar,
369 2348 495 2438 longus
519 2345 611 2419 fiam.
634 2346 673 2416 lu
699 2367 836 2417 summa
866 2344 929 2416 vix
955 2343 1065 2416 simile
1096 2341 1227 2436 aliquid

147 2491 225 2540 reor
245 2467 375 2540 habeat
398 2466 492 2538 orbis
520 2479 706 2550 terrarum;
728 2479 776 2554 et,
800 2466 829 2538 si
850 2468 1031 2538 femineam
1049 2466 1226 2554 levitatem

147 2591 246 2663 lateri
265 2597 413 2682 oportet,
441 2591 510 2662 tale
536 2588 726 2684 quidquam
752 2611 833 2661 esse
859 2598 959 2660 extra
980 2587 1112 2661 ltaliam
1137 2588 1227 2660 iudi-

148 2735 243 2805 gnor.
281 2714 381 2784 Hunc
410 2714 573 2786 Helicona
605 2723 762 2786 nostrum
794 2712 1044 2808 transalpinum
1074 2711 1227 2783 vocitare

147 2837 263 2908 soleo:
289 2844 346 2906 est
370 2834 461 2906 euim
480 2837 548 2906 alte
568 2835 754 2908 umbrosus
774 2835 906 2928 solique
924 2832 1039 2906 studio
1056 2841 1172 2927 aptuS,
1191 2842 1227 2904 et

147 2970 268 3031 nostro
294 2980 392 3031 sacer
416 2958 575 3054 Apollini.
602 2958 665 3031 Hic
695 2958 850 3032 nascenti
876 2958 1008 3051 Sorgiae
1033 2956 1225 3051 impendet,

147 3083 237 3153 ultra
253 3103 358 3174 quem
374 3079 460 3152 nihil
476 3091 532 3154 est
547 3080 613 3153 uisi
635 3105 740 3176 rupes
761 3095 796 3156 et
812 3084 900 3169 avia,
915 3102 1070 3179 prorsus,
1092 3081 1159 3155 uisi
1178 3085 1195 3154 l
1212 3125 1228 3134 -

147 3204 195 3277 ris
213 3213 274 3276 aut
291 3202 505 3289 volucribus,
529 3205 718 3278 inaccessa.
742 3204 837 3279 Alter
858 3207 976 3280 domui
996 3207 1176 3302 proximus
1193 3214 1228 3276 et

148 3337 291 3424 aspectu
307 3328 429 3400 cultior
442 3336 478 3398 et
490 3327 637 3400 dilectus
655 3339 711 3402 est
726 3329 879 3412 Bromio;
893 3329 957 3413 hic,
972 3329 1098 3400 mirum
1113 3329 1223 3401 dictu!

148 3451 359 3545 rapidissimi
385 3473 426 3522 ac
449 3451 670 3546 pulcherrimi
695 3451 806 3524 amuis
831 3452 867 3520 iu
893 3451 1007 3522 medio
1033 3459 1103 3521 est:
1129 3449 1228 3520 iuxta

150 3595 254 3666 quem
283 3572 384 3643 brevi
410 3583 542 3646 tautum
570 3585 672 3667 ponte
697 3573 870 3645 disiuncta
893 3571 1014 3644 ultima
1041 3571 1166 3642 domus
1192 3569 1228 3639 in

150 3703 259 3788 parte,
283 3672 428 3768 teutudo
448 3697 541 3768 vivis
561 3718 608 3767 ex
627 3695 799 3789 lapidibus
821 3705 965 3766 curvata
988 3692 1224 3786 suspenditur,

149 3837 230 3910 quae
254 3841 347 3890 nunc
371 3822 459 3892 coelo
484 3819 628 3892 ardente
654 3818 774 3890 sentiri
799 3829 895 3890 vetat
919 3827 1086 3889 aestatom.
1113 3815 1226 3886 Locus

150 3942 285 4035 estqui
305 3941 350 4014 ad
372 3939 524 4015 studium
545 3941 729 4024 accendat3
751 3933 981 4032 augurmque,
997 3961 1065 4010 nou
1084 3936 1226 4010 absimi-

150 4061 191 4134 lis
217 4063 339 4136 atriolo
363 4064 422 4136 illo
448 4063 506 4134 ubi
530 4062 726 4137 declamare
753 4062 874 4135 solitus
901 4074 976 4135 erat
1001 4060 1133 4144 Cicero,
1160 4057 1226 4130 nisi

151 4187 244 4279 quod
268 4189 352 4261 illud
373 4189 670 4282 praeterlabentem
692 4187 848 4280 Sergiam
870 4211 939 4263 uon
964 4186 1124 4260 habebat.
1154 4184 1226 4257 Sub
