2988 4800
403 369 495 418 uranu
515 367 703 420 uunucruus.
716 369 918 418 -arrsroun
940 371 991 419 vu.
1174 357 1232 420 tat

142 509 225 584 fide
255 529 326 581 non
357 507 551 600 agnoverit,
574 507 723 578 testibus
753 529 793 580 ac
822 505 1061 602 chirographis
1091 509 1234 580 convin-

141 633 299 706 cendus.
322 632 374 702 Ne
394 642 507 704 autem
529 628 703 725 pessimus
723 629 758 699 in
779 629 895 702 dubiis
921 651 1033 723 augur
1059 631 1103 702 de
1127 631 1234 704 nihilo

143 755 306 828 finxisse
327 766 458 826 metum
476 775 636 840 censear,
658 763 693 824 et
713 752 909 825 recentibus
927 756 1097 826 malorum
1114 777 1235 828 exem-

145 880 222 974 plis
259 892 296 950 et
333 877 536 950 auctoritate
572 875 670 947 Plinii
706 876 808 969 longe
841 875 1023 949 clarissimi
1058 877 1235 971 scriptoris

147 1000 441 1086 excuser-,cuius
459 1023 502 1072 ne
523 1010 679 1072 mutasse
697 999 900 1072 sententiam
924 1001 1027 1085 dicar,
1051 1001 1096 1072 ad
1116 1012 1235 1074 coute-

149 1136 259 1199 xtum
280 1124 390 1198 verba
411 1122 589 1196 subtexui:
609 1123 679 1194 Nec
700 1145 791 1210 uero,
811 1122 933 1217 iuquit,
951 1125 1095 1218 simplem
1112 1126 1235 1196 uuum

152 1261 217 1320 nal
236 1251 276 1320 in
297 1249 368 1344 ipso
385 1259 513 1319 lantum
529 1257 622 1318 motu
633 1248 818 1340 pericttlum
835 1259 894 1332 est,
913 1245 970 1318 scd
983 1270 1049 1342 pau·
1059 1259 1118 1318 aut
1130 1253 1236 1320 malus

155 1384 331 1444 ostentum.
367 1369 546 1465 Nunquam
569 1373 647 1442 urbs
672 1370 778 1442 noun
804 1373 936 1442 tremuit
962 1383 999 1442 ut
1032 1393 1099 1442 non
1130 1375 1239 1462 saturi

158 1506 299 1569 wentae
312 1495 452 1565 alicuius
463 1493 499 1567 id
506 1495 741 1588 prenuncians
758 1505 848 1569 esset.
863 1495 946 1565 llaec
958 1493 1024 1564 ille.
1039 1495 1138 1566 Nunc
1152 1515 1236 1566 vero

159 1622 245 1714 quid
279 1629 412 1692 taceam
442 1628 502 1689 aut
531 1617 616 1711 quid
652 1617 788 1690 dicam‘l
829 1617 879 1688 Ita
913 1638 979 1710 ego
1013 1628 1046 1689 te
1080 1619 1236 1711 alloquor

157 1743 261 1838 quasi
281 1764 388 1814 unum
408 1739 596 1835 quemlibet
611 1763 658 1812 ex
674 1739 873 1812 bominibus
890 1741 1018 1814 nostris
1036 1738 1238 1835 Rempubli-

159 1886 236 1937 eam
257 1863 486 1936 vehementer
506 1861 713 1935 amantibus.
731 1861 820 1934 Nam
837 1863 921 1956 quid
939 1865 1044 1935 refert
1061 1862 1154 1935 unde
1171 1862 1237 1936 du·

160 2009 218 2062 cas
240 1987 425 2079 originem3
447 1986 599 2058 animum
620 1985 732 2079 magis
753 1986 901 2072 intueor,
923 2007 1027 2080 quem
1048 1987 1151 2080 plane
1170 1987 1235 2061 ita·

159 2110 266 2196 licum
286 2119 406 2182 nostra
426 2109 506 2180 lecit
525 2107 685 2180 amicitia.
703 2109 934 2193 Quamobrem
953 2107 1088 2202 applica
1108 2129 1239 2193 aurern,

158 2233 206 2304 mi
227 2234 401 2304 Socrates.
424 2234 474 2303 De
495 2253 631 2304 summo
651 2230 862 2323 Reipublicae
881 2241 972 2302 statu
989 2230 1093 2304 valde
1110 2230 1238 2303 auxius

161 2377 255 2441 sum,
282 2363 318 2426 et
339 2364 465 2426 moesta
490 2354 574 2424 mibi
598 2353 773 2450 praesagia
798 2377 866 2426 uon
893 2364 963 2426 tam
988 2355 1239 2448 numnquam

160 2480 268 2551 totius
283 2479 407 2562 ltaliae,
426 2499 539 2569 neque
557 2487 626 2550 tarn
645 2489 814 2550 terrarum
831 2501 935 2573 quam
953 2479 1147 2551 animorum
1166 2499 1240 2550 mo

161 2613 218 2674 tus
240 2600 422 2672 incutiunt.
444 2600 488 2672 Et
512 2623 589 2672 com
615 2602 723 2673 multa
749 2624 804 2672 me
831 2612 1000 2688 terreant,
1036 2612 1107 2674 tum
1136 2612 1239 2702 vetus

162 2725 248 2798 illud
269 2723 468 2795 vaticinium
491 2734 585 2796 tauto
606 2702 685 2796 ante
705 2725 878 2798 conditam
911 2725 1042 2810 urbem,
1070 2748 1139 2798 non
1163 2725 1240 2819 qui-

162 2846 329 2930 buslibet,
348 2847 411 2918 sed
432 2843 540 2918 sacris
560 2848 729 2918 insertum
747 2846 885 2932 litteris,
900 2847 994 2938 quod
1014 2845 1072 2918 ubi
1089 2845 1238 2941 primum

164 2970 254 3062 legi,
277 2971 398 3055 fateor,
421 2971 487 3042 etsi
509 2971 728 3042 saecularium
750 2971 939 3042 litterarum
961 2980 1042 3065 typo
1063 2965 1238 3061 turgiduS,

165 3103 270 3188 atque
308 3091 442 3164 illarum
480 3093 648 3180 insolenS,
682 3092 849 3165 exhorrui
886 3102 1003 3166 tamen
1037 3103 1073 3165 et
1104 3091 1241 3186 gelidus

165 3215 256 3287 cirea
276 3215 469 3310 praecordia
490 3216 634 3309 sanguis
656 3217 759 3288 stetit.
781 3216 844 3288 Est
864 3225 977 3288 autem
999 3219 1139 3288 Balaam
1159 3237 1241 3312 pro-

166 3339 295 3433 phetiae
316 3340 447 3411 ultimae
467 3339 697 3412 novissimum
718 3338 881 3425 verbum,
900 3340 1010 3433 quod,
1032 3349 1072 3412 ut
1087 3339 1239 3412 laborem

167 3465 223 3536 tibi
250 3465 407 3536 auferam
440 3463 627 3536 evolvendi
651 3463 792 3549 librum,
818 3463 1051 3556 praesentibus
1080 3465 1240 3536 inseram.

167 3589 216 3660 lta
237 3587 344 3680 igitur
365 3588 530 3683 scriptum
551 3597 625 3660 est:
652 3588 790 3660 Venient
814 3589 1023 3660 incitatius
1055 3586 1094 3657 de
1126 3588 1240 3673 Italia,

165 3714 367 3805 superabunt
384 3709 548 3803 Assyrios,
570 3713 807 3802 vastabuntque
832 3711 998 3800 Hebraeos,
1021 3722 1052 3780 et
1070 3709 1113 3780 ad
1132 3720 1243 3780 eatre-

165 3859 255 3906 mum
277 3837 377 3906 etiarn
397 3837 462 3928 ipsi
484 3837 649 3928 peribunt.
685 3835 852 3920 Quamvis
886 3836 951 3906 boc
977 3834 1180 3928 iampridem
1206 3831 1242 3904 iu

166 3959 312 4032 Romani
338 3959 472 4052 imperii
505 3959 604 4032 ruina
637 3959 750 4032 videri
784 3958 894 4053 possit
925 3959 1115 4052 impletum,
1138 3963 1243 4050 atque

165 4084 298 4156 utinam
320 4105 389 4155 non
412 4082 467 4154 hic
492 4083 588 4155 urbis
616 4093 744 4156 tremor
767 4081 869 4152 aliam
891 4079 986 4176 pacis
1011 4091 1046 4152 et
1075 4079 1242 4152 libertatis

166 4208 308 4280 nunciet
328 4205 474 4278 ruinam.
501 4207 551 4277 Tu
578 4229 664 4280 vero
687 4229 763 4280 eam
792 4203 930 4278 virtutis
963 4226 1004 4276 ac
1037 4203 1242 4278 constantia
1330 4269 1333 4276 .
