3002 4794
440 340 532 388 urana
553 339 666 390 nonus.
679 340 882 390 —nrrsronn
903 341 942 388 ιν.
1188 327 1222 387 ll

144 482 296 576 pitiaque
319 479 485 574 cupidine
506 489 602 564 eant,
621 481 699 574 quis
720 481 775 551 ille
802 489 857 551 est
886 489 1003 552 tamen
1024 481 1087 550 zeli
1114 481 1226 567 ardor,

144 605 203 698 qui
221 603 464 696 suspicionum
484 603 610 689 aculei,
633 623 714 698 quae
734 605 769 674 in
788 601 864 674 dies
878 611 914 674 et
927 603 962 674 in
974 603 1081 675 horas
1095 602 1228 696 inquie-

148 727 230 798 tudo
249 725 375 810 animi,
397 733 433 796 et
453 727 487 796 in
513 747 622 818 regno
647 725 774 797 amoris
800 725 894 819 pacis
920 747 961 796 ac
985 725 1066 796 belli
1091 724 1230 796 vicissi-

149 850 230 921 tudo
242 849 478 921 creberrima‘l
497 850 584 934 Quae
610 850 772 943 quoniam
794 873 861 922 usu
880 849 1034 945 pessimo
1054 849 1122 919 iam
1140 850 1230 920 inter

150 971 317 1043 nobilium
329 970 473 1042 delicias
490 979 732 1057 numerantur,
747 991 908 1065 quaenam
922 970 1064 1043 demum
1076 969 1133 1039 illa
1147 991 1232 1062 sup·

151 1094 252 1189 plicia
271 1114 351 1188 quae
370 1093 584 1166 dissimulari
605 1093 723 1188 ntique
738 1103 931 1188 nequeunt,
946 1116 1038 1165 nnnc
1050 1115 1071 1165 a
1083 1091 1229 1186 publicis

150 1215 299 1300 iudiciis,
327 1238 420 1287 nunc
444 1237 465 1286 a
489 1217 636 1310 privatis
666 1219 842 1290 furoribus
868 1219 1094 1291 maritorum?
1117 1218 1230 1302 Quam

149 1339 267 1412 multis
286 1340 380 1409 enim
402 1349 540 1432 sperata
559 1340 616 1412 illa
636 1363 708 1412 nox
721 1340 897 1435 insperato
909 1341 974 1412 luit
988 1341 1120 1413 ultima!
1137 1339 1231 1423 Quo-

150 1463 239 1536 tiens
261 1463 462 1536 audivimus
482 1472 543 1534 aut
560 1462 710 1534 vidimus
731 1463 801 1534 heu
820 1465 927 1535 nimio
946 1472 1106 1536 constare
1130 1463 1232 1534 lasci-

150 1588 253 1673 viam,
273 1609 314 1659 ac
334 1588 455 1659 dulces
472 1587 656 1681 amplexus
674 1585 802 1660 amaris
820 1587 1023 1660 vulneribus
1037 1587 1241 1680 resolutosl

151 1712 259 1784 Cuius
280 1711 332 1782 rei
352 1711 514 1805 exempla
535 1709 566 1780 si
582 1709 744 1802 colligere
765 1710 882 1794 velim,
904 1730 1025 1781 omnes
1053 1707 1138 1780 mihi
1162 1731 1231 1780 non

151 1834 308 1906 historiae
329 1843 461 1905 tantum
483 1833 548 1906 sed
567 1841 603 1902 et
619 1833 688 1904 vici
708 1844 744 1904 et
768 1833 895 1904 domus
920 1832 1094 1905 ambiendi
1118 1843 1229 1904 erunt.

152 1956 266 2027 Unum
287 1957 441 2028 omnium
463 1961 533 2027 tam
554 1965 732 2028 recenset
756 1966 827 2028 tam
851 1959 984 2028 clarum
1008 1977 1089 2028 esse
1114 1957 1229 2040 doleo,

153 2080 249 2172 quod
268 2078 424 2164 abunde,
446 2079 606 2171 quamvis
628 2087 663 2150 et
679 2090 801 2151 vetera
821 2089 856 2150 et
874 2099 966 2150 nova
978 2089 1164 2161 cessarent,
1178 2080 1230 2147 in-

155 2202 268 2294 signis
285 2200 495 2294 gravissimo
515 2200 581 2272 viri
601 2219 830 2272 casuomnes
855 2223 897 2274 eo
922 2202 1007 2272 calle
1034 2199 1230 2292 gradientes

156 2324 327 2398 terruisse
343 2323 520 2396 debuerit:
540 2345 611 2418 quo
627 2332 757 2395 eventu
775 2333 810 2395 et
825 2323 900 2395 eius
914 2323 973 2416 qui
987 2344 1050 2395 nos
1063 2322 1232 2394 dilexerat

156 2449 319 2520 miseram
343 2458 450 2541 atque
475 2447 652 2540 indignam
679 2455 822 2533 sortem,
856 2446 1077 2539 inustamque
1102 2444 1233 2517 militie

154 2571 244 2643 hanc
263 2573 449 2652 maculam,
471 2577 507 2640 et
531 2569 750 2663 irreparabile
775 2568 940 2641 damnum
966 2568 1153 2641 amicorum
1180 2570 1233 2638 lu-

156 2715 235 2786 ge03
258 2693 501 2788 superomnia
521 2703 635 2764 tamen
656 2691 874 2764 indelebilem
900 2700 935 2795 et
955 2702 1121 2763 aeternam
1146 2689 1199 2761 inl
1216 2731 1233 2744 —

155 2819 260 2889 miam
279 2817 348 2889 viri
365 2817 456 2901 talis,
476 2816 623 2910 quinon
642 2815 745 2886 modo
765 2815 870 2887 avide
889 2824 925 2885 et
940 2813 1115 2899 ardenter,
1139 2815 1234 2907 quod

156 2961 339 3012 commune
359 2948 414 3010 est
433 2938 588 3010 omnium
605 2937 813 3025 amantium,
836 2937 900 3011 sed
920 2957 1010 3009 caece
1034 2934 1178 3032 prorsus
1198 2946 1234 3007 et

157 3073 324 3147 amenter,
346 3063 451 3133 homo
470 3061 624 3156 alioquin
644 3083 714 3134 non
733 3061 950 3155 imprudens
973 3061 1018 3132 ad
1038 3071 1160 3132 nutum
1184 3061 1234 3132 le-

158 3186 271 3271 minae,
293 3193 343 3270 et,
367 3183 462 3278 quod
478 3184 589 3276 magis
608 3182 781 3276 indignor,
795 3183 871 3254 eius
892 3183 1032 3254 feminae
1048 3182 1149 3254 cuius
1165 3203 1234 3252 non

161 3305 225 3378 sibi
241 3309 421 3404 proprium
442 3316 537 3380 esset
553 3305 775 3400 obsequium,
795 3305 860 3377 sed
872 3327 1054 3378 commune
1066 3327 1145 3376 cnm
1158 3307 1234 3400 plu-

161 3429 268 3515 ribus,
289 3452 354 3502 nec
374 3451 472 3502 amor
491 3450 606 3501 novus
627 3438 737 3512 esset,
761 3428 825 3501 sed
841 3428 1020 3522 antiquum
1039 3428 1155 3502 iamai
1173 3449 1234 3520 pa·

160 3563 251 3626 reret
268 3577 316 3626 ex
337 3555 502 3626 societate
521 3551 710 3638 fastidium,
730 3551 851 3623 infelix
862 3562 969 3624 vento
983 3551 1104 3635 levior,
1118 3559 1154 3621 et
1165 3571 1233 3620 non

161 3681 278 3752 saltem
308 3678 402 3751 venti
430 3697 579 3761 mernor,
602 3677 661 3770 qui
685 3697 751 3748 nec
779 3673 907 3746 intrare
940 3674 1080 3766 quidem
1111 3671 1232 3742 solitus

160 3805 279 3887 lertur,
301 3801 396 3872 unde
417 3823 485 3871 non
504 3798 616 3892 possit
640 3798 752 3881 exire;
786 3797 822 3867 in
849 3817 910 3868 eas
941 3816 1020 3866 sese
1052 3793 1232 3885 angustias

160 3924 352 4008 intruserit,
375 3922 435 3995 ubi
456 3943 520 3992 nec
539 3919 750 3992 defensionis
767 3918 877 4012 copia,
897 3938 961 3987 nec
974 3916 1115 3988 libertas
1128 3917 1230 4008 fugae,

162 4071 221 4122 nec
237 4047 374 4120 decorae
392 4044 531 4119 tandem
544 4043 664 4116 mortis
681 4043 749 4112 ulla
760 4049 856 4112 esset
869 4040 1017 4113 occasio.
1032 4042 1151 4134 ltaque
1163 4061 1233 4111 non

161 4171 301 4244 inermis
321 4169 438 4253 modo,
461 4167 525 4240 sed
544 4166 669 4249 nudus,
690 4163 752 4236 irae
772 4163 929 4256 coniugis
952 4164 1090 4238 victima
1109 4162 1231 4254 ingens
