3078 4798
412 387 505 434 nrunn
527 385 1025 444 oururusnsoruus.-ua1sroul
1046 388 1088 436 ur.
1229 377 1287 437 3t5

207 539 271 596 uec
291 521 503 615 assequendi
522 521 622 616 copia
641 529 749 605 esset,
770 533 806 592 et
825 542 905 594 ecoe
926 521 1041 593 subito
1062 541 1205 595 reversa
1232 545 1287 594 se·

205 643 350 728 renitaS,
369 663 450 736 quae
470 641 591 715 multis
617 643 685 714 ium
712 642 892 715 mensibus
916 643 1035 727 durat,
1062 644 1180 716 multis
1207 656 1286 718 ante

204 767 397 838 duraverat
416 775 452 837 et
471 766 639 837 duratura
659 763 811 844 videtur.
835 764 870 836 ni
890 772 1010 837 rector'
1025 765 1180 838 siderum
1204 787 1287 839 eon-

206 889 321 960 silium
344 897 468 974 mutet,
492 888 579 971 sive,
602 886 684 980 quia
703 886 886 959 consilium
905 887 1042 960 Domini
1063 887 1097 957 in
1117 897 1285 960 mternum

204 1021 337 1095 manet,
358 1011 461 1083 novis
482 1009 577 1082 aliud
596 1007 759 1081 ostendat
779 1008 970 1082 effectibus.
990 1010 1111 1102 ltaque
1128 1033 1198 1103 quo
1215 1032 1288 1083 mu·

206 1132 261 1223 gis
281 1132 409 1224 cogito,
435 1151 479 1203 eo
503 1130 617 1223 magis
650 1130 685 1201 iu
717 1140 870 1204 mentem
892 1132 1000 1216 venit,
1032 1135 1106 1204 Deo
1125 1133 1287 1206 humanis
1334 1201 1341 1210 ,
1403 1143 1410 1156 ·

205 1253 369 1347 periculis
388 1262 607 1341 occurrente,
631 1254 857 1328 terrestribus
874 1266 980 1348 atque
996 1256 1198 1328 crelestibus
1224 1257 1288 1327 im·

205 1376 412 1468 pedimentis
431 1377 616 1448 lraenatum
636 1379 724 1449 forto
743 1377 958 1450 desiderium
978 1399 1108 1464 meum,
1131 1380 1226 1472 quod
1251 1380 1286 1451 in

205 1499 337 1572 ltaliam
359 1521 414 1572 me
434 1498 605 1572 trahebat.
626 1501 734 1572 Nobis
756 1522 880 1594 nempe
899 1521 981 1594 quae
1005 1501 1167 1595 cupimus
1188 1511 1286 1594 grata

206 1632 353 1707 tantum,
375 1624 447 1694 Deo
465 1622 569 1696 etiam
590 1633 671 1696 note
693 1633 785 1696 sunt.
804 1623 894 1710 Quid
916 1623 951 1694 ni
972 1632 1088 1696 autem
1109 1623 1189 1697 ideo
1213 1622 1288 1716 opi-

205 1766 271 1816 ner
291 1747 394 1816 talem
415 1745 465 1817 uti
490 1748 625 1841 patrum
653 1747 820 1818 memorie
846 1767 1023 1840 nunquam
1050 1746 1114 1818 fuit
1139 1746 1286 1819 imbrem

205 1865 273 1938 hoc
293 1887 384 1938 anno
409 1867 550 1940 unicum
576 1868 611 1936 in
638 1867 731 1942 illum
759 1867 865 1950 diem,
899 1878 935 1962 et
967 1867 1002 1938 in
1035 1867 1148 1960 ipsam
1169 1866 1285 1940 abitus

205 1989 275 2059 mei
292 1987 413 2060 horam
431 1989 618 2060 incidisse?
635 1989 690 2061 Sic
707 2011 792 2081 ergo
808 1989 982 2061 cohibitus
999 1988 1043 2060 ad
1061 1991 1189 2062 fontem
1208 1992 1287 2062 Sor-

206 2110 275 2202 giae
300 2110 426 2183 diebus
452 2111 572 2202 paucis
597 2119 782 2205 postquam
809 2111 891 2184 inde
914 2110 1146 2183 discesseram
1168 2134 1287 2184 rever-

206 2241 270 2305 tor.
297 2236 372 2306 lluc
403 2234 607 2327 priusquam
640 2232 694 2304 his
728 2243 792 2303 iter
824 2233 1034 2304 immensum
1069 2235 1174 2303 velox
1207 2235 1288 2304 luna

205 2365 401 2450 perageret,
438 2375 528 2424 unus
556 2375 576 2424 e
611 2354 729 2447 pueris
750 2374 838 2447 quos
864 2353 1069 2448 praemissos
1090 2352 1219 2426 audisti
1244 2354 1287 2426 ad

205 2501 262 2551 me
277 2476 392 2562 rediit,
407 2488 442 2548 et
455 2476 553 2561 heus,
567 2464 693 2570 iuquit,
705 2476 791 2570 quid
804 2477 959 2549 moliris?
970 2478 1060 2548 Dum
1076 2477 1286 2573 Charybdim

203 2602 298 2693 fugis
319 2621 457 2695 proram
483 2599 559 2691 agis
591 2599 627 2668 in
661 2601 820 2695 Scyllam.
844 2600 958 2672 Curiae
983 2621 1087 2672 ouras
1112 2600 1288 2673 horrescis

205 2746 271 2796 neo
287 2723 473 2806 immerit03
492 2721 608 2794 nescis
625 2731 741 2794 eutem
759 2743 841 2814 quae
858 2731 892 2794 te
908 2743 1071 2794 curarum
1088 2725 1198 2794 moles
1215 2745 1289 2796 ma-

205 2854 287 2917 neat
307 2845 335 2916 si
357 2845 481 2940 pedem
501 2845 535 2915 in
554 2845 651 2917 ltalia
667 2844 842 2938 posueris;
864 2865 952 2937 quos
973 2843 1108 2916 reditus
1129 2844 1178 2915 tui
1198 2846 1288 2917 fama
1373 2911 1380 2921 ,

206 2969 274 3038 iam
295 2990 388 3039 nuno
407 2965 597 3038 amicorum
620 2973 750 3038 cuneos
784 2967 949 3050 erexerit,
985 2975 1071 3059 quot
1101 2966 1135 3036 in
1169 2974 1287 3058 partes

206 3088 456 3160 distrahendus
488 3089 625 3161 animus
656 3109 761 3182 quem
793 3090 955 3180 colligere
982 3089 1176 3173 meditaris,
1203 3099 1288 3182 quot

206 3211 274 3284 etsi
305 3233 373 3283 non
406 3210 477 3282 tuis
507 3222 600 3283 certe
630 3221 767 3283 tuorum
797 3210 945 3303 negotiis
974 3213 1194 3284 aestunndum
1226 3212 1285 3296 sit,

206 3343 445 3428 quantumque
470 3332 688 3426 perdendum
716 3334 881 3427 temporis
905 3333 1005 3406 euius
1032 3334 1204 3405 modicum
1226 3335 1287 3406 hu·

206 3454 268 3526 bes
297 3475 407 3547 egens
428 3457 550 3542 multo,
574 3455 658 3549 quid
683 3457 881 3548 patiendum
905 3455 965 3528 tibi
987 3457 1223 3528 molestiarum
1252 3466 1288 3526 ut

207 3579 395 3649 multorum
408 3578 596 3650 desideriis
616 3577 772 3652 satisfiat
791 3581 875 3652 Haec
891 3597 970 3652 cum
988 3578 1288 3674 perfunctoriodi-

206 3698 332 3784 xisset,
356 3700 492 3792 singula
524 3700 710 3793 diligenter
741 3701 920 3796 explicuit,
955 3702 1106 3772 rationes
1128 3699 1287 3772 'afferens

208 3822 281 3892 sole
300 3822 501 3907 lucidiores,
520 3825 630 3894 multu
646 3823 750 3895 etium
769 3822 902 3896 addidit
921 3821 1165 3896 committenda
1183 3823 1288 3893 silen-

208 3941 265 4011 tio.
287 3942 379 4026 Quid
399 3951 434 4014 te
455 3947 594 4014 moror‘l
614 3943 690 4014 Non
712 3944 898 4042 serviliter,
934 3944 998 4016 sed
1030 3942 1284 4037 philosophice,

208 4065 272 4136 sed
297 4064 416 4138 divine
447 4065 542 4158 loqui
575 4064 675 4137 visus
708 4074 763 4136 est
795 4067 890 4138 mihi.
913 4069 1032 4161 ltaque
1054 4087 1190 4138 mecum
1213 4067 1287 4138 vol-

207 4205 296 4258 vens
317 4208 358 4258 ac
378 4189 487 4259 multa
509 4188 718 4279 recogitans,
738 4198 773 4259 et
790 4186 848 4260 uhi
870 4199 1006 4283 portum
1028 4211 1109 4260 esse
1129 4186 1288 4262 credide-
