3002 4794
272 319 309 379 16
602 333 642 380 nn
664 333 764 381 nunus
786 333 1006 382 rrurnrmuuus

188 573 190 579 ι
270 487 334 563 est,
357 485 393 548 et
417 498 486 547 non
511 477 656 572 impuris
681 477 899 549 adulatorum
925 477 1063 549 flatibus
1087 483 1235 566 evanuit,
1254 485 1341 554 lacta

270 621 348 671 mea
368 623 447 672 cum
468 601 604 672 illorum
628 601 748 672 verbis
773 603 927 672 conferre
953 600 1135 673 debueras.
1157 603 1192 674 Si
1217 606 1343 676 nullius

254 715 347 794 ‘lacti
368 732 428 794 aut
444 722 526 794 dicti
547 725 614 794 mei
631 725 801 817 asperitas
822 734 998 819 appareat,
1021 726 1114 796 nulla
1139 727 1259 798 lrontis
1284 750 1345 799 ne-

271 844 351 917 bula
373 845 502 917 turbati
522 845 626 916 animi
646 845 784 938 signum
805 848 970 939 proferat,
993 848 1078 939 quid
1099 849 1147 920 ita
1166 849 1344 921 vaticinari

268 967 417 1041 delectat
435 969 535 1040 cuius
553 968 715 1039 contrarii
738 979 927 1040 comuntur
947 970 1114 1043 effectus?
1137 993 1194 1042 me
1220 972 1347 1044 scilicet

268 1094 405 1165 hostem
426 1091 487 1163 tibi
503 1091 559 1162 cui
579 1091 712 1162 amicus
733 1112 813 1163 esse
835 1093 953 1177 velim,
981 1104 1030 1176 et,
1067 1095 1096 1163 si
1125 1117 1217 1165 unus
1249 1117 1347 1166 amor

268 1213 452 1287 amicilram
472 1213 643 1310 perficiat,
667 1213 732 1286 sim
749 1215 906 1285 amicus?
919 1214 1040 1284 Omnia
1053 1215 1205 1308 peiorem
1219 1217 1254 1285 in
1266 1237 1347 1311 par-

270 1350 336 1411 tem
353 1341 467 1410 malus
490 1321 594 1409 trabit
620 1337 800 1431 interpres.
823 1339 874 1408 Tu
895 1348 1009 1409 autem
1031 1337 1110 1409 talis
1131 1339 1194 1421 vir,
1209 1338 1276 1409 hac
1289 1361 1347 1410 sa-

267 1463 403 1556 pientia,
426 1463 492 1532 hac
512 1470 625 1545 aetate,
648 1485 711 1532 cur
737 1460 837 1532 alteri
858 1461 1097 1555 potiusquam
1128 1461 1190 1533 tibi
1218 1463 1262 1534 de
1290 1485 1346 1533 me

178 1677 184 1682 ,
268 1585 406 1656 credis‘l
427 1584 565 1670 Claude,
587 1607 720 1678 precor,
744 1607 865 1656 aurem
885 1584 1148 1668 susurronibus,
1176 1585 1368 1654 animum-¹

222 1750 224 1762 ·
267 1729 336 1799 quo
356 1716 454 1778 tuum
475 1706 510 1777 in
541 1709 676 1778 silentio
697 1707 741 1778 de
762 1707 868 1778 rebus
898 1709 985 1780 meis
1017 1707 1201 1799 interroga.
1231 1707 1264 1776 ls
1290 1727 1346 1776 me

268 1828 406 1900 hostem
424 1839 521 1901 tuum
542 1830 699 1922 negabit,
721 1831 940 1924 amicumque
952 1829 1126 1916 fatebitur,
1140 1829 1216 1901 illos
1229 1838 1345 1901 autem

268 1973 373 2025 veros
393 1954 524 2039 hostes,
548 1954 607 2047 qui
627 1955 726 2026 virus
744 1955 985 2027 absconditum
1003 1963 1038 2024 et
1057 1957 1103 2025 lel
1134 1956 1236 2025 mello
1266 1975 1347 2057 per-

268 2075 416 2147 mixtum
439 2075 506 2147 sub
523 2075 622 2148 labiis
649 2087 789 2170 gerunt,
817 2100 886 2170 quo
911 2077 1014 2149 modo
1040 2097 1248 2168 generosam
1273 2076 1347 2145 ani-

268 2221 359 2270 mam
381 2201 527 2271 latenter
548 2197 701 2270 inliciant
720 2192 761 2271 et
775 2201 978 2296 praeolaram
996 2202 1121 2294 lamam
1138 2198 1254 2268 infami
1266 2220 1347 2270 ver-

268 2321 391 2393 borum
412 2321 581 2393 veneficio
601 2323 812 2407 decolorent,
827 2346 896 2394 non
909 2323 984 2394 sine
998 2323 1225 2393 amicitiarum
1237 2320 1346 2393 iactu-

267 2467 321 2530 ra,
344 2467 413 2536 qua
434 2445 496 2514 vix
517 2444 584 2516 alia
604 2444 777 2515 nobilibus
804 2445 927 2513 animis
953 2444 1062 2513 maior
1088 2443 1142 2512 sit.
1170 2443 1240 2514 Sed
1266 2465 1345 2514 cum

266 2566 333 2637 illis
353 2566 439 2636 mibi
459 2565 544 2635 nibil
562 2565 691 2654 negotii
711 2587 792 2636 esse
813 2574 941 2656 potest,
963 2585 1112 2657 quorum
1133 2584 1235 2656 aeque
1251 2565 1347 2654 cogi-

176 2775 177 2780 *
266 2697 360 2760 tatus
375 2697 543 2781 actusque
559 2697 595 2756 et
610 2687 720 2758 verba
740 2687 903 2781 despicio.
923 2689 1064 2772 Tecum,
1085 2695 1191 2779 pater,
1209 2695 1249 2756 ut
1260 2687 1343 2772 dixi,

267 2822 380 2884 tecum
399 2812 506 2903 litigo,
529 2819 623 2882 certe
644 2810 711 2881 sub
731 2810 844 2882 iudice
868 2832 939 2880 non
961 2820 1137 2904 suspecto,
1160 2820 1346 2903 qnantum-

266 2933 349 3005 libot
368 2935 442 3029 ipse
464 2944 649 3029 suspectus
672 2933 748 3005 sim.
772 2934 884 3004 Unum
910 2942 943 3004 tc
976 2955 1084 3018 reum,
1102 2923 1237 3017 testem,
1256 2933 1345 3004 iudi-

267 3079 412 3150 cemque
429 3057 616 3140 constitum
639 3068 758 3128 contra
774 3077 913 3149 quoque
935 3078 989 3127 me
1015 3077 1125 3140 reum,
1161 3067 1195 3127 te
1221 3055 1345 3126 eodem

265 3191 364 3266 teste,
380 3192 413 3252 te
427 3183 550 3254 iudice.
571 3183 628 3254 Sic
648 3183 781 3254 actione
803 3182 981 3274 reciproca
1000 3204 1065 3252 nec
1082 3190 1213 3253 mutato
1230 3179 1345 3252 iudice

266 3323 322 3372 ros
348 3312 480 3394 agetur.
499 3305 545 3374 Et
565 3327 631 3396 ego
651 3303 804 3397 quidem,
827 3311 865 3372 ut
889 3301 958 3373 iam
983 3302 1065 3374 hinc
1090 3303 1267 3395 expediar,
1283 3304 1346 3375 ad-

266 3445 393 3496 versus
414 3435 446 3497 te
466 3425 550 3496 nihil
570 3427 695 3510 habeo,
718 3435 844 3520 praeter
863 3423 1068 3519 suspicionis
1081 3425 1256 3508 iniuriam,
1276 3449 1344 3518 qua

266 3548 495 3621 innocentiam
517 3572 627 3621 meam
649 3550 789 3645 premis.
812 3550 862 3619 Tu
883 3549 1057 3620 adversus
1077 3571 1133 3620 me
1153 3552 1262 3620 multa
1274 3550 1344 3618 for-

250 3693 331 3742 ·san
352 3681 387 3743 et
406 3672 537 3764 gravia,
553 3673 583 3744 si
603 3673 826 3769 stipatoribus
844 3671 912 3743 tuis
930 3671 1053 3744 credis.
1075 3671 1119 3741 At
1141 3672 1168 3741 si
1188 3668 1246 3737 tibi
1267 3690 1344 3740 cre-

266 3793 408 3879 dideris,
430 3795 514 3865 nihil
531 3817 684 3888 prorsus,
704 3806 851 3889 utputo.
874 3795 910 3866 Si
930 3794 1085 3867 absolvis
1098 3792 1216 3883 igitur,
1230 3790 1343 3863 habeo

267 3916 360 4005 quod
380 3917 553 4009 petebam3
578 3919 607 3989 si
628 3941 688 3990 ore
706 3931 820 3991 autem
842 3942 897 3990 me
915 3920 1140 3996 condemnas
1165 3913 1344 3985 conscien-

268 4033 351 4105 tiam
369 4041 516 4133 appello:
543 4041 600 4110 illa
625 4044 743 4134 procul
775 4041 882 4113 dubio
910 4063 967 4111 me
998 4037 1165 4112 absolvet.
1196 4035 1272 4126 Ego
1297 4032 1342 4105 ad

267 4180 444 4232 romanam
474 4162 604 4234 curiam
626 4163 686 4234 tibi
715 4162 862 4234 nocendi
883 4162 997 4233 animo
1023 4157 1165 4230 venisse
1192 4178 1339 4250 arguor,
