3062 4798
392 329 487 378 maan
508 327 1025 380 surrruusuuemus.-urrsrouu
1047 331 1089 379 ru.
1120 374 1135 400 ‚
1225 320 1284 382 ltu

203 462 365 536 omniurn.
379 461 531 556 passima
548 471 651 556 atquo
669 461 875 546 foedissima.
892 475 1024 540 mutato
1045 477 1187 562 repente
1206 490 1285 562 pro-

202 585 315 679 posito
337 582 459 656 fixisse
485 585 658 660 tentoria?
683 586 808 658 Contra
834 609 920 660 vero
941 589 1019 679 quis
1042 588 1213 683 improbet
1235 602 1280 674 te,

203 707 309 778 rebus
335 707 382 778 ita
408 727 446 778 se
474 685 703 792 habentibus}
725 717 879 802 optatum
901 709 1023 802 patriae
1042 711 1282 804 perhorruisse

202 836 442 925 conspertum,
473 829 589 901 omnia
624 830 738 922 potius
764 830 963 922 eligentem,
993 853 1097 924 quam
1124 832 1282 927 publicas

204 963 361 1044 spectare
382 952 564 1040 miserias?
584 952 674 1036 Quid
691 953 783 1024 enim
805 953 944 1038 melius,
964 952 1024 1027 ubi
1044 955 1205 1048 opitulari
1222 977 1284 1027 ne-

203 1095 327 1167 queue,
346 1095 452 1169 quam
469 1079 587 1148 oculos
605 1085 779 1161 avertere,
799 1099 843 1148 ne
860 1079 949 1148 mala
968 1076 1091 1151 uideas
1110 1088 1181 1152 tuae
1198 1099 1284 1170 gen-

203 1194 272 1268 tis?
291 1197 509 1289 Fugiandum
531 1206 632 1270 extra
656 1208 827 1270 terrarum
853 1198 973 1271 orbem
999 1201 1133 1283 luerat,
1161 1223 1206 1270 ne
1227 1199 1283 1270 illa

202 1319 444 1413 conspicerem
464 1341 545 1413 quae
566 1332 714 1394 moestus
735 1320 877 1406 audisti,
900 1332 935 1392 et
954 1321 1082 1413 quibus
1100 1341 1283 1394 ooourrere
1315 1327 1323 1344 ⁶

203 1464 271 1514 nou
293 1453 430 1514 tuarum
451 1442 596 1527 virium,
614 1465 683 1516 non
701 1443 866 1538 compati,
887 1464 954 1514 non
974 1451 1044 1514 tuae
1064 1454 1139 1516 erat
1159 1445 1283 1516 humu-

202 1565 319 1637 nitatis
340 1575 376 1637 et
395 1565 523 1637 amoris
545 1565 580 1634 in
601 1566 747 1659 patriam
769 1566 961 1638 notissimi..
976 1565 1067 1649 Quid
1089 1567 1143 1638 vis
1168 1566 1282 1639 dicam

202 1689 269 1760 uisi
287 1689 381 1782 quod
404 1691 521 1762 soleo?
538 1691 638 1784 Saepe
656 1691 701 1762 de
718 1688 833 1763 haere
848 1690 1054 1762 sententiam
1069 1709 1183 1762 meam
1197 1688 1281 1771 dixi,

201 1821 236 1883 et
253 1833 349 1905 saepe
362 1813 454 1884 illam
470 1812 660 1905 repetendo
673 1834 786 1884 meam
805 1813 908 1886 laoio:
924 1833 1095 1905 nusquam
1112 1821 1283 1884 terrarum

200 1953 298 2003 mora
318 1930 501 2023 tranquilla
520 1942 585 2002 est.
609 1931 678 2002 lllio
696 1931 841 2016 bellum,
861 1933 918 2003 hio
936 1933 1067 2004 tristior
1087 1931 1178 2002 bello
1197 1953 1282 2023 pax,

200 2053 269 2124 illio
288 2074 349 2123 aer
371 2051 536 2134 intectus,
557 2052 612 2124 hic
637 2051 732 2145 quod
752 2064 806 2124 est
826 2055 1044 2146 pestilentius
1072 2052 1186 2124 inlecti
1212 2074 1284 2123 mo-

202 2197 274 2248 res:
298 2174 365 2246 illio
385 2176 497 2245 sames
518 2174 642 2259 avida,
671 2173 728 2246 hio
747 2177 836 2246 lame
854 2174 1079 2268 periculosior
1099 2172 1284 2245 exundans

201 2298 313 2392 eopia:
334 2298 402 2369 illio
422 2298 624 2369 calamitosa
645 2297 814 2381 servitus,
837 2296 894 2367 hic
921 2296 1089 2368 servitute
1115 2296 1212 2389 peior
1233 2296 1284 2365 in-

203 2424 320 2494 solens
340 2420 499 2503 libertas;
521 2419 587 2490 illio
610 2419 732 2490 sitiens
752 2429 788 2490 et
809 2419 979 2510 inaquosa
1005 2417 1116 2510 regio,
1139 2418 1195 2490 hic
1221 2417 1284 2490 llu-

203 2543 334 2616 minum
356 2564 470 2636 vagus
495 2543 607 2627 suror3
628 2542 779 2634 denique
804 2541 873 2612 illio
899 2551 1022 2626 aestuS‚
1052 2541 1107 2613 hio
1132 2540 1283 2632 frigora,

202 2666 269 2737 illic
290 2661 440 2738 terarum
465 2665 631 2758 impetus,
659 2665 716 2737 hic
736 2663 915 2737 hominum
940 2663 1023 2748 doli;
1046 2665 1114 2736 illio
1136 2663 1286 2735 solitudo

203 2799 304 2862 vasta
324 2799 360 2860 et
379 2789 569 2874 horribilis,
593 2789 648 2859 hic
669 2788 789 2880 gravis
810 2798 845 2858 et
866 2786 1063 2882 importuna
1079 2784 1284 2878 frequentia.

203 2914 252 2984 lta
269 2915 364 2984 locus
384 2914 438 2982 ille
456 2935 560 3005 quem
580 2911 771 3003 quaerimus
790 2931 965 3003 nusquam
984 2919 1050 2982 est.
1070 2906 1161 2992 Quid
1178 2927 1287 3000 agen-

203 3034 310 3105 dum?
331 3033 560 3124 *Migrandum
581 3056 624 3103 ne
650 3036 747 3106 ocius
773 3057 820 3105 ex
847 3035 913 3106 hac
938 3034 1034 3106 vita‘l
1054 3033 1130 3103 Nou
1151 3032 1230 3103 licet
1250 3030 1286 3101 id

203 3154 360 3247 quidem:
381 3153 570 3246 quamlibet
594 3155 640 3226 ob
660 3177 801 3229 oausam
821 3180 890 3230 non
911 3158 1005 3228 licet:
1029 3157 1132 3228 sileat
1152 3155 1286 3228 amicus

204 3279 352 3360 Seneca:
377 3274 497 3346 melior
530 3277 700 3348 sententia
727 3267 918 3352 Cio'eronis.
946 3279 991 3347 Et
1018 3278 1086 3363 titt,
1106 3277 1231 3370 inquit,
1256 3287 1286 3345 et
1363 3275 1368 3285 '

203 3402 268 3494 piis
297 3399 447 3470 omuibus
472 3394 664 3466 retinendus
689 3408 735 3468 est
760 3400 893 3468 enimus
918 3399 955 3468 io
990 3395 1139 3468 custodio
1173 3418 1287 3488 corpo-

204 3526 263 3610 ris,
298 3543 358 3594 uec
392 3521 521 3591 iltiussu
556 3520 625 3589 eius
661 3543 770 3612 aquo
792 3522 847 3592 tlte
868 3520 963 3590 nobis
984 3529 1031 3590 est
1050 3517 1145 3589 dutus
1166 3519 1286 3588 ear-to-

204 3647 332 3716 miuuut
357 3645 427 3714 uita
451 3639 672 3736 animandum.
699 3640 820 3714 Nobile
837 3641 983 3725 diotum3
1003 3663 1067 3712 nec
1086 3639 1172 3713 ratio
1189 3641 1287 3732 igno-

205 3766 305 3839 bilis:
336 3788 379 3836 ue
410 3787 542 3849 munus,
570 3764 694 3857 inquit,
722 3765 905 3834 tammum
929 3764 1133 3854 aestumatum
1165 3784 1187 3831 o
1218 3759 1287 3829 Dru

205 3889 367 3984 diffugisse
393 3887 586 3960 videamini.
613 3887 806 3960 Effioaoiter
832 3886 974 3980 quidem
993 3907 1034 3957 ac
1054 3885 1234 3978 praeolare.
1253 3883 1288 3951 Si

205 4013 297 4085 enim
328 4012 528 4108 temporalis
553 4010 698 4106 imperio
723 4007 824 4083 ducis
850 4009 1064 4101 assignatam
1093 4005 1287 4079 custodiam

206 4135 306 4208 miles
328 4145 435 4220 tenet,
460 4157 521 4206 neo
541 4133 608 4206 nisi
629 4132 751 4206 eodem
778 4133 854 4225 ipso
881 4109 1196 4215 iubente'rteserit,
1228 4141 1287 4201 aut
