<?xml version="1.0" encoding="UTF-8"?>
<!DOCTYPE html PUBLIC "-//W3C//DTD XHTML 1.0 Transitional//EN"
    "http://www.w3.org/TR/xhtml1/DTD/xhtml1-transitional.dtd">
<html xmlns="http://www.w3.org/1999/xhtml" xml:lang="en" lang="en">
 <head>
  <title>
</title>
<meta http-equiv="Content-Type" content="text/html;charset=utf-8" />
  <meta name='ocr-system' content='tesseract 3.04.00' />
  <meta name='ocr-capabilities' content='ocr_page ocr_carea ocr_par ocr_line ocrx_word'/>
</head>
<body>
  <div class='ocr_page' id='page_1' title='image "./franciscipetrar01fracgoog_0162.png"; bbox 0 0 2988 4800; ppageno 0'>
   <div class='ocr_carea' id='block_1_1' title="bbox 418 327 1258 388">
    <p class='ocr_par' dir='ltr' id='par_1_1' title="bbox 418 327 1258 388">
     <span class='ocr_line' id='line_1_1' title="bbox 418 327 1258 388; baseline 0 -2"><span class='ocrx_word' id='word_1_1' title='bbox 418 339 510 387; x_wconf 81' lang='lat' dir='ltr'>menn</span> <span class='ocrx_word' id='word_1_2' title='bbox 532 337 938 388; x_wconf 80' lang='lat' dir='ltr'>uunncmus.-nr1srom</span> <span class='ocrx_word' id='word_1_3' title='bbox 960 341 1022 388; x_wconf 83' lang='lat' dir='ltr'>xvi.</span> <span class='ocrx_word' id='word_1_4' title='bbox 1204 327 1258 388; x_wconf 75' lang='lat'>151</span> 
     </span>
    </p>
   </div>
   <div class='ocr_carea' id='block_1_2' title="bbox 173 473 1262 4268">
    <p class='ocr_par' dir='ltr' id='par_1_2' title="bbox 173 473 1262 4268">
     <span class='ocr_line' id='line_1_2' title="bbox 184 473 1259 571; baseline -0.003 -22"><span class='ocrx_word' id='word_1_5' title='bbox 184 501 249 571; x_wconf 90' lang='lat' dir='ltr'>qna</span> <span class='ocrx_word' id='word_1_6' title='bbox 271 499 390 548; x_wconf 89' lang='lat' dir='ltr'>rerum</span> <span class='ocrx_word' id='word_1_7' title='bbox 412 484 506 548; x_wconf 85' lang='lat' dir='ltr'>sorte</span> <span class='ocrx_word' id='word_1_8' title='bbox 526 473 781 560; x_wconf 63' lang='lat' dir='ltr'>contendimus</span> <span class='ocrx_word' id='word_1_9' title='bbox 804 476 915 560; x_wconf 89' lang='lat' dir='ltr'>detur,</span> <span class='ocrx_word' id='word_1_10' title='bbox 932 476 1125 548; x_wconf 77' lang='lat' dir='ltr'>concordiae</span> <span class='ocrx_word' id='word_1_11' title='bbox 1139 476 1259 567; x_wconf 79' lang='lat' dir='ltr'>gratia,</span> 
     </span>
     <span class='ocr_line' id='line_1_3' title="bbox 180 599 1260 696; baseline -0.001 -24"><span class='ocrx_word' id='word_1_12' title='bbox 180 602 273 696; x_wconf 90' lang='lat' dir='ltr'>quod</span> <span class='ocrx_word' id='word_1_13' title='bbox 293 600 491 672; x_wconf 80' lang='lat' dir='ltr'>facillimum</span> <span class='ocrx_word' id='word_1_14' title='bbox 513 613 568 670; x_wconf 88' lang='lat' dir='ltr'>est</span> <span class='ocrx_word' id='word_1_15' title='bbox 593 620 735 690; x_wconf 77' lang='lat' dir='ltr'>negare,</span> <span class='ocrx_word' id='word_1_16' title='bbox 758 610 793 670; x_wconf 93' lang='lat' dir='ltr'>et</span> <span class='ocrx_word' id='word_1_17' title='bbox 814 599 910 671; x_wconf 90' lang='lat' dir='ltr'>cives</span> <span class='ocrx_word' id='word_1_18' title='bbox 928 610 963 670; x_wconf 92' lang='lat' dir='ltr'>et</span> <span class='ocrx_word' id='word_1_19' title='bbox 983 599 1145 692; x_wconf 88' lang='lat' dir='ltr'>pacificos</span> <span class='ocrx_word' id='word_1_20' title='bbox 1163 601 1260 673; x_wconf 90' lang='lat' dir='ltr'>cives</span> 
     </span>
     <span class='ocr_line' id='line_1_4' title="bbox 180 721 1261 815; baseline 0.002 -21"><span class='ocrx_word' id='word_1_21' title='bbox 180 745 271 794; x_wconf 90' lang='lat' dir='ltr'>esse.</span> <span class='ocrx_word' id='word_1_22' title='bbox 293 722 432 814; x_wconf 80' lang='lat' dir='ltr'>lndigni</span> <span class='ocrx_word' id='word_1_23' title='bbox 465 721 604 793; x_wconf 88' lang='lat' dir='ltr'>veniant</span> <span class='ocrx_word' id='word_1_24' title='bbox 623 723 668 794; x_wconf 93' lang='lat' dir='ltr'>ad</span> <span class='ocrx_word' id='word_1_25' title='bbox 688 723 851 806; x_wconf 73' lang='lat' dir='ltr'>bonoreS,</span> <span class='ocrx_word' id='word_1_26' title='bbox 887 722 935 792; x_wconf 92' lang='lat' dir='ltr'>ita</span> <span class='ocrx_word' id='word_1_27' title='bbox 965 731 1003 794; x_wconf 96' lang='lat' dir='ltr'>ut</span> <span class='ocrx_word' id='word_1_28' title='bbox 1034 723 1261 815; x_wconf 82' lang='lat' dir='ltr'>dignissimos</span> 
     </span>
     <span class='ocr_line' id='line_1_5' title="bbox 180 844 1262 940; baseline 0.002 -24"><span class='ocrx_word' id='word_1_29' title='bbox 180 869 249 918; x_wconf 90' lang='lat' dir='ltr'>non</span> <span class='ocrx_word' id='word_1_30' title='bbox 269 844 468 917; x_wconf 81' lang='lat' dir='ltr'>excludant.</span> <span class='ocrx_word' id='word_1_31' title='bbox 490 847 561 916; x_wconf 91' lang='lat' dir='ltr'>lam</span> <span class='ocrx_word' id='word_1_32' title='bbox 583 868 631 917; x_wconf 82' lang='lat' dir='ltr'>ex</span> <span class='ocrx_word' id='word_1_33' title='bbox 654 867 724 940; x_wconf 90' lang='lat' dir='ltr'>quo</span> <span class='ocrx_word' id='word_1_34' title='bbox 750 869 829 917; x_wconf 91' lang='lat' dir='ltr'>cum</span> <span class='ocrx_word' id='word_1_35' title='bbox 855 846 1007 917; x_wconf 90' lang='lat' dir='ltr'>romanis</span> <span class='ocrx_word' id='word_1_36' title='bbox 1032 848 1169 918; x_wconf 82' lang='lat' dir='ltr'><strong>externi</strong></span> <span class='ocrx_word' id='word_1_37' title='bbox 1194 849 1262 918; x_wconf 88' lang='lat' dir='ltr'>liti-</span> 
     </span>
     <span class='ocr_line' id='line_1_6' title="bbox 180 970 1261 1064; baseline 0.002 -24"><span class='ocrx_word' id='word_1_38' title='bbox 180 979 263 1062; x_wconf 82' lang='lat' dir='ltr'><strong>gent</strong></span> <span class='ocrx_word' id='word_1_39' title='bbox 283 981 319 1040; x_wconf 90' lang='lat' dir='ltr'>et</span> <span class='ocrx_word' id='word_1_40' title='bbox 339 970 409 1040; x_wconf 89' lang='lat' dir='ltr'>sint</span> <span class='ocrx_word' id='word_1_41' title='bbox 428 991 550 1040; x_wconf 88' lang='lat' dir='ltr'>omnes</span> <span class='ocrx_word' id='word_1_42' title='bbox 575 977 648 1041; x_wconf 87' lang='lat' dir='ltr'>uno</span> <span class='ocrx_word' id='word_1_43' title='bbox 671 970 808 1041; x_wconf 89' lang='lat' dir='ltr'>nomine</span> <span class='ocrx_word' id='word_1_44' title='bbox 828 970 989 1056; x_wconf 86' lang='lat' dir='ltr'>Romani,</span> <span class='ocrx_word' id='word_1_45' title='bbox 1011 970 1096 1064; x_wconf 92' lang='lat' dir='ltr'>quid</span> <span class='ocrx_word' id='word_1_46' title='bbox 1120 980 1174 1042; x_wconf 90' lang='lat' dir='ltr'>est</span> <span class='ocrx_word' id='word_1_47' title='bbox 1198 994 1261 1043; x_wconf 91' lang='lat' dir='ltr'>cur</span> 
     </span>
     <span class='ocr_line' id='line_1_7' title="bbox 179 1091 1259 1187; baseline 0.003 -26"><span class='ocrx_word' id='word_1_48' title='bbox 179 1093 225 1162; x_wconf 90' lang='lat' dir='ltr'>illi</span> <span class='ocrx_word' id='word_1_49' title='bbox 247 1093 312 1163; x_wconf 90' lang='lat' dir='ltr'>soli</span> <span class='ocrx_word' id='word_1_50' title='bbox 329 1092 492 1164; x_wconf 90' lang='lat' dir='ltr'>honorari</span> <span class='ocrx_word' id='word_1_51' title='bbox 509 1091 672 1177; x_wconf 92' lang='lat' dir='ltr'>debeant,</span> <span class='ocrx_word' id='word_1_52' title='bbox 692 1092 819 1185; x_wconf 88' lang='lat' dir='ltr'>quibus</span> <span class='ocrx_word' id='word_1_53' title='bbox 837 1092 903 1164; x_wconf 95' lang='lat' dir='ltr'>hoc</span> <span class='ocrx_word' id='word_1_54' title='bbox 919 1093 1115 1187; x_wconf 90' lang='lat' dir='ltr'>precarium</span> <span class='ocrx_word' id='word_1_55' title='bbox 1132 1115 1259 1164; x_wconf 90' lang='lat' dir='ltr'>nomen</span> 
     </span>
     <span class='ocr_line' id='line_1_8' title="bbox 178 1214 1261 1300; baseline 0.001 -13"><span class='ocrx_word' id='word_1_56' title='bbox 178 1227 245 1300; x_wconf 90' lang='lat' dir='ltr'>est,</span> <span class='ocrx_word' id='word_1_57' title='bbox 262 1215 368 1287; x_wconf 90' lang='lat' dir='ltr'>immo</span> <span class='ocrx_word' id='word_1_58' title='bbox 381 1236 466 1286; x_wconf 90' lang='lat' dir='ltr'>vero</span> <span class='ocrx_word' id='word_1_59' title='bbox 479 1236 541 1286; x_wconf 90' lang='lat' dir='ltr'>cur</span> <span class='ocrx_word' id='word_1_60' title='bbox 555 1216 624 1286; x_wconf 85' lang='lat' dir='ltr'>ulla</span> <span class='ocrx_word' id='word_1_61' title='bbox 641 1214 676 1284; x_wconf 95' lang='lat' dir='ltr'>in</span> <span class='ocrx_word' id='word_1_62' title='bbox 693 1237 731 1287; x_wconf 89' lang='lat' dir='ltr'>re</span> <span class='ocrx_word' id='word_1_63' title='bbox 752 1215 825 1286; x_wconf 90' lang='lat' dir='ltr'>suis</span> <span class='ocrx_word' id='word_1_64' title='bbox 843 1215 1093 1288; x_wconf 89' lang='lat' dir='ltr'>contribulibus</span> <span class='ocrx_word' id='word_1_65' title='bbox 1111 1220 1261 1290; x_wconf 85' lang='lat' dir='ltr'>antefer-</span> 
     </span>
     <span class='ocr_line' id='line_1_9' title="bbox 178 1337 1259 1433; baseline 0.002 -25"><span class='ocrx_word' id='word_1_66' title='bbox 178 1339 228 1409; x_wconf 84' lang='lat' dir='ltr'>ri?</span> <span class='ocrx_word' id='word_1_67' title='bbox 248 1337 305 1408; x_wconf 82' lang='lat' dir='ltr'>An</span> <span class='ocrx_word' id='word_1_68' title='bbox 327 1347 468 1433; x_wconf 88' lang='lat' dir='ltr'>propter</span> <span class='ocrx_word' id='word_1_69' title='bbox 487 1337 726 1409; x_wconf 75' lang='lat' dir='ltr'><strong>nobilitatem?</strong></span> <span class='ocrx_word' id='word_1_70' title='bbox 747 1339 816 1410; x_wconf 89' lang='lat' dir='ltr'>Sed</span> <span class='ocrx_word' id='word_1_71' title='bbox 832 1339 917 1431; x_wconf 89' lang='lat' dir='ltr'>quid</span> <span class='ocrx_word' id='word_1_72' title='bbox 935 1339 980 1410; x_wconf 88' lang='lat' dir='ltr'>sit</span> <span class='ocrx_word' id='word_1_73' title='bbox 996 1361 1081 1412; x_wconf 90' lang='lat' dir='ltr'>vera</span> <span class='ocrx_word' id='word_1_74' title='bbox 1098 1340 1259 1412; x_wconf 83' lang='lat' dir='ltr'>nobilitas</span> 
     </span>
     <span class='ocr_line' id='line_1_10' title="bbox 178 1461 1260 1557; baseline 0.002 -25"><span class='ocrx_word' id='word_1_75' title='bbox 178 1484 247 1533; x_wconf 90' lang='lat' dir='ltr'>non</span> <span class='ocrx_word' id='word_1_76' title='bbox 267 1483 378 1557; x_wconf 89' lang='lat' dir='ltr'>parva</span> <span class='ocrx_word' id='word_1_77' title='bbox 399 1461 588 1556; x_wconf 87' lang='lat' dir='ltr'>disputatio</span> <span class='ocrx_word' id='word_1_78' title='bbox 608 1470 679 1542; x_wconf 86' lang='lat' dir='ltr'>est;</span> <span class='ocrx_word' id='word_1_79' title='bbox 702 1470 772 1532; x_wconf 87' lang='lat' dir='ltr'>tum</span> <span class='ocrx_word' id='word_1_80' title='bbox 794 1484 1006 1555; x_wconf 88' lang='lat' dir='ltr'>veroquam</span> <span class='ocrx_word' id='word_1_81' title='bbox 1026 1463 1102 1536; x_wconf 88' lang='lat' dir='ltr'>sint</span> <span class='ocrx_word' id='word_1_82' title='bbox 1126 1463 1260 1534; x_wconf 90' lang='lat' dir='ltr'>nobiles</span> 
     </span>
     <span class='ocr_line' id='line_1_11' title="bbox 178 1583 1259 1677; baseline 0.003 -23"><span class='ocrx_word' id='word_1_83' title='bbox 178 1586 382 1676; x_wconf 83' lang='lat' dir='ltr'>intelligent,</span> <span class='ocrx_word' id='word_1_84' title='bbox 406 1607 484 1656; x_wconf 87' lang='lat' dir='ltr'>cum</span> <span class='ocrx_word' id='word_1_85' title='bbox 509 1585 701 1676; x_wconf 82' lang='lat' dir='ltr'>intelligent</span> <span class='ocrx_word' id='word_1_86' title='bbox 724 1605 829 1677; x_wconf 90' lang='lat' dir='ltr'>quam</span> <span class='ocrx_word' id='word_1_87' title='bbox 856 1583 925 1656; x_wconf 91' lang='lat' dir='ltr'>sint</span> <span class='ocrx_word' id='word_1_88' title='bbox 958 1594 993 1656; x_wconf 92' lang='lat' dir='ltr'>et</span> <span class='ocrx_word' id='word_1_89' title='bbox 1025 1585 1182 1658; x_wconf 86' lang='lat' dir='ltr'>virtuosi.</span> <span class='ocrx_word' id='word_1_90' title='bbox 1204 1585 1259 1657; x_wconf 81' lang='lat' dir='ltr'>An</span> 
     </span>
     <span class='ocr_line' id='line_1_12' title="bbox 178 1708 1260 1802; baseline 0 -22"><span class='ocrx_word' id='word_1_91' title='bbox 178 1720 319 1802; x_wconf 88' lang='lat' dir='ltr'>propter</span> <span class='ocrx_word' id='word_1_92' title='bbox 339 1708 500 1780; x_wconf 83' lang='lat' dir='ltr'>divitias?</span> <span class='ocrx_word' id='word_1_93' title='bbox 520 1708 617 1791; x_wconf 90' lang='lat' dir='ltr'>Quas</span> <span class='ocrx_word' id='word_1_94' title='bbox 637 1730 730 1779; x_wconf 92' lang='lat' dir='ltr'>nunc</span> <span class='ocrx_word' id='word_1_95' title='bbox 749 1718 942 1780; x_wconf 86' lang='lat' dir='ltr'>extenuare</span> <span class='ocrx_word' id='word_1_96' title='bbox 964 1708 1083 1781; x_wconf 92' lang='lat' dir='ltr'>verbis</span> <span class='ocrx_word' id='word_1_97' title='bbox 1100 1713 1197 1782; x_wconf 92' lang='lat' dir='ltr'>nolo:</span> <span class='ocrx_word' id='word_1_98' title='bbox 1219 1709 1260 1780; x_wconf 89' lang='lat' dir='ltr'>il-</span> 
     </span>
     <span class='ocr_line' id='line_1_13' title="bbox 177 1830 1256 1928; baseline 0.004 -28"><span class='ocrx_word' id='word_1_99' title='bbox 177 1830 234 1902; x_wconf 92' lang='lat' dir='ltr'>lud</span> <span class='ocrx_word' id='word_1_100' title='bbox 256 1841 374 1902; x_wconf 88' lang='lat' dir='ltr'>tamen</span> <span class='ocrx_word' id='word_1_101' title='bbox 394 1851 531 1915; x_wconf 88' lang='lat' dir='ltr'>moneo,</span> <span class='ocrx_word' id='word_1_102' title='bbox 560 1839 600 1902; x_wconf 91' lang='lat' dir='ltr'>ut</span> <span class='ocrx_word' id='word_1_103' title='bbox 625 1830 705 1902; x_wconf 94' lang='lat' dir='ltr'>inde</span> <span class='ocrx_word' id='word_1_104' title='bbox 740 1831 914 1904; x_wconf 85' lang='lat' dir='ltr'>tenuiores</span> <span class='ocrx_word' id='word_1_105' title='bbox 947 1851 1017 1903; x_wconf 90' lang='lat' dir='ltr'>non</span> <span class='ocrx_word' id='word_1_106' title='bbox 1051 1832 1256 1928; x_wconf 78' lang='lat' dir='ltr'>despiciant,</span> 
     </span>
     <span class='ocr_line' id='line_1_14' title="bbox 178 1952 1259 2047; baseline 0 -21"><span class='ocrx_word' id='word_1_107' title='bbox 178 1954 360 2047; x_wconf 82' lang='lat' dir='ltr'>sciantque</span> <span class='ocrx_word' id='word_1_108' title='bbox 380 1953 456 2024; x_wconf 90' lang='lat' dir='ltr'>illas</span> <span class='ocrx_word' id='word_1_109' title='bbox 481 1952 582 2025; x_wconf 89' lang='lat' dir='ltr'>bonis</span> <span class='ocrx_word' id='word_1_110' title='bbox 608 1953 764 2026; x_wconf 89' lang='lat' dir='ltr'>moribus</span> <span class='ocrx_word' id='word_1_111' title='bbox 791 1954 930 2026; x_wconf 92' lang='lat' dir='ltr'>omnino</span> <span class='ocrx_word' id='word_1_112' title='bbox 955 1956 1000 2025; x_wconf 88' lang='lat' dir='ltr'>nil</span> <span class='ocrx_word' id='word_1_113' title='bbox 1027 1956 1197 2038; x_wconf 88' lang='lat' dir='ltr'>conferre,</span> <span class='ocrx_word' id='word_1_114' title='bbox 1224 1965 1259 2028; x_wconf 92' lang='lat' dir='ltr'>et</span> 
     </span>
     <span class='ocr_line' id='line_1_15' title="bbox 176 2075 1254 2170; baseline 0 -22"><span class='ocrx_word' id='word_1_115' title='bbox 176 2098 263 2170; x_wconf 90' lang='lat' dir='ltr'>quas</span> <span class='ocrx_word' id='word_1_116' title='bbox 290 2077 335 2148; x_wconf 92' lang='lat' dir='ltr'>de</span> <span class='ocrx_word' id='word_1_117' title='bbox 360 2075 517 2149; x_wconf 84' lang='lat' dir='ltr'>secundis</span> <span class='ocrx_word' id='word_1_118' title='bbox 543 2076 702 2150; x_wconf 88' lang='lat' dir='ltr'>ecclesiae</span> <span class='ocrx_word' id='word_1_119' title='bbox 724 2077 845 2150; x_wconf 88' lang='lat' dir='ltr'>matris</span> <span class='ocrx_word' id='word_1_120' title='bbox 868 2077 1032 2150; x_wconf 87' lang='lat' dir='ltr'>uberibus</span> <span class='ocrx_word' id='word_1_121' title='bbox 1061 2090 1254 2162; x_wconf 85' lang='lat' dir='ltr'>suxerunt,</span> 
     </span>
     <span class='ocr_line' id='line_1_16' title="bbox 175 2198 1258 2293; baseline 0.002 -23"><span class='ocrx_word' id='word_1_122' title='bbox 175 2201 226 2271; x_wconf 90' lang='lat' dir='ltr'>eis</span> <span class='ocrx_word' id='word_1_123' title='bbox 249 2198 366 2272; x_wconf 91' lang='lat' dir='ltr'>sobrie</span> <span class='ocrx_word' id='word_1_124' title='bbox 386 2209 423 2270; x_wconf 89' lang='lat' dir='ltr'>et</span> <span class='ocrx_word' id='word_1_125' title='bbox 442 2221 504 2293; x_wconf 91' lang='lat' dir='ltr'>pro</span> <span class='ocrx_word' id='word_1_126' title='bbox 526 2200 734 2271; x_wconf 88' lang='lat' dir='ltr'>transitoriis</span> <span class='ocrx_word' id='word_1_127' title='bbox 756 2210 910 2285; x_wconf 90' lang='lat' dir='ltr'>utantur,</span> <span class='ocrx_word' id='word_1_128' title='bbox 933 2203 999 2284; x_wconf 88' lang='lat' dir='ltr'>vel,</span> <span class='ocrx_word' id='word_1_129' title='bbox 1024 2200 1053 2270; x_wconf 91' lang='lat' dir='ltr'>si</span> <span class='ocrx_word' id='word_1_130' title='bbox 1071 2199 1153 2271; x_wconf 88' lang='lat' dir='ltr'>libet</span> <span class='ocrx_word' id='word_1_131' title='bbox 1166 2202 1258 2272; x_wconf 90' lang='lat' dir='ltr'>etad</span> 
     </span>
     <span class='ocr_line' id='line_1_17' title="bbox 175 2321 1254 2415; baseline 0.003 -24"><span class='ocrx_word' id='word_1_132' title='bbox 175 2321 306 2394; x_wconf 89' lang='lat' dir='ltr'>maiora</span> <span class='ocrx_word' id='word_1_133' title='bbox 326 2321 499 2415; x_wconf 80' lang='lat' dir='ltr'>pigriores</span> <span class='ocrx_word' id='word_1_134' title='bbox 520 2321 623 2394; x_wconf 91' lang='lat' dir='ltr'>animi</span> <span class='ocrx_word' id='word_1_135' title='bbox 644 2345 713 2394; x_wconf 92' lang='lat' dir='ltr'>non</span> <span class='ocrx_word' id='word_1_136' title='bbox 741 2332 943 2414; x_wconf 85' lang='lat' dir='ltr'>assurgunt,</span> <span class='ocrx_word' id='word_1_137' title='bbox 966 2323 1125 2394; x_wconf 86' lang='lat' dir='ltr'>fruantur</span> <span class='ocrx_word' id='word_1_138' title='bbox 1150 2323 1254 2394; x_wconf 90' lang='lat' dir='ltr'>etiam</span> 
     </span>
     <span class='ocr_line' id='line_1_18' title="bbox 176 2443 1257 2538; baseline 0.002 -22"><span class='ocrx_word' id='word_1_139' title='bbox 176 2467 237 2538; x_wconf 93' lang='lat' dir='ltr'>pro</span> <span class='ocrx_word' id='word_1_140' title='bbox 258 2443 416 2527; x_wconf 84' lang='lat' dir='ltr'>aeternis,</span> <span class='ocrx_word' id='word_1_141' title='bbox 452 2443 556 2516; x_wconf 91' lang='lat' dir='ltr'>modo</span> <span class='ocrx_word' id='word_1_142' title='bbox 589 2468 696 2516; x_wconf 91' lang='lat' dir='ltr'>unum</span> <span class='ocrx_word' id='word_1_143' title='bbox 727 2453 908 2538; x_wconf 82' lang='lat' dir='ltr'>praestent,</span> <span class='ocrx_word' id='word_1_144' title='bbox 932 2456 969 2517; x_wconf 91' lang='lat' dir='ltr'>ut</span> <span class='ocrx_word' id='word_1_145' title='bbox 990 2467 1077 2538; x_wconf 90' lang='lat' dir='ltr'>quas</span> <span class='ocrx_word' id='word_1_146' title='bbox 1099 2446 1143 2518; x_wconf 90' lang='lat' dir='ltr'>de</span> <span class='ocrx_word' id='word_1_147' title='bbox 1162 2469 1257 2518; x_wconf 91' lang='lat' dir='ltr'>com-</span> 
     </span>
     <span class='ocr_line' id='line_1_19' title="bbox 175 2567 1256 2664; baseline 0.001 -25"><span class='ocrx_word' id='word_1_148' title='bbox 175 2569 271 2639; x_wconf 92' lang='lat' dir='ltr'>muni</span> <span class='ocrx_word' id='word_1_149' title='bbox 293 2567 498 2639; x_wconf 89' lang='lat' dir='ltr'>bberalitate</span> <span class='ocrx_word' id='word_1_150' title='bbox 519 2578 762 2664; x_wconf 90' lang='lat' dir='ltr'>perceperunt,</span> <span class='ocrx_word' id='word_1_151' title='bbox 782 2570 816 2640; x_wconf 93' lang='lat' dir='ltr'>in</span> <span class='ocrx_word' id='word_1_152' title='bbox 834 2591 1052 2640; x_wconf 87' lang='lat' dir='ltr'>communem</span> <span class='ocrx_word' id='word_1_153' title='bbox 1069 2570 1256 2662; x_wconf 89' lang='lat' dir='ltr'>perniciem</span> 
     </span>
     <span class='ocr_line' id='line_1_20' title="bbox 175 2691 1256 2785; baseline 0.005 -25"><span class='ocrx_word' id='word_1_154' title='bbox 175 2713 242 2762; x_wconf 90' lang='lat' dir='ltr'>non</span> <span class='ocrx_word' id='word_1_155' title='bbox 263 2700 480 2763; x_wconf 82' lang='lat' dir='ltr'>convertant.</span> <span class='ocrx_word' id='word_1_156' title='bbox 500 2691 602 2775; x_wconf 90' lang='lat' dir='ltr'>Quod</span> <span class='ocrx_word' id='word_1_157' title='bbox 619 2692 649 2763; x_wconf 92' lang='lat' dir='ltr'>si</span> <span class='ocrx_word' id='word_1_158' title='bbox 666 2692 711 2764; x_wconf 91' lang='lat' dir='ltr'>ad</span> <span class='ocrx_word' id='word_1_159' title='bbox 730 2691 904 2785; x_wconf 90' lang='lat' dir='ltr'>publicum</span> <span class='ocrx_word' id='word_1_160' title='bbox 925 2691 1080 2783; x_wconf 78' lang='lat' dir='ltr'>regimen</span> <span class='ocrx_word' id='word_1_161' title='bbox 1100 2693 1256 2785; x_wconf 83' lang='lat' dir='ltr'>privatas</span> 
     </span>
     <span class='ocr_line' id='line_1_21' title="bbox 176 2813 1252 2907; baseline -0.001 -22"><span class='ocrx_word' id='word_1_162' title='bbox 176 2814 317 2886; x_wconf 90' lang='lat' dir='ltr'>divitias</span> <span class='ocrx_word' id='word_1_163' title='bbox 335 2813 552 2886; x_wconf 89' lang='lat' dir='ltr'>necessarias</span> <span class='ocrx_word' id='word_1_164' title='bbox 570 2814 766 2907; x_wconf 89' lang='lat' dir='ltr'>opinentur,</span> <span class='ocrx_word' id='word_1_165' title='bbox 785 2813 891 2885; x_wconf 90' lang='lat' dir='ltr'>velim</span> <span class='ocrx_word' id='word_1_166' title='bbox 909 2813 993 2884; x_wconf 91' lang='lat' dir='ltr'>mibi</span> <span class='ocrx_word' id='word_1_167' title='bbox 1011 2814 1252 2906; x_wconf 87' lang='lat' dir='ltr'>respondeant,</span> 
     </span>
     <span class='ocr_line' id='line_1_22' title="bbox 175 2935 1253 3029; baseline -0.002 -23"><span class='ocrx_word' id='word_1_168' title='bbox 175 2958 279 3029; x_wconf 90' lang='lat' dir='ltr'>quam</span> <span class='ocrx_word' id='word_1_169' title='bbox 300 2936 403 3008; x_wconf 89' lang='lat' dir='ltr'>dives</span> <span class='ocrx_word' id='word_1_170' title='bbox 423 2946 497 3008; x_wconf 89' lang='lat' dir='ltr'>erat</span> <span class='ocrx_word' id='word_1_171' title='bbox 517 2936 676 3008; x_wconf 89' lang='lat' dir='ltr'>Valerius</span> <span class='ocrx_word' id='word_1_172' title='bbox 694 2935 882 3018; x_wconf 84' lang='lat' dir='ltr'>Publicola,</span> <span class='ocrx_word' id='word_1_173' title='bbox 901 2935 985 3006; x_wconf 91' lang='lat' dir='ltr'>dnm</span> <span class='ocrx_word' id='word_1_174' title='bbox 1004 2935 1141 3007; x_wconf 91' lang='lat' dir='ltr'>adiutor</span> <span class='ocrx_word' id='word_1_175' title='bbox 1157 2937 1253 3007; x_wconf 89' lang='lat' dir='ltr'>Bruti</span> 
     </span>
     <span class='ocr_line' id='line_1_23' title="bbox 178 3058 1254 3153; baseline 0.002 -25"><span class='ocrx_word' id='word_1_176' title='bbox 178 3058 347 3152; x_wconf 89' lang='lat' dir='ltr'>superbos</span> <span class='ocrx_word' id='word_1_177' title='bbox 369 3081 473 3150; x_wconf 82' lang='lat' dir='ltr'>reges</span> <span class='ocrx_word' id='word_1_178' title='bbox 494 3060 644 3143; x_wconf 81' lang='lat' dir='ltr'>eliceret,</span> <span class='ocrx_word' id='word_1_179' title='bbox 667 3059 751 3130; x_wconf 89' lang='lat' dir='ltr'>dum</span> <span class='ocrx_word' id='word_1_180' title='bbox 773 3059 885 3153; x_wconf 88' lang='lat' dir='ltr'>primo</span> <span class='ocrx_word' id='word_1_181' title='bbox 904 3060 1087 3131; x_wconf 87' lang='lat' dir='ltr'>consulatu</span> <span class='ocrx_word' id='word_1_182' title='bbox 1118 3060 1162 3130; x_wconf 90' lang='lat' dir='ltr'>de</span> <span class='ocrx_word' id='word_1_183' title='bbox 1187 3059 1254 3130; x_wconf 86' lang='lat' dir='ltr'>Tu-</span> 
     </span>
     <span class='ocr_line' id='line_1_24' title="bbox 177 3179 1255 3278; baseline 0 -28"><span class='ocrx_word' id='word_1_184' title='bbox 177 3181 253 3265; x_wconf 87' lang='lat' dir='ltr'>scis,</span> <span class='ocrx_word' id='word_1_185' title='bbox 279 3180 379 3252; x_wconf 91' lang='lat' dir='ltr'>tertio</span> <span class='ocrx_word' id='word_1_186' title='bbox 396 3181 442 3252; x_wconf 92' lang='lat' dir='ltr'>de</span> <span class='ocrx_word' id='word_1_187' title='bbox 454 3179 601 3264; x_wconf 86' lang='lat' dir='ltr'>Sabinis,</span> <span class='ocrx_word' id='word_1_188' title='bbox 621 3181 676 3252; x_wconf 89' lang='lat' dir='ltr'>vir</span> <span class='ocrx_word' id='word_1_189' title='bbox 694 3183 913 3274; x_wconf 89' lang='lat' dir='ltr'>sepeliendus</span> <span class='ocrx_word' id='word_1_190' title='bbox 931 3206 951 3254; x_wconf 93' lang='lat' dir='ltr'>e</span> <span class='ocrx_word' id='word_1_191' title='bbox 968 3181 1114 3278; x_wconf 87' lang='lat' dir='ltr'>publico,</span> <span class='ocrx_word' id='word_1_192' title='bbox 1134 3180 1255 3251; x_wconf 90' lang='lat' dir='ltr'>trium-</span> 
     </span>
     <span class='ocr_line' id='line_1_25' title="bbox 176 3302 1253 3400; baseline 0 -27"><span class='ocrx_word' id='word_1_193' title='bbox 176 3304 319 3396; x_wconf 76' lang='lat' dir='ltr'>pharet?</span> <span class='ocrx_word' id='word_1_194' title='bbox 335 3304 445 3387; x_wconf 85' lang='lat' dir='ltr'>Quam</span> <span class='ocrx_word' id='word_1_195' title='bbox 465 3303 565 3374; x_wconf 89' lang='lat' dir='ltr'>dives</span> <span class='ocrx_word' id='word_1_196' title='bbox 580 3304 761 3376; x_wconf 87' lang='lat' dir='ltr'>Menenius</span> <span class='ocrx_word' id='word_1_197' title='bbox 775 3305 941 3400; x_wconf 78' lang='lat' dir='ltr'>Agrippa,</span> <span class='ocrx_word' id='word_1_198' title='bbox 956 3305 1040 3377; x_wconf 93' lang='lat' dir='ltr'>dum</span> <span class='ocrx_word' id='word_1_199' title='bbox 1057 3302 1253 3376; x_wconf 87' lang='lat' dir='ltr'>discordem</span> 
     </span>
     <span class='ocr_line' id='line_1_26' title="bbox 177 3425 1252 3520; baseline 0.002 -24"><span class='ocrx_word' id='word_1_200' title='bbox 177 3425 393 3519; x_wconf 86' lang='lat' dir='ltr'>scissamque</span> <span class='ocrx_word' id='word_1_201' title='bbox 424 3427 673 3520; x_wconf 89' lang='lat' dir='ltr'>rempublicam</span> <span class='ocrx_word' id='word_1_202' title='bbox 696 3450 795 3500; x_wconf 92' lang='lat' dir='ltr'>sacro</span> <span class='ocrx_word' id='word_1_203' title='bbox 821 3429 1073 3520; x_wconf 78' lang='lat' dir='ltr'>conglutinaret</span> <span class='ocrx_word' id='word_1_204' title='bbox 1092 3428 1252 3520; x_wconf 89' lang='lat' dir='ltr'>eloquio;</span> 
     </span>
     <span class='ocr_line' id='line_1_27' title="bbox 175 3549 1250 3639; baseline 0.002 -19"><span class='ocrx_word' id='word_1_205' title='bbox 175 3571 280 3639; x_wconf 91' lang='lat' dir='ltr'>quam</span> <span class='ocrx_word' id='word_1_206' title='bbox 301 3549 402 3620; x_wconf 88' lang='lat' dir='ltr'>dives</span> <span class='ocrx_word' id='word_1_207' title='bbox 430 3549 590 3632; x_wconf 88' lang='lat' dir='ltr'>Quintius</span> <span class='ocrx_word' id='word_1_208' title='bbox 612 3552 846 3638; x_wconf 74' lang='lat' dir='ltr'>Cincinnatum,</span> <span class='ocrx_word' id='word_1_209' title='bbox 869 3553 967 3636; x_wconf 91' lang='lat' dir='ltr'>dum,</span> <span class='ocrx_word' id='word_1_210' title='bbox 991 3553 1130 3624; x_wconf 88' lang='lat' dir='ltr'>deserto</span> <span class='ocrx_word' id='word_1_211' title='bbox 1156 3573 1250 3635; x_wconf 91' lang='lat' dir='ltr'>rure,</span> 
     </span>
     <span class='ocr_line' id='line_1_28' title="bbox 174 3671 1253 3766; baseline 0.006 -27"><span class='ocrx_word' id='word_1_212' title='bbox 174 3671 266 3766; x_wconf 92' lang='lat' dir='ltr'>inopi</span> <span class='ocrx_word' id='word_1_213' title='bbox 279 3672 374 3744; x_wconf 88' lang='lat' dir='ltr'>victu</span> <span class='ocrx_word' id='word_1_214' title='bbox 389 3673 542 3759; x_wconf 89' lang='lat' dir='ltr'>Romam,</span> <span class='ocrx_word' id='word_1_215' title='bbox 558 3684 594 3745; x_wconf 92' lang='lat' dir='ltr'>et</span> <span class='ocrx_word' id='word_1_216' title='bbox 607 3675 787 3748; x_wconf 90' lang='lat' dir='ltr'>obsidione</span> <span class='ocrx_word' id='word_1_217' title='bbox 805 3677 983 3748; x_wconf 90' lang='lat' dir='ltr'>consulem</span> <span class='ocrx_word' id='word_1_218' title='bbox 1005 3696 1187 3746; x_wconf 91' lang='lat' dir='ltr'>romanum</span> <span class='ocrx_word' id='word_1_219' title='bbox 1201 3686 1253 3745; x_wconf 93' lang='lat' dir='ltr'>at-</span> 
     </span>
     <span class='ocr_line' id='line_1_29' title="bbox 173 3797 1252 3891; baseline 0 -25"><span class='ocrx_word' id='word_1_220' title='bbox 173 3817 241 3886; x_wconf 93' lang='lat' dir='ltr'>que</span> <span class='ocrx_word' id='word_1_221' title='bbox 260 3797 456 3866; x_wconf 89' lang='lat' dir='ltr'>exercitum</span> <span class='ocrx_word' id='word_1_222' title='bbox 477 3797 651 3880; x_wconf 72' lang='lat' dir='ltr'>liberaret,</span> <span class='ocrx_word' id='word_1_223' title='bbox 672 3821 776 3891; x_wconf 89' lang='lat' dir='ltr'>qnam</span> <span class='ocrx_word' id='word_1_224' title='bbox 799 3799 899 3870; x_wconf 86' lang='lat' dir='ltr'>dives</span> <span class='ocrx_word' id='word_1_225' title='bbox 918 3799 1058 3882; x_wconf 90' lang='lat' dir='ltr'>Curius,</span> <span class='ocrx_word' id='word_1_226' title='bbox 1078 3819 1184 3891; x_wconf 88' lang='lat' dir='ltr'>quam</span> <span class='ocrx_word' id='word_1_227' title='bbox 1200 3798 1252 3869; x_wconf 92' lang='lat' dir='ltr'>di-</span> 
     </span>
     <span class='ocr_line' id='line_1_30' title="bbox 177 3919 1253 4017; baseline 0.006 -29"><span class='ocrx_word' id='word_1_228' title='bbox 177 3940 239 3989; x_wconf 89' lang='lat' dir='ltr'>ves</span> <span class='ocrx_word' id='word_1_229' title='bbox 260 3919 455 4004; x_wconf 77' lang='lat' dir='ltr'>FabriciuS,</span> <span class='ocrx_word' id='word_1_230' title='bbox 483 3920 565 3992; x_wconf 90' lang='lat' dir='ltr'>dnm</span> <span class='ocrx_word' id='word_1_231' title='bbox 591 3921 713 4017; x_wconf 81' lang='lat' dir='ltr'>Pyrrhi</span> <span class='ocrx_word' id='word_1_232' title='bbox 737 3921 831 4013; x_wconf 83' lang='lat' dir='ltr'>regis</span> <span class='ocrx_word' id='word_1_233' title='bbox 865 3943 905 3992; x_wconf 87' lang='lat' dir='ltr'>ac</span> <span class='ocrx_word' id='word_1_234' title='bbox 938 3921 1129 3993; x_wconf 89' lang='lat' dir='ltr'>Samnitum</span> <span class='ocrx_word' id='word_1_235' title='bbox 1153 3919 1253 4012; x_wconf 82' lang='lat' dir='ltr'>signa</span> 
     </span>
     <span class='ocr_line' id='line_1_31' title="bbox 178 4041 1253 4135; baseline 0.006 -25"><span class='ocrx_word' id='word_1_236' title='bbox 178 4051 450 4132; x_wconf 89' lang='lat' dir='ltr'>prosternerent;</span> <span class='ocrx_word' id='word_1_237' title='bbox 472 4065 575 4135; x_wconf 89' lang='lat' dir='ltr'>qnam</span> <span class='ocrx_word' id='word_1_238' title='bbox 597 4043 697 4116; x_wconf 84' lang='lat' dir='ltr'>dives</span> <span class='ocrx_word' id='word_1_239' title='bbox 717 4041 856 4116; x_wconf 82' lang='lat' dir='ltr'>Attilius</span> <span class='ocrx_word' id='word_1_240' title='bbox 876 4046 1046 4135; x_wconf 61' lang='lat' dir='ltr'>Regulus</span> <span class='ocrx_word' id='word_1_241' title='bbox 1068 4043 1152 4114; x_wconf 91' lang='lat' dir='ltr'>dum</span> <span class='ocrx_word' id='word_1_242' title='bbox 1171 4045 1253 4118; x_wconf 90' lang='lat' dir='ltr'>Car-</span> 
     </span>
     <span class='ocr_line' id='line_1_32' title="bbox 173 4163 1251 4268; baseline 0.006 -36"><span class='ocrx_word' id='word_1_243' title='bbox 173 4163 443 4256; x_wconf 82' lang='lat' dir='ltr'>thaginiensium</span> <span class='ocrx_word' id='word_1_244' title='bbox 466 4165 624 4238; x_wconf 83' lang='lat' dir='ltr'>funderet</span> <span class='ocrx_word' id='word_1_245' title='bbox 644 4167 814 4260; x_wconf 67' lang='lat' dir='ltr'>legionem</span> <span class='ocrx_word' id='word_1_246' title='bbox 849 4190 951 4261; x_wconf 88' lang='lat' dir='ltr'>quam</span> <span class='ocrx_word' id='word_1_247' title='bbox 986 4167 1087 4240; x_wconf 88' lang='lat' dir='ltr'>dives</span> <span class='ocrx_word' id='word_1_248' title='bbox 1120 4167 1251 4268; x_wconf 81' lang='lat' dir='ltr'>Appius</span> 
     </span>
    </p>
   </div>
   <div class='ocr_carea' id='block_1_3' title="bbox 0 0 1498 4800">
    <p class='ocr_par' dir='ltr' id='par_1_3' title="bbox 0 0 1498 4800">
     <span class='ocr_line' id='line_1_33' title="bbox 0 0 1498 4800; baseline 0 2"><span class='ocrx_word' id='word_1_249' title='bbox 0 0 1498 4800; x_wconf 95' lang='lat' dir='ltr'> </span> 
     </span>
    </p>
   </div>
  </div>
 </body>
</html>
