3078 4798
595 581 783 646 FRANGlSCl
812 578 1019 644 PETRAllCAE

409 811 480 886 un
533 805 719 886 nunus
775 799 1204 882 anllLlanBUS
1294 779 1296 785 ’

362 957 364 962 ’
503 999 1123 1076 ninnusnxuusunoiuus.

772 1231 850 1243 ⁶¹—-

703 1507 883 1571 EPlSTOLA
905 1507 924 1569 l.

298 1694 492 1746 FRANGISCUS
514 1690 683 1740 benennon
705 1689 898 1738 subinnuue
920 1687 970 1738 ΕΡ.
992 1687 1119 1736 ΑΕΕΑΝΟ
1140 1687 1181 1736 ΕΤ
1202 1687 1340 1736 eumeni·

487 1797 537 1844 ΕΡ.
560 1793 739 1844 PORTUENSI
760 1792 992 1842 cnunlunblssus
1013 1792 1040 1840 S.
1061 1793 1089 1840 P.
1111 1791 1141 1840 D.

313 1970 454 2024 Auenione
469 1985 498 2023 se
512 1968 630 2022 missum
645 1967 705 2021 fieri
719 1966 798 2038 petit,
816 1970 847 2020 ut
861 1965 896 2018 ad
911 1965 1016 2020 sontem
1031 1964 1135 2035 Surgiae
1149 1963 1234 2018 rebus
1249 1963 1307 2018 suis

381 2057 507 2114 consulat
521 2057 556 2114 ob
571 2062 696 2112 montem·
704 2055 787 2112 villici
802 2055 846 2110 sui
861 2054 936 2110 omni
951 2053 1075 2108 custodia
1087 2051 1237 2108 destitutis.

370 2297 405 2366 Si
425 2297 481 2366 ille
499 2294 825 2386 Carthaginensium
847 2292 980 2387 primus
1001 2303 1112 2362 terror
1132 2291 1272 2362 Marcus
1290 2288 1352 2361 At-

272 2421 364 2491 lilius
385 2421 542 2511 Regulus
564 2439 729 2509 magnum
752 2426 787 2488 el
803 2435 932 2510 anceps
958 2413 994 2484 in
1013 2412 1129 2486 Africa
1152 2412 1352 2508 reipublicae

233 2597 241 2607 .
273 2542 454 2632 negocium
477 2562 603 2631 gerens
630 2561 773 2611 causam
795 2562 816 2610 a
842 2547 965 2610 senatu
986 2537 1148 2631 pelendae
1173 2533 1351 2608 missionis

273 2666 366 2735 illam
388 2685 458 2734 non
484 2662 624 2733 erubuit
650 2662 772 2734 litteris
793 2661 961 2746 inserere,
988 2661 1083 2753 quod
1102 2661 1238 2760 villicus
1265 2680 1352 2730 suus

272 2787 331 2880 qui
352 2808 462 2880 pauca
488 2785 554 2856 sibi
579 2783 772 2856 suburbani
805 2785 880 2876 agri
907 2785 1026 2876 iugera
1052 2785 1206 2855 coluerat
1229 2782 1352 2853 deces-

274 2913 395 2992 sisset3
427 2908 511 3001 quid
535 2905 740 2977 erubescam
766 2928 832 2996 ego
858 2906 984 2998 privati
1010 2906 1198 2988 modicum,
1225 2901 1351 2998 publici

274 3029 409 3121 negocii
429 3028 512 3098 nibil
534 3048 658 3118 agens,
681 3027 831 3112 euobis,
855 3029 1030 3119 geminum
1051 3029 1160 3100 decus
1179 3025 1349 3108 ecclesie,

275 3148 476 3219 missionem
509 3147 666 3239 flagitare
698 3147 857 3218 eamdem
902 3148 948 3220 ob
971 3171 1127 3234 causum,
1149 3147 1244 3242 quud
1264 3144 1352 3216 villi-

274 3293 337 3344 cus
357 3291 496 3364 quoque
521 3292 620 3341 meus
647 3269 749 3341 vobis
772 3293 840 3341 non
865 3271 1019 3363 ignotuS,
1047 3271 1106 3365 qui
1133 3270 1217 3342 mibi
1242 3276 1352 3366 peuce

274 3394 392 3466 itidem
419 3391 501 3463 sicci
527 3393 619 3463 ruris
646 3393 767 3486 iugera
799 3393 943 3478 colebat,
972 3392 1136 3466 hesterno
1163 3394 1222 3466 die
1245 3392 1354 3465 obiit?

276 3518 396 3610 Neque
413 3513 505 3585 enim
524 3537 658 3600 vereor,
674 3538 717 3587 ne
734 3517 813 3609 quis
832 3516 986 3588 vestrum
1002 3540 1094 3588 nunc
1110 3517 1195 3588 mihi
1212 3538 1354 3612 respon-

276 3642 359 3712 deat
371 3639 464 3733 quod
479 3649 560 3711 tunc
575 3649 717 3710 senatus
736 3638 861 3722 Altino,
878 3637 1064 3732 iubeatque
1077 3639 1198 3733 coeptis
1215 3639 1355 3712 insiste-

167 3849 169 3856 ·
278 3785 324 3847 re,
339 3776 375 3834 et
387 3762 422 3832 in
437 3783 476 3834 se
489 3783 607 3834 curum
626 3761 757 3833 deserti
775 3762 866 3831 ruris
878 3761 1041 3857 excipiat.
1055 3762 1150 3833 lllius
1166 3762 1258 3836 enim
1271 3783 1355 3854 egen

278 3887 397 3956 Romae
414 3893 502 3956 erat:
523 3905 621 3954 meus
643 3883 687 3954 ad
703 3885 834 3954 ‘fontem
853 3884 987 3975 Surgiae
1005 3905 1073 3956 non
1095 3886 1162 3956 nisi
1183 3884 1356 3956 tenuive

280 4006 333 4077 bis
354 4007 515 4096 cognitus
536 4008 626 4077 lamu
649 3983 754 4078 locus.
777 4005 919 4080 Accedit
939 4010 1033 4100 quod
1060 4008 1171 4079 maior
1195 4008 1354 4100 quaedam

280 4129 364 4197 mihi
382 4126 621 4200 sollicitudinis
643 4151 749 4200 ceusu
769 4140 837 4200 est:
861 4131 1089 4221 nequeenim,
1109 4140 1148 4201 ul
1165 4111 1229 4215 ille,
1249 4129 1358 4201 incul-
