3062 4798
376 353 467 401 trouu
489 349 1006 402 suerruususcruus.—urrsroan
1027 352 1069 400 ur.
1202 337 1260 400 llll

180 489 276 561 dices
297 485 444 559 haberet
466 510 529 559 sua
556 488 612 558 illa
637 487 797 573 felicitas,
819 491 853 560 et
873 489 968 580 quod
992 487 1036 558 de
1064 487 1187 560 eodem
1214 489 1261 557 le-

180 610 297 702 gimus
320 609 451 682 sciebat
473 619 641 703 expertus
672 639 681 656 ·

299 811 397 884 Quam
413 829 473 875 non
492 830 509 875 e
528 813 625 875 stabili
642 813 773 876 tremulo
791 813 844 876 sed
859 813 991 876 culmine
1009 819 1115 883 cuncta

298 910 470 990 Despiceret
488 917 641 990 staretque
658 929 751 992 super
768 911 928 975 titubantia
945 913 1039 974 lultus
1050 906 1075 982 ¹;

179 1108 328 1200 ideoque
359 1109 534 1179 servorem
560 1108 676 1199 magni
701 1106 808 1178 animi
829 1105 987 1178 modesto
1008 1104 1151 1176 consilio
1172 1104 1263 1176 miti-

180 1230 297 1320 gabat,
326 1233 512 1303 multorum
539 1253 671 1301 memor
692 1229 747 1300 ille
774 1229 1024 1302 discriminum.
1047 1228 1262 1299 Multilormi-

180 1362 232 1423 ter
250 1353 304 1424 hic
324 1375 498 1438 erramus;
517 1376 597 1426 uam
618 1363 653 1424 et
670 1374 751 1445 quas
767 1352 931 1424 videntur
951 1352 1058 1423 felicia
1078 1373 1145 1423 non
1165 1361 1257 1434 sunt,

179 1485 213 1546 et
238 1497 318 1568 quae
352 1497 533 1569 speramus
560 1476 727 1548 duratura
749 1497 816 1546 non
838 1474 980 1559 durant,
999 1484 1035 1545 et
1050 1495 1131 1566 quae
1154 1477 1263 1545 semel

179 1595 295 1668 abiere
312 1620 380 1669 non
407 1598 576 1683 redeunt;
598 1599 683 1670 nihil
696 1601 798 1692 quale
815 1597 920 1689 coepit
937 1596 1077 1679 desinit;
1098 1598 1263 1668 universa

180 1730 407 1811 praetereunt:
427 1730 564 1813 tempus
579 1721 667 1806 lluit,
684 1743 796 1792 annus
816 1720 975 1804 vertitur,
991 1719 1067 1791 dies
1085 1728 1260 1812 properat,

179 1842 299 1911 volant
332 1842 439 1926 horae,
467 1845 515 1914 sol
558 1844 702 1938 obliquo
731 1846 816 1914 calle
848 1841 1148 1924 circumflectitur,
1181 1842 1262 1912 luna

180 1961 334 2053 quotidie
357 1964 423 2034 alia
445 1985 653 2058 semperque
673 1963 854 2035 dissimilis
883 1962 965 2046 sibi,
993 1986 1169 2057 nunquam
1185 1985 1263 2034 ¹uuo

179 2086 280 2155 oculo
298 2085 439 2155 fratrom
456 2084 563 2155 videt.
591 2084 677 2155 Hinc
707 2084 808 2155 nobis
838 2086 913 2155 haec
939 2097 1132 2178 temporum
1163 2105 1264 2176 pera-

180 2228 296 2279 moena
322 2207 496 2291 varietas,
531 2207 785 2300 amoenitasque
814 2206 984 2298 pervarie,
1012 2216 1050 2276 ut
1074 2205 1134 2276 ubi
1159 2207 1263 2278 modo

181 2329 243 2400 nix
263 2330 381 2422 riguit,
402 2352 482 2404 rosa
505 2353 589 2402 mox
614 2331 751 2416 ssoreat,
768 2339 803 2400 et
824 2330 884 2422 qui
905 2328 1009 2400 modo
1029 2328 1145 2399 nudus
1163 2350 1265 2400 areu-

183 2453 276 2546 tiquc
306 2454 427 2525 similis
454 2465 597 2526 truncus
635 2464 721 2539 erat,
757 2475 840 2525 mox
873 2452 1054 2523 frondibus
1080 2453 1262 2537 vestiatur;

181 2575 241 2666 qui
263 2575 377 2646 tenuis
407 2599 519 2670 nuper
549 2583 584 2647 et
609 2564 773 2647 aestivum
809 2577 984 2646 resolutus
1018 2572 1052 2642 in
1085 2575 1262 2665 pulverem

181 2689 325 2794 campus
345 2700 422 2783 luit,
444 2673 614 2771 imbribus
644 2699 858 2790 astringatur
884 2719 924 2768 ac
941 2695 1148 2788 pinguescat
1172 2697 1263 2768 assi-

182 2819 272 2890 duis.
287 2821 409 2893 Omnia
424 2832 552 2893 statum
567 2830 709 2903 mutant,
726 2830 837 2903 terrae,
853 2819 972 2902 maria,
987 2817 1113 2888 coelum
1130 2817 1262 2912 ipsum;

182 2940 285 3012 homo
306 2943 600 3016 laboriosissimus
619 2943 729 3016 incola
752 2940 1061 3033 nobilissimusque
1079 2948 1260 3025 terrarum,

182 3063 282 3134 cuius
314 3066 475 3137 continue
502 3077 614 3140 sortes
650 3076 815 3151 tremunt,
844 3064 943 3139 cuius
977 3085 1076 3134 mens
1103 3076 1264 3136 movetur

184 3185 380 3270 affectibus,
405 3209 530 3280 corpus
552 3190 650 3273 lociS,
665 3192 764 3260 cuius
784 3189 951 3259 minuitur
968 3186 1002 3255 in
1020 3184 1260 3276 dieslanimus,

183 3308 350 3380 memoria
380 3309 547 3394 senescit,
575 3309 823 3402 ingeniumque
856 3310 1065 3391 retunditur,
1097 3310 1263 3380 valetudo

184 3432 386 3517 concutitur,
410 3433 515 3503 robur
541 3431 714 3517 atteritur,
741 3431 876 3522 agilitas
902 3429 1130 3521 ingravescit,
1153 3433 1263 3501 forma

183 3557 412 3641 consumitur,
427 3555 531 3627 vviror
551 3553 694 3639 excidit,
714 3573 809 3625 mors
830 3551 1038 3644 insequitur,
1066 3551 1155 3642 fugit
1179 3550 1261 3622 vita.
1334 3605 1342 3624 .

185 3679 254 3751 Sed
274 3702 353 3751 cum
380 3701 444 3752 sua
466 3678 629 3750 omnibus
659 3677 704 3750 sit
737 3675 886 3768 vertigo,
910 3685 1024 3747 tamen
1050 3674 1262 3746 creberrima

184 3803 337 3875 omniurn
357 3813 412 3875 est
431 3800 611 3874 alternatio
630 3803 794 3884 fortunae,
817 3797 911 3892 quod
931 3796 1056 3868 acriter
1072 3797 1263 3868 attendisse

184 3926 253 3997 visi
274 3935 356 3998 sunt
374 3926 435 4018 qui
455 3933 566 3996 rotam
584 3924 629 3994 illi
649 3923 799 3995 tribuere
816 3921 1026 3992 versatilem.
1041 3922 1086 3990 Et
1100 3919 1264 3991 miramur

185 4047 299 4119 adhuc
325 4048 481 4120 moribus
508 4069 608 4120 usam
636 4046 731 4118 suis?
758 4043 899 4118 uincere
924 4043 1004 4116 victi
1031 4051 1181 4136 possunt
1205 4043 1264 4136 qui

277 4203 284 4237 ⁸
303 4205 395 4256 ercan.
413 4204 466 4255 Lib.
485 4203 513 4253 V.
