2958 4804
351 329 441 381 mnau
463 325 970 388 colurusnnumus.-nrlsrouu
991 329 1033 379 ut.
1174 319 1228 380 eal

136 471 265 552 forma,
292 468 380 560 quid
402 465 597 551 munditiae,
620 466 704 560 quid
725 469 839 538 cultus
860 469 1026 560 corporis,
1055 468 1234 563 splendor-

134 613 202 682 que
225 609 446 683 purpureuS,
469 587 553 681 quid
574 588 725 660 uestium
745 589 901 660 studiosa
919 589 1088 674 varietas,
1107 591 1233 684 exqui-

136 711 306 804 situsque
342 711 496 792 habitus,
532 710 617 803 quid
650 709 902 782 iucundissima
936 731 1007 782 vox
1037 721 1232 805 cantusque

135 831 356 915 mellifluuS,
377 832 460 923 quid
482 834 578 926 lepor
599 830 634 900 in
652 831 774 914 verbo,
794 827 878 924 quid
899 831 1055 924 angelica
1074 833 1233 906 suavitas

136 957 169 1024 in
194 955 362 1034 incessu,
389 952 424 1022 iu
450 963 572 1044 gustu,
600 953 634 1023 in
663 951 839 1036 accubitu,
863 953 897 1022 in
923 952 1024 1036 iocis,
1047 953 1081 1023 in
1108 955 1233 1026 seriis?

138 1074 236 1144 Anne
259 1075 321 1144 his
336 1074 498 1144 omnibus
519 1076 573 1144 vel
596 1085 768 1145 momento
787 1075 951 1168 temporis
969 1073 1108 1146 differre
1124 1077 1234 1169 potuit

137 1195 260 1265 mortis
284 1195 436 1265 horam?
457 1196 484 1265 Ο
502 1215 560 1266 res
578 1195 757 1265 hominum
779 1194 978 1286 ambiguus,
996 1216 1018 1266 o
1035 1196 1232 1292 impraeme·

139 1314 418 1386 ditatosexitus!
435 1315 631 1387 Ofellacem
647 1336 753 1408 spem,
770 1313 1027 1408 volubilemque
1039 1317 1227 1388 fortunam!

139 1435 165 1505 Ο
186 1437 403 1508 tenuissimo
421 1435 479 1508 filo
497 1437 626 1528 gaudia
642 1445 762 1507 nostra
780 1437 985 1530 pendentia!
1006 1438 1033 1507 Ο
1052 1462 1229 1534 nunquam

139 1567 271 1628 certum
302 1555 511 1628 mortalibus
538 1578 746 1651 semperque
772 1571 974 1650 suspectum
1002 1581 1043 1631 ee
1068 1559 1231 1632 lormida-

141 1676 242 1749 bilem
264 1680 327 1750 sati
349 1679 462 1752 diem!
492 1680 562 1750 Sed
583 1679 668 1772 quid
688 1683 782 1770 agol
806 1681 896 1753 Ecce
924 1682 990 1754 iam
1017 1682 1229 1776 pedetentim

140 1802 304 1893 pelagum
327 1803 505 1896 ingredior
527 1802 589 1873 vix
610 1801 698 1873 bene
720 1812 815 1874 tutus
836 1804 872 1874 in
892 1804 1002 1877 litore.
1030 1807 1151 1898 ltaque
1177 1828 1231 1876 re-

142 1921 322 1995 deundum
344 1935 409 1995 est.
432 1917 574 1994 Amicus
602 1932 721 1994 noster
742 1925 842 2018 periit
868 1949 937 2018 quo
964 1927 1049 1998 nihil
1074 1927 1229 1998 ornatius

145 2043 263 2118 ciuitas
297 2047 358 2117 illa
390 2057 570 2139 genuerat.
604 2044 696 2117 Talis
730 2046 776 2117 ibi
810 2050 923 2139 qualis
955 2050 1074 2119 Romae
1100 2049 1228 2141 Scipio,

143 2168 252 2256 qualis
286 2170 425 2262 Spartae
458 2169 652 2253 Leonidas,
687 2169 801 2261 qualis
834 2169 1031 2240 Alcibiades
1065 2167 1228 2254 AtheniS,

145 2290 240 2362 cuius
260 2292 348 2363 nulli
371 2289 560 2362 secundam
582 2290 731 2362 indolem
754 2289 871 2360 mirari
893 2293 1000 2374 solen,
1020 2312 1124 2383 quem
1144 2293 1227 2374 colo,

146 2431 243 2500 quem
266 2411 392 2495 dilexi,
415 2422 451 2482 et
476 2411 536 2504 qui
558 2410 640 2480 milri
663 2431 767 2502 quam
791 2433 894 2482 carus
916 2410 1030 2497 luerit,
1052 2395 1228 2503 nunquam

147 2532 268 2604 clarius
294 2555 403 2627 quam
431 2533 609 2626 perdendo
634 2531 795 2624 cognovi.
827 2533 944 2603 Talem
974 2531 1081 2622 igitur
1106 2551 1228 2604 casum

149 2650 267 2724 lucitus
288 2657 381 2726 ferre
401 2677 469 2726 non
491 2654 597 2748 potui.
625 2652 695 2724 Sed
716 2673 784 2723 nun
810 2652 890 2724 ideo
915 2652 1027 2744 longis
1054 2654 1230 2745 querimo-

147 2772 209 2844 niis
227 2775 480 2869 indulgendum
498 2787 562 2848 est.
581 2775 685 2847 Periit
705 2774 838 2846 amicus
856 2777 1003 2846 noster‘l
1020 2775 1128 2846 Immo
1145 2798 1229 2848 vero

149 2900 311 2985 pereundi
330 2897 434 2970 finem
457 2898 596 2991 reperit.
619 2898 732 2970 Obiit‘l
750 2899 859 2970 lmmo
877 2897 975 2982 abiit,
990 2897 1049 2969 ubi
1067 2897 1136 2966 iam
1155 2896 1230 2969 sine

150 3015 292 3092 abeundi
316 3019 533 3094 solicitudine
558 3032 724 3114 metuque
749 3030 958 3114 permaneat.
981 3019 1101 3092 Abiil‘l
1121 3020 1229 3093 lmmo
1358 3087 1361 3092 ,

150 3141 259 3227 potius
285 3144 390 3216 rediit
416 3143 508 3215 unde
541 3143 767 3227 discesserat,
803 3143 896 3216 unde
925 3143 1227 3237 peregrinabatur,

152 3262 238 3334 unde
257 3265 441 3350 exulabat3
463 3264 629 3337 rediitad
649 3266 746 3338 illum
768 3288 789 3337 a
810 3287 879 3358 quo
899 3266 934 3335 in
955 3266 1148 3338 custodiam
1172 3287 1230 3338 ca·

153 3378 240 3470 duci,
261 3389 343 3460 licet
361 3387 584 3482 pulcherrimi
609 3388 779 3481 corporis,
802 3386 932 3458 missus
959 3398 1043 3459 erat.
1070 3391 1229 3460 Mortuus

153 3508 223 3574 est?
232 3509 341 3582 lmmo
354 3532 418 3582 nos
429 3509 573 3582 assidue
587 3510 773 3581 morientes
786 3507 965 3593 deserens,
975 3530 1066 3580 nunc
1079 3510 1228 3602 primum

155 3623 244 3699 vivit.
270 3633 434 3726 Sepultus
460 3635 539 3702 est‘l
564 3632 673 3702 Immo
700 3629 870 3722 gravibus
893 3629 1017 3701 vinclis
1042 3629 1228 3722 explicitus

155 3763 250 3821 suum
268 3764 385 3839 terrae,
401 3755 489 3826 coelo
507 3775 610 3824 suum
628 3751 789 3824 reddidit.
812 3752 905 3822 lacet
921 3751 1083 3844 equidem
1100 3770 1227 3841 corpus

155 3871 309 3945 exanime
335 3884 371 3946 et
390 3879 508 3948 oculos
531 3874 776 3968 spectantium,
800 3895 889 3967 quos
910 3875 1062 3944 mulcere
1082 3895 1229 3945 consue-

157 4002 260 4077 verat,
293 4019 386 4068 nunc
419 4006 545 4081 terret3
578 3996 717 4068 animus
748 4008 861 4068 autem
892 4016 1059 4089 corporeo
1090 4016 1227 4068 carcere

157 4103 329 4204 liberatus,
352 4119 420 4190 iam
442 4121 554 4192 laetior
576 4141 782 4213 semperque
801 4119 878 4214 ipso
903 4118 1087 4192 formosior
1111 4141 1152 4190 ac
1174 4119 1227 4191 vi-
