2988 4800
246 315 303 378 100
583 329 624 376 uu
646 328 746 377 annus
768 329 988 378 anuumnmus

245 467 450 538 summatius
471 462 632 557 impleam
653 464 799 536 summis
813 465 848 534 in
863 463 940 535 dies
956 463 1092 535 viribus
1113 465 1206 550 eniti,
1221 469 1317 560 quod

244 609 314 658 non
334 586 379 657 ad
403 585 547 677 gloriam
571 606 697 669 meam,
724 584 787 677 qui
811 585 925 656 adhuc
956 583 1074 656 multis
1101 585 1135 654 in
1156 587 1255 658 malis
1276 611 1317 659 ac

244 709 394 780 miseriis
427 729 562 793 versor,
596 708 652 780 cui
677 710 806 779 multus
832 708 934 780 etde
959 708 1135 801 praeterito
1159 710 1259 782 dolor
1283 722 1319 782 et

244 833 288 904 de
308 819 612 927 praesenti‘labom
646 840 682 900 ct
712 830 757 902 de
789 832 905 901 futuro
926 840 1040 902 metus
1073 841 1143 914 est,
1177 833 1242 934 sed
1273 833 1317 904 ad

245 954 364 1048 gaudii
385 955 434 1026 tui
453 954 620 1046 primitias
641 975 757 1038 narr03
780 938 882 1026 simul
899 964 949 1038 ut,
967 977 1038 1047 quo
1058 955 1181 1026 melius
1201 954 1245 1026 de
1263 977 1318 1026 me

244 1098 386 1171 sperare
404 1075 551 1167 coeperis
571 1097 613 1147 co
633 1075 824 1160 ferventius
857 1098 921 1170 pro
954 1097 1009 1146 me
1041 1075 1185 1169 incipias
1206 1098 1316 1148 orare.

245 1201 333 1269 Sunt
352 1209 466 1269 autem
488 1197 553 1268 tria
572 1198 649 1269 haec
673 1197 708 1268 in
734 1196 861 1291 quibus
890 1197 951 1268 tibi
976 1199 1085 1291 parui.
1112 1199 1200 1270 Nam
1225 1197 1318 1270 etin

244 1321 365 1414 primis
391 1320 526 1392 abditas
549 1323 719 1392 scelerum
745 1343 902 1393 meorum
924 1321 1061 1406 sordes,
1084 1343 1164 1414 quae
1184 1323 1319 1396 funesta

164 1466 169 1476 ·
247 1444 392 1536 segnitie
405 1446 578 1537 longoque
591 1443 728 1515 silentio
745 1452 962 1538 putruerant‚
982 1443 1018 1513 in
1034 1453 1192 1539 apertum
1210 1446 1320 1516 mani-

245 1564 313 1637 bus
334 1567 520 1638 salutiferae
539 1566 766 1638 confessionis
783 1566 900 1638 elicui:
917 1565 1023 1659 idque
1044 1565 1173 1660 saepius
1194 1569 1320 1649 facere,

247 1699 350 1780 atque
371 1689 417 1758 ita
437 1688 661 1782 omnipotenti
681 1687 815 1760 medico
835 1711 966 1762 caecum
984 1687 1089 1760 animi
1106 1689 1174 1760 mei
1191 1692 1320 1764 vulnus

246 1811 443 1896 ostendere,
465 1811 807 1883 inconsuetudinem
828 1812 971 1884 adduxi.
993 1811 1124 1884 Deinde
1140 1833 1208 1882 non
1226 1812 1321 1884 diur-

246 1959 310 2008 nas
331 1936 436 2007 modo
461 1936 525 2007 sed
557 1945 744 2008 nocturnas
770 1935 816 2006 ad
847 1937 969 2008 laudes
998 1935 1135 2008 Christo
1154 1935 1322 2009 dicendas

247 2059 335 2132 adeo
367 2058 524 2154 impiger,
559 2057 683 2130 eodem
710 2058 916 2142 solicitante,
943 2060 1053 2130 factus
1081 2080 1175 2142 sum,
1201 2058 1321 2132 uthis

247 2183 352 2256 etiarn
369 2181 588 2255 brevissimis
608 2181 781 2266 noctibus,
801 2179 1015 2275 quantalibet
1032 2180 1182 2254 serotina
1201 2182 1324 2275 latiga-

248 2318 322 2378 tum
342 2306 475 2398 vigilia,
497 2326 674 2398 nunquam
694 2326 751 2375 me
772 2306 830 2375 vel
851 2303 1001 2399 sopitum
1021 2306 1079 2375 vel
1099 2305 1240 2376 tacitum
1260 2326 1323 2376 au-

248 2452 328 2502 rora
348 2427 507 2522 reperiat.
529 2428 581 2498 lta
600 2427 685 2497 mibi
704 2426 832 2520 placuit
856 2426 942 2497 illud
964 2426 1171 2499 Psalmistae:
1195 2422 1323 2518 Septies
1403 2473 1408 2488 .

248 2553 285 2620 io
304 2548 356 2619 dic
373 2547 503 2618 budam
523 2547 601 2618 dtur·
625 2550 697 2632 titt,
720 2559 758 2620 ut
782 2570 829 2618 ex
849 2570 919 2642 quo
940 2551 1049 2620 semel
1073 2549 1166 2620 hunc
1191 2569 1322 2620 morem

250 2693 329 2744 sum
350 2672 547 2764 amplexus,
571 2672 664 2742 nulla
689 2693 745 2742 me
771 2673 829 2743 vel
855 2674 964 2744 semel
989 2669 1035 2742 ab
1059 2670 1195 2765 incepto
1220 2691 1325 2743 occu-

248 2796 341 2891 patio
361 2794 486 2869 diurna
506 2795 725 2878 distraxerit3
745 2804 781 2866 et
800 2791 884 2866 illud
905 2795 1081 2868 eiusdem:
1099 2775 1210 2866 Media
1230 2805 1324 2868 nocte

217 2941 218 2946 ’
249 2921 421 3013 carpebam
440 2916 484 2988 ud
503 2916 722 3011 confitendum
743 2918 815 3000 u'tt,
835 2925 873 2988 ut
892 2916 1046 3010 quotidie
1071 2917 1128 2990 illa
1152 2918 1240 2991 hora
1263 2937 1323 2988 ne-

251 3041 322 3116 scio
358 3063 461 3134 quern
493 3041 538 3112 ad
570 3040 794 3113 excitandum
822 3063 884 3126 ¹me
915 3041 1037 3112 venire
1071 3042 1233 3126 sentiam,
1264 3039 1324 3133 qui

251 3165 351 3259 gravi
371 3163 449 3237 licet
469 3185 591 3237 somno
610 3187 771 3259 pressum
788 3164 941 3236 dormire
957 3163 1147 3258 prohibeat.
1169 3163 1322 3234 Tertium
1352 3177 1354 3182 ‘

251 3287 419 3380 estquod
440 3287 652 3360 consortium
668 3287 823 3372 seminae,
844 3285 919 3358 sinc
938 3309 1009 3379 quo
1034 3286 1208 3359 interdum
1229 3286 1325 3358 aesti-

236 3433 428 3483 maveram
448 3433 518 3482 non
537 3431 641 3504 posse
660 3409 796 3494 vivere,
817 3419 928 3482 morte
945 3431 1037 3482 nunc
1054 3409 1199 3502 gravius
1217 3411 1325 3503 pcrti-

252 3555 384 3608 mesco:
398 3542 432 3604 et
449 3555 661 3626 quamquam
680 3553 773 3625 saepe
793 3531 1038 3604 tentationibus
1059 3531 1180 3604 turber
1198 3533 1325 3604 acerri-

251 3658 333 3742 miS,
369 3664 499 3740 tamen,
531 3654 614 3725 dum
648 3654 682 3726 in
716 3654 868 3726 animum
889 3655 980 3728 redit
998 3655 1083 3749 quid
1107 3663 1162 3726 est
1181 3654 1321 3740 femina,

200 3855 203 3861 ,
252 3778 365 3852 omnis
385 3777 526 3863 tentatio
550 3778 731 3850 confestim
755 3781 883 3865 avolat,
910 3789 946 3849 et
969 3800 1036 3870 ego
1061 3777 1107 3849 ad
1132 3775 1323 3848 libertatem

252 3911 287 3974 et
307 3903 353 3974 ad
368 3924 488 3995 pacem
506 3923 619 3974 meam
636 3901 752 3974 redeo.
770 3901 904 3986 Quibus
917 3899 953 3971 in
965 3899 1071 3972 rebus
1088 3896 1324 3970 amantissime

253 4023 322 4096 tuis
343 4047 399 4096 me
419 4024 581 4118 precibus
607 4024 764 4097 adiutum
790 4046 871 4097 esse
895 4023 1012 4106 credo,
1041 4030 1077 4092 et
1102 4022 1258 4095 adiutum
1283 4017 1324 4088 iri

255 4158 358 4241 spero
378 4156 482 4240 atque
501 4147 646 4221 obsecro
665 4171 728 4242 per
749 4145 1018 4220 misericordiam
1040 4144 1135 4217 Illius
1152 4145 1210 4238 qui
1233 4153 1267 4214 te
1289 4140 1327 4210 in
