2988 4800
492 537 679 606 unnuolscl
709 539 914 606 PETRARCAE

300 751 373 830 ou
410 749 612 853 ⁸nlaous
670 751 1099 860 Faulultalsstts

452 968 601 1041 uranu
639 917 950 1041 uunncuuus

590 1445 768 1513 EPISTULA
794 1447 815 1511 l.

229 1638 429 1690 Fanuclsctts
450 1639 618 1691 Parauaea
639 1641 772 1692 loflnnru
792 1643 833 1692 DE
855 1642 1023 1694 CERTALDO
1044 1644 1071 1693 S.
1093 1645 1121 1693 P.
1143 1644 1173 1693 D.

202 1823 295 1880 lotum
308 1825 383 1880 ealce
398 1825 464 1896 equi
477 1842 564 1898 prope
578 1825 737 1882 Vulsinium
751 1843 816 1882 orus
831 1827 882 1882 sibi
896 1842 975 1900 paena
989 1827 1107 1883 fractum
1121 1825 1206 1884 fuisse

392 1918 502 1985 narrat,
518 1929 609 1986 neque
624 1914 714 1972 adhue
728 1915 825 1972 Romae
839 1917 1018 1972 convaluisse.

264 2133 456 2229 Sperabam
472 2134 537 2208 loci
554 2144 659 2230 atque
672 2135 778 2208 animi
790 2135 981 2210 mutatione
997 2136 1123 2208 mutari
1137 2157 1247 2229 posse

166 2259 351 2341 fortunam,
367 2256 430 2330 sed
445 2257 606 2342 fallebar,
629 2267 669 2329 ut
685 2256 803 2330 video:
825 2277 1046 2350 quooumquo
1061 2257 1167 2348 fugio,
1189 2257 1247 2329 illa

167 2401 223 2451 roe
244 2379 412 2472 sequitur.
434 2379 504 2452 Seu
523 2401 579 2450 me
599 2401 705 2452 ourru
726 2377 883 2463 volubili,
906 2399 969 2451 sou
989 2377 1148 2450 frementi
1167 2399 1245 2450 eor-

167 2501 303 2595 nipede,
325 2522 390 2574 seu
409 2501 540 2576 volanti
565 2501 718 2596 navigio,
741 2522 806 2574 seu
824 2501 974 2595 deniquo
994 2500 1160 2574 dedaliois
1184 2497 1249 2573 alis

88 2721 90 2726 Ι
168 2623 358 2710 abstulero,
380 2626 565 2718 profugum
585 2632 686 2698 torva
705 2621 909 2718 praevoniet.
930 2623 1177 2716 Nequidquam
1198 2631 1250 2694 ta-

169 2768 264 2818 mon:
286 2745 449 2819 vellicare
473 2746 567 2820 enim
587 2755 702 2840 potest
732 2755 768 2818 et
800 2744 994 2840 impellere;
1013 2753 1247 2839 prosternere,

170 2869 239 2944 iam
265 2871 338 2942 Deo
364 2889 509 2963 gressus
541 2891 640 2944 meos
674 2876 907 2954 sustentante,
929 2888 999 2940 non
1024 2876 1149 2961 potest.
1178 2867 1249 2939 Iam

171 3015 252 3081 oum
272 2993 446 3066 Demetrio
465 2992 570 3066 didioi
601 3001 638 3064 et
671 2990 837 3064 mandare
868 2990 1031 3086 l'aqueum
1063 2990 1189 3062 minaoi
1217 2998 1252 3060 et

101 3211 104 3218 Ι
172 3113 326 3188 medium
358 3137 511 3208 unguem
536 3115 758 3208 indignanter
782 3114 979 3187 ostendere.
1005 3114 1167 3184 Retentat
1190 3111 1250 3182 ilia

174 3259 231 3309 me
250 3247 367 3310 tamen
383 3238 517 3312 artibus
530 3239 627 3324 suis,
648 3248 686 3312 et
703 3261 725 3311 a
745 3258 816 3332 quo
837 3257 933 3332 saepo
951 3235 1019 3310 sub
1035 3236 1135 3308 annis
1157 3245 1253 3308 tene-

174 3360 325 3434 rioribus
338 3354 430 3433 viota
446 3373 513 3446 est,
529 3383 611 3435 eum
628 3362 768 3434 vincere
785 3360 972 3434 meditatur
989 3369 1092 3432 aetate
1110 3361 1178 3431 iam
1196 3380 1252 3432 so-

174 3483 245 3555 lida
264 3493 299 3556 et
320 3483 514 3577 tranquilla,
535 3483 639 3576 quasi
657 3483 793 3556 facilius
814 3483 861 3556 sit
879 3507 960 3556 oum
980 3485 1118 3557 seniore
1142 3491 1254 3557 certa-

176 3626 267 3688 men,
288 3613 405 3697 atque,
428 3614 466 3675 ut
481 3605 635 3699 corporis
655 3605 771 3698 vigor,
790 3605 840 3678 sio
857 3605 962 3678 animi
982 3606 1078 3678 vires
1101 3603 1264 3695 vivendo,

177 3725 505 3820 decreverint;quae
518 3725 585 3800 nisi
599 3728 948 3814 oravissent,frustra
960 3749 1016 3798 me
1028 3726 1164 3799 vixisse
1177 3725 1254 3818 qui-

177 3847 259 3920 dem
280 3848 477 3922 arbitrarer.
492 3851 637 3922 Perinde
653 3872 743 3945 quos
756 3852 814 3923 illa
826 3851 911 3923 mihi
922 3872 1033 3944 nuper
1047 3851 1190 3942 laqueos
1204 3857 1255 3922 te
1377 3835 1380 3842 ¹

180 3971 336 4064 tenderit,
351 3995 487 4046 nemea
500 3983 533 4046 te
546 3974 583 4046 in
595 3973 858 4047 admirationem
871 3995 969 4045 mora
981 3972 1116 4066 longior
1128 3973 1253 4056 trahat,

179 4093 304 4166 dioam.
325 4096 469 4172 Romam
488 4119 566 4190 ego,
589 4108 629 4170 ut
649 4097 732 4183 sois,
760 4099 908 4170 salutato
932 4094 1072 4190 quidem
1094 4105 1135 4183 te,
1158 4105 1253 4190 pete-

181 4215 275 4303 bam,
290 4241 360 4312 quo
376 4241 488 4294 annus
505 4220 575 4307 bio,
593 4244 698 4314 quom
715 4221 805 4296 votis
821 4219 1020 4316 optavimus
1040 4229 1249 4315 peccatores,
