3062 4798
212 365 216 373 ·
271 347 329 406 l50
608 355 648 402 nn
670 354 771 403 annus
792 353 1014 406 nnnttttntans

271 493 359 575 nias,
379 489 474 562 unde
492 487 530 560 lit
543 501 582 562 ut
593 489 696 560 dives
713 489 826 581 inopis
844 488 879 558 in
897 510 1027 561 morem
1045 489 1091 560 ad
1105 490 1236 562 ostium
1250 492 1352 564 etiam

270 637 387 686 meum
409 614 541 704 pulses
566 611 794 702 dignissimus
814 607 985 694 exaudiri,
1009 611 1077 682 nisi
1097 621 1182 684 voto
1199 623 1259 686 tuo
1276 635 1353 686 mea

269 747 455 831 paupertas
469 735 671 820 obsisteret,
692 756 761 827 qna
778 756 885 826 cogor
902 745 940 805 ut
957 735 1236 826 respondeamzi
1252 735 1350 806 leiix:
1392 817 1396 822 ¹

270 881 388 952 quaere
410 858 499 942 alibi,
521 858 699 948 ditiusque
721 857 827 929 limen
847 855 925 928 adi:·
941 857 997 930 irie
1017 877 1169 951 namque
1185 859 1282 952 qnod
1299 879 1353 928 rn-

270 980 360 1071 gitas
384 983 502 1074 procui
523 979 630 1052 dnbio
651 1002 722 1052 non
741 989 805 1052 esi.
827 979 921 1050 Vale.

688 1491 865 1554 nrrsrnur
892 1445 936 1554 ur'.

386 1655 590 1746 ’rannelsctls
613 1695 781 1745 PETRARCA
803 1694 911 1744 Mando
934 1693 1081 1742 lundensi
1102 1695 1128 1742 S.
1152 1695 1178 1741 P.
1202 1696 1231 1741 ii.

352 1903 353 1906 ¹
380 1881 532 1933 limanium
547 1889 620 1932 coeca
635 1893 695 1933 esse
709 1877 823 1946 iudicia,
839 1893 924 1950 seque
938 1879 1023 1934 tantis
1036 1879 1096 1933 eius
1110 1877 1241 1934 laudibus

668 1983 785 2038 prorsus
798 1965 953 2039 indignum.

365 2215 521 2298 Falleris,
536 2215 655 2298 amice,
667 2215 694 2284 si
709 2234 766 2286 res
780 2233 888 2296 meas,
901 2222 940 2283 ut
953 2211 1022 2298 tibi,
1038 2213 1089 2286 sin
1104 2213 1267 2287 omnibus
1281 2217 1351 2308 pla-

267 2341 397 2410 ciluras
412 2336 685 2410 arbitrariann
698 2335 807 2408 oeulis
820 2335 984 2408 omnibns
994 2335 1217 2409 idem'visus:
1232 2359 1350 2410 aoenns

267 2471 323 2532 est
335 2483 447 2544 amor,
462 2461 549 2532 eoeei
567 2469 651 2532 sunt
662 2469 836 2543 amantes,
850 2467 1101 2552 amantemque
1116 2461 1244 2534 indicia
1255 2483 1350 2533 noeca

234 2573 240 2684 i
268 2594 359 2656 sunt.
381 2583 458 2656 Non
479 2596 515 2654 tn
533 2583 756 2676 primusltnn
772 2583 873 2667 dinis,
896 2583 990 2656 dieat
1009 2582 1154 2675 aliquis3
1176 2592 1355 2655 natusest

158 2769 160 2774 .
191 2685 242 2800 'i
266 2706 426 2778 verbum.
445 2706 566 2788 Vetus
589 2705 740 2798 inquam,
764 2707 828 2778 sed
848 2728 981 2780 verum.
1005 2707 1142 2776 Veritas
1162 2697 1234 2777 non
1250 2727 1351 2776 sene-

238 2803 242 2860 ¹
268 2828 342 2898 snit.
366 2828 583 2919 ingeniosior
603 2828 752 2898 fortasse
772 2827 832 2919 qui
854 2827 994 2920 reperit,
1015 2849 1085 2898 nnn
1105 2826 1232 2900 verior.
1254 2827 1350 2898 Alter

266 2948 333 3020 hoe
352 2949 454 3019 dixit.
478 2948 570 3033 Quid
595 2951 724 3019 refert?
745 2969 790 3018 an
811 2946 927 3020 minus
949 2947 1027 3020 iden
1046 2969 1172 3020 verum
1193 2949 1350 3042 estquis

267 3091 287 3138 a
308 3070 426 3140 multis
448 3069 599 3140 dieitur?
615 3069 712 3141 Dixit
732 3070 800 3141 hoc
815 3073 916 3155 aller,
935 3082 971 3142 et
987 3093 1054 3162 ego
1070 3073 1270 3155 consentio,
1290 3093 1350 3142 ve-

267 3189 476 3282 rissimeque
493 3191 628 3262 dietum
646 3194 770 3279 fateor,
785 3206 821 3264 et
834 3194 958 3266 alienas
980 3195 1163 3266 sententiae
1181 3207 1351 3290 expertus

267 3313 403 3386 annedn.
423 3317 511 3400 Quae
531 3339 611 3387 num
633 3316 680 3388 ita
701 3319 780 3401 sint,
805 3318 897 3402 vide,
918 3339 1051 3410 quaesn,
1072 3339 1116 3390 ne
1137 3317 1351 3410 indulgentia

266 3445 327 3507 tua
353 3437 449 3522 haen,
470 3446 560 3531 ‘quae'
585 3441 731 3512 fraenurn
760 3440 794 3511 in
821 3439 984 3513 laudibus
1009 3443 1096 3514 meis
1121 3442 1255 3524 nesait,
1282 3463 1350 3512 non

257 3583 377 3653 *parvo
397 3563 498 3633 lamae
519 3563 673 3654 perienln
699 3585 763 3636 nos
788 3571 952 3659 opponat,
976 3575 1082 3656 tuque
1103 3587 1172 3636 nnn
1199 3576 1254 3636 sat
1274 3585 1352 3657 per-

268 3683 389 3778 spicax
412 3684 521 3756 index
553 3707 737 3778 appareas,
763 3696 903 3777 elego,
930 3686 991 3779 qui
1017 3687 1125 3757 tutius
1153 3687 1351 3768 intuissem,

269 3807 507 3878 severioribus
525 3807 710 3891 iudicibus
725 3819 759 3878 te
772 3809 950 3903 prodente,
964 3807 1139 3880 subiiciar.
1154 3807 1245 3880 iliud
1259 3808 1352 3880 anim

268 3926 410 3998 minime
430 3950 557 4001 vereor
576 3952 621 4000 ne
642 3952 764 4002 reeens
789 3930 1040 4023 cuiuscumque
1065 3930 1231 4004 iudicium
1253 3939 1288 4000 te
1308 3927 1353 4000 ab

267 4051 411 4142 antiqua
428 4073 581 4143 unquam
600 4037 762 4144 opinione
775 4051 962 4125 dimoveat.
981 4052 1159 4146 Quidquid
1171 4051 1244 4135 erit,
1261 4049 1355 4123 airsit

226 4219 230 4225 .
263 4177 301 4236 nt
325 4171 446 4242 aminis
468 4173 538 4244 tuis
559 4196 628 4244 nnn
648 4195 788 4267 semper
811 4185 951 4268 pateant
969 4176 1132 4248 amicitiae
1151 4183 1283 4248 nostrae
1303 4175 1353 4244 in-
