<?xml version="1.0" encoding="UTF-8"?>
<!DOCTYPE html PUBLIC "-//W3C//DTD XHTML 1.0 Transitional//EN"
    "http://www.w3.org/TR/xhtml1/DTD/xhtml1-transitional.dtd">
<html xmlns="http://www.w3.org/1999/xhtml" xml:lang="en" lang="en">
 <head>
  <title>
</title>
<meta http-equiv="Content-Type" content="text/html;charset=utf-8" />
  <meta name='ocr-system' content='tesseract 3.04.00' />
  <meta name='ocr-capabilities' content='ocr_page ocr_carea ocr_par ocr_line ocrx_word'/>
</head>
<body>
  <div class='ocr_page' id='page_1' title='image "./franciscipetrar01fracgoog_0299.png"; bbox 0 0 2958 4804; ppageno 0'>
   <div class='ocr_carea' id='block_1_1' title="bbox 228 361 973 424">
    <p class='ocr_par' dir='ltr' id='par_1_1' title="bbox 228 361 973 424">
     <span class='ocr_line' id='line_1_1' title="bbox 228 361 973 424; baseline 0.003 -4"><span class='ocrx_word' id='word_1_1' title='bbox 228 361 286 420; x_wconf 59' lang='grc' dir='ltr'>υ288</span> <span class='ocrx_word' id='word_1_2' title='bbox 569 375 610 422; x_wconf 86' lang='lat' dir='ltr'>uu</span> <span class='ocrx_word' id='word_1_3' title='bbox 628 374 727 423; x_wconf 87' lang='lat' dir='ltr'>nunus</span> <span class='ocrx_word' id='word_1_4' title='bbox 749 373 973 424; x_wconf 78' lang='lat' dir='ltr'>ururnmumus</span> 
     </span>
    </p>
   </div>
   <div class='ocr_carea' id='block_1_2' title="bbox 218 508 1392 4239">
    <p class='ocr_par' dir='ltr' id='par_1_2' title="bbox 218 508 1392 4239">
     <span class='ocr_line' id='line_1_2' title="bbox 227 508 1312 603; baseline 0.001 -25"><span class='ocrx_word' id='word_1_5' title='bbox 227 509 396 601; x_wconf 82' lang='lat' dir='ltr'>paciscor,</span> <span class='ocrx_word' id='word_1_6' title='bbox 415 518 450 580; x_wconf 90' lang='lat' dir='ltr'>et</span> <span class='ocrx_word' id='word_1_7' title='bbox 469 511 650 602; x_wconf 90' lang='lat' dir='ltr'>epistolam</span> <span class='ocrx_word' id='word_1_8' title='bbox 669 511 758 581; x_wconf 89' lang='lat' dir='ltr'>hane</span> <span class='ocrx_word' id='word_1_9' title='bbox 776 508 1083 603; x_wconf 85' lang='lat' dir='ltr'>adstipulatrieem,</span> <span class='ocrx_word' id='word_1_10' title='bbox 1104 517 1208 598; x_wconf 87' lang='lat' dir='ltr'>teque</span> <span class='ocrx_word' id='word_1_11' title='bbox 1231 531 1312 579; x_wconf 87' lang='lat' dir='ltr'>cum</span> 
     </span>
     <span class='ocr_line' id='line_1_3' title="bbox 226 631 1314 724; baseline -0.003 -23"><span class='ocrx_word' id='word_1_12' title='bbox 226 631 404 716; x_wconf 87' lang='lat' dir='ltr'>omnibus,</span> <span class='ocrx_word' id='word_1_13' title='bbox 428 632 630 724; x_wconf 90' lang='lat' dir='ltr'>inquorum</span> <span class='ocrx_word' id='word_1_14' title='bbox 654 654 778 704; x_wconf 93' lang='lat' dir='ltr'>manus</span> <span class='ocrx_word' id='word_1_15' title='bbox 800 631 952 716; x_wconf 50' lang='lat' dir='ltr'>veneritf</span> <span class='ocrx_word' id='word_1_16' title='bbox 970 640 1079 702; x_wconf 88' lang='lat' dir='ltr'>testes</span> <span class='ocrx_word' id='word_1_17' title='bbox 1101 632 1202 714; x_wconf 80' lang='lat' dir='ltr'>laoi03</span> <span class='ocrx_word' id='word_1_18' title='bbox 1222 639 1265 707; x_wconf 80' lang='lat' dir='ltr'>ut</span> <span class='ocrx_word' id='word_1_19' title='bbox 1281 631 1314 704; x_wconf 85' lang='lat' dir='ltr'>si</span> 
     </span>
     <span class='ocr_line' id='line_1_4' title="bbox 226 752 1314 846; baseline 0 -24"><span class='ocrx_word' id='word_1_20' title='bbox 226 756 282 824; x_wconf 87' lang='lat' dir='ltr'>vel</span> <span class='ocrx_word' id='word_1_21' title='bbox 304 754 407 825; x_wconf 92' lang='lat' dir='ltr'>hodie</span> <span class='ocrx_word' id='word_1_22' title='bbox 434 755 527 846; x_wconf 90' lang='lat' dir='ltr'>apud</span> <span class='ocrx_word' id='word_1_23' title='bbox 549 777 618 838; x_wconf 91' lang='lat' dir='ltr'>me,</span> <span class='ocrx_word' id='word_1_24' title='bbox 645 756 702 825; x_wconf 87' lang='lat' dir='ltr'>vel</span> <span class='ocrx_word' id='word_1_25' title='bbox 728 753 868 846; x_wconf 90' lang='lat' dir='ltr'>quando</span> <span class='ocrx_word' id='word_1_26' title='bbox 889 754 969 824; x_wconf 89' lang='lat' dir='ltr'>hino</span> <span class='ocrx_word' id='word_1_27' title='bbox 990 752 1160 844; x_wconf 84' lang='lat' dir='ltr'>migrabo,</span> <span class='ocrx_word' id='word_1_28' title='bbox 1184 761 1314 845; x_wconf 85' lang='lat' dir='ltr'>praeter</span> 
     </span>
     <span class='ocr_line' id='line_1_5' title="bbox 227 875 1313 970; baseline 0 -26"><span class='ocrx_word' id='word_1_29' title='bbox 227 875 359 947; x_wconf 89' lang='lat' dir='ltr'>libellos</span> <span class='ocrx_word' id='word_1_30' title='bbox 381 879 415 946; x_wconf 92' lang='lat' dir='ltr'>in</span> <span class='ocrx_word' id='word_1_31' title='bbox 438 875 566 970; x_wconf 90' lang='lat' dir='ltr'>quibus</span> <span class='ocrx_word' id='word_1_32' title='bbox 588 877 671 947; x_wconf 91' lang='lat' dir='ltr'>mihi</span> <span class='ocrx_word' id='word_1_33' title='bbox 697 877 811 947; x_wconf 91' lang='lat' dir='ltr'>omnis</span> <span class='ocrx_word' id='word_1_34' title='bbox 837 877 945 946; x_wconf 89' lang='lat' dir='ltr'>ferme</span> <span class='ocrx_word' id='word_1_35' title='bbox 971 875 1129 945; x_wconf 90' lang='lat' dir='ltr'>laborum</span> <span class='ocrx_word' id='word_1_36' title='bbox 1155 876 1257 968; x_wconf 89' lang='lat' dir='ltr'>quies</span> <span class='ocrx_word' id='word_1_37' title='bbox 1276 886 1313 946; x_wconf 87' lang='lat' dir='ltr'>et</span> 
     </span>
     <span class='ocr_line' id='line_1_6' title="bbox 227 983 1311 1093; baseline -0.002 -24"><span class='ocrx_word' id='word_1_38' title='bbox 227 1000 386 1069; x_wconf 88' lang='lat' dir='ltr'>solatium</span> <span class='ocrx_word' id='word_1_39' title='bbox 421 983 504 1070; x_wconf 89' lang='lat' dir='ltr'>vitae</span> <span class='ocrx_word' id='word_1_40' title='bbox 529 1010 596 1082; x_wconf 91' lang='lat' dir='ltr'>est,</span> <span class='ocrx_word' id='word_1_41' title='bbox 623 1009 751 1093; x_wconf 85' lang='lat' dir='ltr'>praeter</span> <span class='ocrx_word' id='word_1_42' title='bbox 775 998 970 1069; x_wconf 82' lang='lat' dir='ltr'>modestam</span> <span class='ocrx_word' id='word_1_43' title='bbox 998 997 1245 1091; x_wconf 87' lang='lat' dir='ltr'>supellectilem</span> <span class='ocrx_word' id='word_1_44' title='bbox 1276 1007 1311 1067; x_wconf 90' lang='lat' dir='ltr'>et</span> 
     </span>
     <span class='ocr_line' id='line_1_7' title="bbox 225 1119 1310 1213; baseline -0.004 -22"><span class='ocrx_word' id='word_1_45' title='bbox 225 1120 465 1212; x_wconf 89' lang='lat' dir='ltr'>quotidianum</span> <span class='ocrx_word' id='word_1_46' title='bbox 490 1132 680 1213; x_wconf 89' lang='lat' dir='ltr'>sumptum,</span> <span class='ocrx_word' id='word_1_47' title='bbox 704 1120 764 1212; x_wconf 93' lang='lat' dir='ltr'>qui</span> <span class='ocrx_word' id='word_1_48' title='bbox 784 1120 954 1190; x_wconf 86' lang='lat' dir='ltr'>hactenus</span> <span class='ocrx_word' id='word_1_49' title='bbox 976 1121 1033 1190; x_wconf 92' lang='lat' dir='ltr'>vel</span> <span class='ocrx_word' id='word_1_50' title='bbox 1053 1140 1231 1210; x_wconf 90' lang='lat' dir='ltr'>nunquam</span> <span class='ocrx_word' id='word_1_51' title='bbox 1253 1119 1310 1210; x_wconf 85' lang='lat' dir='ltr'>vel</span> 
     </span>
     <span class='ocr_line' id='line_1_8' title="bbox 226 1237 1309 1333; baseline -0.004 -22"><span class='ocrx_word' id='word_1_52' title='bbox 226 1264 303 1312; x_wconf 88' lang='lat' dir='ltr'>raro</span> <span class='ocrx_word' id='word_1_53' title='bbox 326 1263 478 1333; x_wconf 90' lang='lat' dir='ltr'>uuquam</span> <span class='ocrx_word' id='word_1_54' title='bbox 499 1242 626 1325; x_wconf 86' lang='lat' dir='ltr'>deluit,</span> <span class='ocrx_word' id='word_1_55' title='bbox 650 1241 678 1312; x_wconf 87' lang='lat' dir='ltr'>si</span> <span class='ocrx_word' id='word_1_56' title='bbox 702 1250 828 1333; x_wconf 87' lang='lat' dir='ltr'>praeter</span> <span class='ocrx_word' id='word_1_57' title='bbox 848 1241 937 1325; x_wconf 81' lang='lat' dir='ltr'>haeo,</span> <span class='ocrx_word' id='word_1_58' title='bbox 960 1240 1114 1333; x_wconf 87' lang='lat' dir='ltr'>inquam,</span> <span class='ocrx_word' id='word_1_59' title='bbox 1134 1239 1157 1308; x_wconf 95' lang='lat' dir='ltr'>ii</span> <span class='ocrx_word' id='word_1_60' title='bbox 1178 1237 1309 1310; x_wconf 83' lang='lat' dir='ltr'><strong>defossi</strong></span> 
     </span>
     <span class='ocr_line' id='line_1_9' title="bbox 225 1360 1305 1458; baseline -0.004 -26"><span class='ocrx_word' id='word_1_61' title='bbox 225 1363 300 1433; x_wconf 89' lang='lat' dir='ltr'>auri</span> <span class='ocrx_word' id='word_1_62' title='bbox 322 1374 566 1458; x_wconf 86' lang='lat' dir='ltr'>acervataeque</span> <span class='ocrx_word' id='word_1_63' title='bbox 587 1363 742 1457; x_wconf 83' lang='lat' dir='ltr'>pecuniae</span> <span class='ocrx_word' id='word_1_64' title='bbox 761 1371 897 1434; x_wconf 88' lang='lat' dir='ltr'>montes</span> <span class='ocrx_word' id='word_1_65' title='bbox 915 1361 1000 1431; x_wconf 89' lang='lat' dir='ltr'>mihi</span> <span class='ocrx_word' id='word_1_66' title='bbox 1017 1360 1145 1432; x_wconf 84' lang='lat' dir='ltr'>luerint</span> <span class='ocrx_word' id='word_1_67' title='bbox 1160 1360 1305 1443; x_wconf 85' lang='lat' dir='ltr'>inventi,</span> 
     </span>
     <span class='ocr_line' id='line_1_10' title="bbox 224 1482 1392 1578; baseline -0.006 -21"><span class='ocrx_word' id='word_1_68' title='bbox 224 1507 313 1578; x_wconf 85' lang='lat' dir='ltr'>quos</span> <span class='ocrx_word' id='word_1_69' title='bbox 335 1485 399 1556; x_wconf 93' lang='lat' dir='ltr'>sihi</span> <span class='ocrx_word' id='word_1_70' title='bbox 423 1487 545 1558; x_wconf 91' lang='lat' dir='ltr'>borum</span> <span class='ocrx_word' id='word_1_71' title='bbox 572 1485 671 1577; x_wconf 80' lang='lat' dir='ltr'>fingit</span> <span class='ocrx_word' id='word_1_72' title='bbox 695 1485 841 1568; x_wconf 87' lang='lat' dir='ltr'>invidia,</span> <span class='ocrx_word' id='word_1_73' title='bbox 865 1483 973 1553; x_wconf 91' lang='lat' dir='ltr'>libere</span> <span class='ocrx_word' id='word_1_74' title='bbox 999 1482 1168 1573; x_wconf 86' lang='lat' dir='ltr'>quidquid</span> <span class='ocrx_word' id='word_1_75' title='bbox 1194 1482 1230 1552; x_wconf 94' lang='lat' dir='ltr'>id</span> <span class='ocrx_word' id='word_1_76' title='bbox 1255 1492 1309 1551; x_wconf 85' lang='lat' dir='ltr'>est</span> <span class='ocrx_word' id='word_1_77' title='bbox 1384 1559 1392 1572; x_wconf 35' lang='lat'>⁸</span> 
     </span>
     <span class='ocr_line' id='line_1_11' title="bbox 226 1603 1311 1700; baseline -0.005 -23"><span class='ocrx_word' id='word_1_78' title='bbox 226 1606 291 1678; x_wconf 90' lang='lat' dir='ltr'>sibi</span> <span class='ocrx_word' id='word_1_79' title='bbox 312 1607 484 1700; x_wconf 83' lang='lat' dir='ltr'>diripiant,</span> <span class='ocrx_word' id='word_1_80' title='bbox 508 1630 647 1699; x_wconf 88' lang='lat' dir='ltr'>quoque</span> <span class='ocrx_word' id='word_1_81' title='bbox 668 1609 785 1677; x_wconf 90' lang='lat' dir='ltr'>nullus</span> <span class='ocrx_word' id='word_1_82' title='bbox 806 1605 891 1676; x_wconf 93' lang='lat' dir='ltr'>mibi</span> <span class='ocrx_word' id='word_1_83' title='bbox 915 1627 996 1676; x_wconf 91' lang='lat' dir='ltr'>esse</span> <span class='ocrx_word' id='word_1_84' title='bbox 1022 1614 1140 1696; x_wconf 89' lang='lat' dir='ltr'>posset</span> <span class='ocrx_word' id='word_1_85' title='bbox 1163 1603 1311 1674; x_wconf 84' lang='lat' dir='ltr'>invisior</span> 
     </span>
     <span class='ocr_line' id='line_1_12' title="bbox 224 1725 1307 1819; baseline 0 -23"><span class='ocrx_word' id='word_1_86' title='bbox 224 1727 419 1819; x_wconf 90' lang='lat' dir='ltr'>patrimonii</span> <span class='ocrx_word' id='word_1_87' title='bbox 441 1725 535 1808; x_wconf 87' lang='lat' dir='ltr'>finis,</span> <span class='ocrx_word' id='word_1_88' title='bbox 558 1727 706 1797; x_wconf 82' lang='lat' dir='ltr'>invicem</span> <span class='ocrx_word' id='word_1_89' title='bbox 721 1727 934 1818; x_wconf 87' lang='lat' dir='ltr'>partiantur.</span> <span class='ocrx_word' id='word_1_90' title='bbox 957 1726 1052 1796; x_wconf 85' lang='lat' dir='ltr'>Hane</span> <span class='ocrx_word' id='word_1_91' title='bbox 1074 1725 1206 1796; x_wconf 89' lang='lat' dir='ltr'>haeredi</span> <span class='ocrx_word' id='word_1_92' title='bbox 1232 1746 1307 1796; x_wconf 88' lang='lat' dir='ltr'>meo</span> 
     </span>
     <span class='ocr_line' id='line_1_13' title="bbox 224 1844 1309 1940; baseline -0.002 -23"><span class='ocrx_word' id='word_1_93' title='bbox 224 1847 388 1940; x_wconf 74' lang='lat' dir='ltr'>praesenti</span> <span class='ocrx_word' id='word_1_94' title='bbox 410 1846 522 1937; x_wconf 85' lang='lat' dir='ltr'>elogio</span> <span class='ocrx_word' id='word_1_95' title='bbox 542 1850 654 1938; x_wconf 83' lang='lat' dir='ltr'>legem</span> <span class='ocrx_word' id='word_1_96' title='bbox 676 1847 768 1931; x_wconf 84' lang='lat' dir='ltr'>dice,</span> <span class='ocrx_word' id='word_1_97' title='bbox 791 1869 835 1917; x_wconf 92' lang='lat' dir='ltr'>ne</span> <span class='ocrx_word' id='word_1_98' title='bbox 857 1846 940 1938; x_wconf 89' lang='lat' dir='ltr'>quid</span> <span class='ocrx_word' id='word_1_99' title='bbox 961 1848 1097 1918; x_wconf 85' lang='lat' dir='ltr'>hiscere</span> <span class='ocrx_word' id='word_1_100' title='bbox 1118 1844 1245 1916; x_wconf 81' lang='lat' dir='ltr'>audeat</span> <span class='ocrx_word' id='word_1_101' title='bbox 1265 1845 1309 1916; x_wconf 88' lang='lat' dir='ltr'>ab</span> 
     </span>
     <span class='ocr_line' id='line_1_14' title="bbox 224 1969 1304 2062; baseline 0.001 -21"><span class='ocrx_word' id='word_1_102' title='bbox 224 1971 383 2055; x_wconf 86' lang='lat' dir='ltr'>adverso,</span> <span class='ocrx_word' id='word_1_103' title='bbox 402 1981 437 2041; x_wconf 88' lang='lat' dir='ltr'>et</span> <span class='ocrx_word' id='word_1_104' title='bbox 449 1979 487 2040; x_wconf 91' lang='lat' dir='ltr'>ut</span> <span class='ocrx_word' id='word_1_105' title='bbox 499 1969 624 2062; x_wconf 88' lang='lat' dir='ltr'>cupide</span> <span class='ocrx_word' id='word_1_106' title='bbox 641 1969 778 2062; x_wconf 86' lang='lat' dir='ltr'>quaesiti</span> <span class='ocrx_word' id='word_1_107' title='bbox 793 1970 948 2041; x_wconf 88' lang='lat' dir='ltr'>thesauri</span> <span class='ocrx_word' id='word_1_108' title='bbox 963 1971 1098 2040; x_wconf 91' lang='lat' dir='ltr'>illorum</span> <span class='ocrx_word' id='word_1_109' title='bbox 1116 1969 1304 2060; x_wconf 85' lang='lat' dir='ltr'>possessio,</span> 
     </span>
     <span class='ocr_line' id='line_1_15' title="bbox 225 2089 1307 2182; baseline 0 -21"><span class='ocrx_word' id='word_1_110' title='bbox 225 2091 274 2163; x_wconf 92' lang='lat' dir='ltr'>sio</span> <span class='ocrx_word' id='word_1_111' title='bbox 293 2093 366 2162; x_wconf 92' lang='lat' dir='ltr'>sola</span> <span class='ocrx_word' id='word_1_112' title='bbox 378 2091 577 2182; x_wconf 84' lang='lat' dir='ltr'>cupiditatis</span> <span class='ocrx_word' id='word_1_113' title='bbox 592 2091 731 2163; x_wconf 85' lang='lat' dir='ltr'>infamia</span> <span class='ocrx_word' id='word_1_114' title='bbox 744 2113 821 2162; x_wconf 88' lang='lat' dir='ltr'>mea</span> <span class='ocrx_word' id='word_1_115' title='bbox 835 2091 893 2174; x_wconf 88' lang='lat' dir='ltr'>sit,</span> <span class='ocrx_word' id='word_1_116' title='bbox 909 2089 1061 2162; x_wconf 77' lang='lat' dir='ltr'>haeredis</span> <span class='ocrx_word' id='word_1_117' title='bbox 1077 2111 1162 2174; x_wconf 89' lang='lat' dir='ltr'>vero</span> <span class='ocrx_word' id='word_1_118' title='bbox 1174 2089 1307 2161; x_wconf 91' lang='lat' dir='ltr'>nudum</span> 
     </span>
     <span class='ocr_line' id='line_1_16' title="bbox 224 2211 1308 2310; baseline 0.003 -30"><span class='ocrx_word' id='word_1_119' title='bbox 224 2235 351 2285; x_wconf 88' lang='lat' dir='ltr'>nomen</span> <span class='ocrx_word' id='word_1_120' title='bbox 371 2223 406 2284; x_wconf 92' lang='lat' dir='ltr'>et</span> <span class='ocrx_word' id='word_1_121' title='bbox 426 2212 538 2284; x_wconf 92' lang='lat' dir='ltr'>inanis</span> <span class='ocrx_word' id='word_1_122' title='bbox 561 2213 768 2308; x_wconf 85' lang='lat' dir='ltr'>expectatio.</span> <span class='ocrx_word' id='word_1_123' title='bbox 789 2215 920 2284; x_wconf 88' lang='lat' dir='ltr'>Verum</span> <span class='ocrx_word' id='word_1_124' title='bbox 939 2213 994 2284; x_wconf 90' lang='lat' dir='ltr'>isti</span> <span class='ocrx_word' id='word_1_125' title='bbox 1013 2212 1094 2305; x_wconf 92' lang='lat' dir='ltr'>quia</span> <span class='ocrx_word' id='word_1_126' title='bbox 1113 2234 1169 2310; x_wconf 90' lang='lat' dir='ltr'>me</span> <span class='ocrx_word' id='word_1_127' title='bbox 1187 2211 1308 2284; x_wconf 90' lang='lat' dir='ltr'>babitu</span> 
     </span>
     <span class='ocr_line' id='line_1_17' title="bbox 224 2323 1306 2429; baseline -0.004 -23"><span class='ocrx_word' id='word_1_128' title='bbox 224 2337 339 2406; x_wconf 93' lang='lat' dir='ltr'>minus</span> <span class='ocrx_word' id='word_1_129' title='bbox 360 2339 447 2407; x_wconf 82' lang='lat' dir='ltr'>forte</span> <span class='ocrx_word' id='word_1_130' title='bbox 468 2335 717 2419; x_wconf 88' lang='lat' dir='ltr'>miserabilem,</span> <span class='ocrx_word' id='word_1_131' title='bbox 740 2358 844 2429; x_wconf 90' lang='lat' dir='ltr'>quam</span> <span class='ocrx_word' id='word_1_132' title='bbox 872 2357 910 2405; x_wconf 92' lang='lat' dir='ltr'>se</span> <span class='ocrx_word' id='word_1_133' title='bbox 937 2333 1032 2428; x_wconf 87' lang='lat' dir='ltr'>ipsos</span> <span class='ocrx_word' id='word_1_134' title='bbox 1060 2323 1196 2416; x_wconf 89' lang='lat' dir='ltr'>vident,</span> <span class='ocrx_word' id='word_1_135' title='bbox 1223 2332 1306 2405; x_wconf 93' lang='lat' dir='ltr'>dum</span> 
     </span>
     <span class='ocr_line' id='line_1_18' title="bbox 225 2457 1307 2550; baseline 0.002 -24"><span class='ocrx_word' id='word_1_136' title='bbox 225 2457 289 2527; x_wconf 91' lang='lat' dir='ltr'>sibi</span> <span class='ocrx_word' id='word_1_137' title='bbox 312 2458 560 2549; x_wconf 85' lang='lat' dir='ltr'>aliquantulum</span> <span class='ocrx_word' id='word_1_138' title='bbox 584 2458 720 2529; x_wconf 89' lang='lat' dir='ltr'>latentis</span> <span class='ocrx_word' id='word_1_139' title='bbox 741 2458 817 2528; x_wconf 92' lang='lat' dir='ltr'>auri</span> <span class='ocrx_word' id='word_1_140' title='bbox 839 2457 1007 2540; x_wconf 91' lang='lat' dir='ltr'>sentiunt,</span> <span class='ocrx_word' id='word_1_141' title='bbox 1030 2457 1114 2525; x_wconf 91' lang='lat' dir='ltr'>mihi</span> <span class='ocrx_word' id='word_1_142' title='bbox 1140 2478 1205 2550; x_wconf 92' lang='lat' dir='ltr'>pro</span> <span class='ocrx_word' id='word_1_143' title='bbox 1232 2466 1307 2528; x_wconf 83' lang='lat' dir='ltr'>rata</span> 
     </span>
     <span class='ocr_line' id='line_1_19' title="bbox 223 2577 1307 2670; baseline 0 -21"><span class='ocrx_word' id='word_1_144' title='bbox 223 2587 320 2670; x_wconf 89' lang='lat' dir='ltr'>parte</span> <span class='ocrx_word' id='word_1_145' title='bbox 345 2580 492 2650; x_wconf 80' lang='lat' dir='ltr'>fortunae</span> <span class='ocrx_word' id='word_1_146' title='bbox 525 2580 685 2670; x_wconf 82' lang='lat' dir='ltr'>ingentes</span> <span class='ocrx_word' id='word_1_147' title='bbox 725 2580 909 2651; x_wconf 88' lang='lat' dir='ltr'>thesauros</span> <span class='ocrx_word' id='word_1_148' title='bbox 935 2578 1044 2649; x_wconf 78' lang='lat' dir='ltr'>&#39;humi</span> <span class='ocrx_word' id='word_1_149' title='bbox 1072 2577 1209 2650; x_wconf 91' lang='lat' dir='ltr'>abditos</span> <span class='ocrx_word' id='word_1_150' title='bbox 1248 2601 1307 2649; x_wconf 87' lang='lat' dir='ltr'>su-</span> 
     </span>
     <span class='ocr_line' id='line_1_20' title="bbox 223 2699 1333 2794; baseline 0.005 -26"><span class='ocrx_word' id='word_1_151' title='bbox 223 2699 414 2791; x_wconf 79' lang='lat' dir='ltr'>spicantur3</span> <span class='ocrx_word' id='word_1_152' title='bbox 435 2712 469 2772; x_wconf 89' lang='lat' dir='ltr'>et</span> <span class='ocrx_word' id='word_1_153' title='bbox 489 2702 621 2794; x_wconf 91' lang='lat' dir='ltr'>opinari</span> <span class='ocrx_word' id='word_1_154' title='bbox 644 2711 820 2793; x_wconf 87' lang='lat' dir='ltr'>nequeunt</span> <span class='ocrx_word' id='word_1_155' title='bbox 846 2724 901 2772; x_wconf 89' lang='lat' dir='ltr'>me</span> <span class='ocrx_word' id='word_1_156' title='bbox 928 2723 994 2772; x_wconf 94' lang='lat' dir='ltr'>non</span> <span class='ocrx_word' id='word_1_157' title='bbox 1021 2699 1065 2770; x_wconf 89' lang='lat' dir='ltr'>de</span> <span class='ocrx_word' id='word_1_158' title='bbox 1092 2701 1209 2791; x_wconf 90' lang='lat' dir='ltr'>aliquo</span> <span class='ocrx_word' id='word_1_159' title='bbox 1231 2700 1306 2770; x_wconf 88' lang='lat' dir='ltr'>the·</span> <span class='ocrx_word' id='word_1_160' title='bbox 1329 2764 1333 2774; x_wconf 84' lang='grc'><strong><em>,</em></strong></span> 
     </span>
     <span class='ocr_line' id='line_1_21' title="bbox 224 2822 1306 2914; baseline 0.002 -22"><span class='ocrx_word' id='word_1_161' title='bbox 224 2824 413 2908; x_wconf 83' lang='lat' dir='ltr'>saurizare,</span> <span class='ocrx_word' id='word_1_162' title='bbox 427 2847 506 2895; x_wconf 89' lang='lat' dir='ltr'>oum</span> <span class='ocrx_word' id='word_1_163' title='bbox 521 2822 585 2914; x_wconf 93' lang='lat' dir='ltr'>ipsi</span> <span class='ocrx_word' id='word_1_164' title='bbox 600 2843 699 2914; x_wconf 85' lang='lat' dir='ltr'>paene</span> <span class='ocrx_word' id='word_1_165' title='bbox 716 2824 760 2893; x_wconf 92' lang='lat' dir='ltr'>de</span> <span class='ocrx_word' id='word_1_166' title='bbox 779 2824 884 2894; x_wconf 82' lang='lat' dir='ltr'>nihilo</span> <span class='ocrx_word' id='word_1_167' title='bbox 899 2822 1147 2894; x_wconf 89' lang='lat' dir='ltr'>thesaurizent.</span> <span class='ocrx_word' id='word_1_168' title='bbox 1168 2823 1306 2894; x_wconf 87' lang='lat' dir='ltr'>Stultis-</span> 
     </span>
     <span class='ocr_line' id='line_1_22' title="bbox 223 2918 1302 3037; baseline -0.002 -23"><span class='ocrx_word' id='word_1_169' title='bbox 223 2944 300 3014; x_wconf 88' lang='lat' dir='ltr'>simi</span> <span class='ocrx_word' id='word_1_170' title='bbox 315 2955 350 3015; x_wconf 87' lang='lat' dir='ltr'>et</span> <span class='ocrx_word' id='word_1_171' title='bbox 363 2942 571 3034; x_wconf 86' lang='lat' dir='ltr'>iniquissimi</span> <span class='ocrx_word' id='word_1_172' title='bbox 585 2918 732 3026; x_wconf 83' lang='lat' dir='ltr'>iudices,</span> <span class='ocrx_word' id='word_1_173' title='bbox 748 2943 806 3037; x_wconf 90' lang='lat' dir='ltr'>qui</span> <span class='ocrx_word' id='word_1_174' title='bbox 825 2944 964 3037; x_wconf 85' lang='lat' dir='ltr'>propria</span> <span class='ocrx_word' id='word_1_175' title='bbox 978 2965 1140 3014; x_wconf 85' lang='lat' dir='ltr'>mensura</span> <span class='ocrx_word' id='word_1_176' title='bbox 1154 2945 1302 3014; x_wconf 84' lang='lat' dir='ltr'>alienum</span> 
     </span>
     <span class='ocr_line' id='line_1_23' title="bbox 223 3062 1304 3160; baseline 0.002 -28"><span class='ocrx_word' id='word_1_177' title='bbox 223 3064 376 3132; x_wconf 88' lang='lat' dir='ltr'>animum</span> <span class='ocrx_word' id='word_1_178' title='bbox 399 3062 588 3134; x_wconf 90' lang='lat' dir='ltr'>metiuntur</span> <span class='ocrx_word' id='word_1_179' title='bbox 609 3065 703 3158; x_wconf 90' lang='lat' dir='ltr'>omni</span> <span class='ocrx_word' id='word_1_180' title='bbox 723 3088 770 3136; x_wconf 82' lang='lat' dir='ltr'>ex</span> <span class='ocrx_word' id='word_1_181' title='bbox 793 3078 890 3160; x_wconf 89' lang='lat' dir='ltr'>parte</span> <span class='ocrx_word' id='word_1_182' title='bbox 907 3065 1122 3137; x_wconf 90' lang='lat' dir='ltr'>dissimilem.</span> <span class='ocrx_word' id='word_1_183' title='bbox 1145 3065 1194 3135; x_wconf 91' lang='lat' dir='ltr'>Illi</span> <span class='ocrx_word' id='word_1_184' title='bbox 1213 3066 1304 3136; x_wconf 90' lang='lat' dir='ltr'>enim</span> 
     </span>
     <span class='ocr_line' id='line_1_24' title="bbox 223 3182 1304 3280; baseline 0.005 -26"><span class='ocrx_word' id='word_1_185' title='bbox 223 3205 362 3276; x_wconf 91' lang='lat' dir='ltr'>semper</span> <span class='ocrx_word' id='word_1_186' title='bbox 395 3205 434 3253; x_wconf 90' lang='lat' dir='ltr'>se</span> <span class='ocrx_word' id='word_1_187' title='bbox 466 3182 621 3256; x_wconf 86' lang='lat' dir='ltr'>victuros</span> <span class='ocrx_word' id='word_1_188' title='bbox 656 3197 796 3280; x_wconf 90' lang='lat' dir='ltr'>sperant</span> <span class='ocrx_word' id='word_1_189' title='bbox 821 3212 890 3260; x_wconf 92' lang='lat' dir='ltr'>non</span> <span class='ocrx_word' id='word_1_190' title='bbox 917 3188 1020 3259; x_wconf 91' lang='lat' dir='ltr'>modo</span> <span class='ocrx_word' id='word_1_191' title='bbox 1046 3189 1210 3259; x_wconf 84' lang='lat' dir='ltr'>mortales</span> <span class='ocrx_word' id='word_1_192' title='bbox 1244 3189 1304 3259; x_wconf 92' lang='lat' dir='ltr'>sed</span> 
     </span>
     <span class='ocr_line' id='line_1_25' title="bbox 220 3305 1303 3408; baseline 0 -30"><span class='ocrx_word' id='word_1_193' title='bbox 220 3306 322 3378; x_wconf 88' lang='lat' dir='ltr'>etiam</span> <span class='ocrx_word' id='word_1_194' title='bbox 343 3305 553 3378; x_wconf 90' lang='lat' dir='ltr'>moribundi:</span> <span class='ocrx_word' id='word_1_195' title='bbox 573 3307 640 3400; x_wconf 82' lang='lat' dir='ltr'>ego</span> <span class='ocrx_word' id='word_1_196' title='bbox 657 3332 713 3379; x_wconf 91' lang='lat' dir='ltr'>me</span> <span class='ocrx_word' id='word_1_197' title='bbox 732 3309 914 3381; x_wconf 86' lang='lat' dir='ltr'>incolumis</span> <span class='ocrx_word' id='word_1_198' title='bbox 933 3321 969 3381; x_wconf 93' lang='lat' dir='ltr'>et</span> <span class='ocrx_word' id='word_1_199' title='bbox 987 3312 1165 3380; x_wconf 89' lang='lat' dir='ltr'>mortalem</span> <span class='ocrx_word' id='word_1_200' title='bbox 1184 3319 1221 3408; x_wconf 88' lang='lat' dir='ltr'>et</span> <span class='ocrx_word' id='word_1_201' title='bbox 1237 3310 1303 3380; x_wconf 87' lang='lat' dir='ltr'>aevi</span> 
     </span>
     <span class='ocr_line' id='line_1_26' title="bbox 221 3428 1301 3523; baseline -0.003 -24"><span class='ocrx_word' id='word_1_202' title='bbox 221 3428 341 3500; x_wconf 89' lang='lat' dir='ltr'>brevis</span> <span class='ocrx_word' id='word_1_203' title='bbox 359 3430 513 3516; x_wconf 71' lang='lat' dir='ltr'>memini3</span> <span class='ocrx_word' id='word_1_204' title='bbox 529 3432 771 3523; x_wconf 86' lang='lat' dir='ltr'>eiusdemque,</span> <span class='ocrx_word' id='word_1_205' title='bbox 788 3443 825 3502; x_wconf 95' lang='lat' dir='ltr'>ut</span> <span class='ocrx_word' id='word_1_206' title='bbox 843 3432 975 3502; x_wconf 87' lang='lat' dir='ltr'>Seneca</span> <span class='ocrx_word' id='word_1_207' title='bbox 993 3439 1075 3501; x_wconf 92' lang='lat' dir='ltr'>tuus</span> <span class='ocrx_word' id='word_1_208' title='bbox 1092 3429 1152 3512; x_wconf 84' lang='lat' dir='ltr'>ait,</span> <span class='ocrx_word' id='word_1_209' title='bbox 1173 3429 1301 3500; x_wconf 86' lang='lat' dir='ltr'>incerti.</span> 
     </span>
     <span class='ocr_line' id='line_1_27' title="bbox 220 3552 1304 3642; baseline 0.001 -21"><span class='ocrx_word' id='word_1_210' title='bbox 220 3552 270 3622; x_wconf 93' lang='lat' dir='ltr'>llli</span> <span class='ocrx_word' id='word_1_211' title='bbox 293 3561 364 3622; x_wconf 89' lang='lat' dir='ltr'>tuta</span> <span class='ocrx_word' id='word_1_212' title='bbox 386 3552 450 3623; x_wconf 90' lang='lat' dir='ltr'>sibi</span> <span class='ocrx_word' id='word_1_213' title='bbox 472 3554 632 3626; x_wconf 84' lang='lat' dir='ltr'>defutura</span> <span class='ocrx_word' id='word_1_214' title='bbox 656 3553 853 3636; x_wconf 86' lang='lat' dir='ltr'>formidant,</span> <span class='ocrx_word' id='word_1_215' title='bbox 876 3573 943 3642; x_wconf 81' lang='lat' dir='ltr'>ego</span> <span class='ocrx_word' id='word_1_216' title='bbox 968 3561 1087 3624; x_wconf 86' lang='lat' dir='ltr'>eontra</span> <span class='ocrx_word' id='word_1_217' title='bbox 1113 3553 1229 3623; x_wconf 91' lang='lat' dir='ltr'>omnia</span> <span class='ocrx_word' id='word_1_218' title='bbox 1256 3553 1304 3623; x_wconf 85' lang='lat' dir='ltr'>al-</span> 
     </span>
     <span class='ocr_line' id='line_1_28' title="bbox 219 3672 1303 3766; baseline 0.004 -27"><span class='ocrx_word' id='word_1_219' title='bbox 219 3672 315 3764; x_wconf 85' lang='lat' dir='ltr'>fatim</span> <span class='ocrx_word' id='word_1_220' title='bbox 339 3675 560 3766; x_wconf 84' lang='lat' dir='ltr'>superfutura</span> <span class='ocrx_word' id='word_1_221' title='bbox 580 3672 726 3745; x_wconf 90' lang='lat' dir='ltr'>oonfido.</span> <span class='ocrx_word' id='word_1_222' title='bbox 748 3675 880 3753; x_wconf 86' lang='lat' dir='ltr'>Horum</span> <span class='ocrx_word' id='word_1_223' title='bbox 903 3685 1020 3744; x_wconf 89' lang='lat' dir='ltr'>tamen</span> <span class='ocrx_word' id='word_1_224' title='bbox 1040 3696 1138 3746; x_wconf 90' lang='lat' dir='ltr'>error</span> <span class='ocrx_word' id='word_1_225' title='bbox 1159 3683 1303 3750; x_wconf 86' lang='lat' dir='ltr'>eatenus</span> 
     </span>
     <span class='ocr_line' id='line_1_29' title="bbox 220 3793 1304 3888; baseline 0.006 -24"><span class='ocrx_word' id='word_1_226' title='bbox 220 3793 303 3864; x_wconf 92' lang='lat' dir='ltr'>mihi</span> <span class='ocrx_word' id='word_1_227' title='bbox 325 3804 446 3886; x_wconf 84' lang='lat' dir='ltr'>gratus</span> <span class='ocrx_word' id='word_1_228' title='bbox 468 3818 549 3868; x_wconf 86' lang='lat' dir='ltr'>esse</span> <span class='ocrx_word' id='word_1_229' title='bbox 569 3808 699 3888; x_wconf 89' lang='lat' dir='ltr'>potest,</span> <span class='ocrx_word' id='word_1_230' title='bbox 723 3797 753 3868; x_wconf 92' lang='lat' dir='ltr'>si</span> <span class='ocrx_word' id='word_1_231' title='bbox 773 3817 834 3868; x_wconf 90' lang='lat' dir='ltr'>eos</span> <span class='ocrx_word' id='word_1_232' title='bbox 856 3799 941 3868; x_wconf 80' lang='lat' dir='ltr'>fallit</span> <span class='ocrx_word' id='word_1_233' title='bbox 965 3807 1001 3868; x_wconf 89' lang='lat' dir='ltr'>et</span> <span class='ocrx_word' id='word_1_234' title='bbox 1020 3797 1168 3869; x_wconf 82' lang='lat' dir='ltr'>cruciat:</span> <span class='ocrx_word' id='word_1_235' title='bbox 1192 3798 1221 3869; x_wconf 93' lang='lat' dir='ltr'>si</span> <span class='ocrx_word' id='word_1_236' title='bbox 1244 3821 1304 3870; x_wconf 90' lang='lat' dir='ltr'>au-</span> 
     </span>
     <span class='ocr_line' id='line_1_30' title="bbox 220 3899 1304 4014; baseline 0.006 -31"><span class='ocrx_word' id='word_1_237' title='bbox 220 3923 289 3984; x_wconf 88' lang='lat' dir='ltr'>tem</span> <span class='ocrx_word' id='word_1_238' title='bbox 312 3917 493 3990; x_wconf 88' lang='lat' dir='ltr'>simulatus</span> <span class='ocrx_word' id='word_1_239' title='bbox 515 3928 570 3989; x_wconf 90' lang='lat' dir='ltr'>est</span> <span class='ocrx_word' id='word_1_240' title='bbox 590 3939 698 4003; x_wconf 86' lang='lat' dir='ltr'>error,</span> <span class='ocrx_word' id='word_1_241' title='bbox 722 3940 849 4010; x_wconf 81' lang='lat' dir='ltr'>magna</span> <span class='ocrx_word' id='word_1_242' title='bbox 870 3918 953 3989; x_wconf 90' lang='lat' dir='ltr'>mihi</span> <span class='ocrx_word' id='word_1_243' title='bbox 974 3943 1056 4014; x_wconf 90' lang='lat' dir='ltr'>pars</span> <span class='ocrx_word' id='word_1_244' title='bbox 1079 3899 1304 3994; x_wconf 77' lang='lat' dir='ltr'>iucunditatis</span> 
     </span>
     <span class='ocr_line' id='line_1_31' title="bbox 218 4035 1304 4130; baseline 0.011 -28"><span class='ocrx_word' id='word_1_245' title='bbox 218 4035 373 4128; x_wconf 89' lang='lat' dir='ltr'>eripitur,</span> <span class='ocrx_word' id='word_1_246' title='bbox 392 4039 450 4130; x_wconf 93' lang='lat' dir='ltr'>qui</span> <span class='ocrx_word' id='word_1_247' title='bbox 469 4040 603 4112; x_wconf 90' lang='lat' dir='ltr'>animos</span> <span class='ocrx_word' id='word_1_248' title='bbox 620 4063 739 4112; x_wconf 89' lang='lat' dir='ltr'>eorum</span> <span class='ocrx_word' id='word_1_249' title='bbox 758 4039 947 4112; x_wconf 88' lang='lat' dir='ltr'>venenosis</span> <span class='ocrx_word' id='word_1_250' title='bbox 967 4043 1141 4114; x_wconf 89' lang='lat' dir='ltr'>morsibus</span> <span class='ocrx_word' id='word_1_251' title='bbox 1161 4043 1304 4116; x_wconf 84' lang='lat' dir='ltr'>invidiae</span> 
     </span>
     <span class='ocr_line' id='line_1_32' title="bbox 219 4143 1303 4239; baseline 0.011 -15"><span class='ocrx_word' id='word_1_252' title='bbox 219 4164 254 4224; x_wconf 87' lang='lat' dir='ltr'>et</span> <span class='ocrx_word' id='word_1_253' title='bbox 279 4158 413 4228; x_wconf 87' lang='lat' dir='ltr'>areanis</span> <span class='ocrx_word' id='word_1_254' title='bbox 435 4182 596 4232; x_wconf 86' lang='lat' dir='ltr'>curarum</span> <span class='ocrx_word' id='word_1_255' title='bbox 625 4163 772 4234; x_wconf 90' lang='lat' dir='ltr'>stimulis</span> <span class='ocrx_word' id='word_1_256' title='bbox 806 4165 902 4235; x_wconf 84' lang='lat' dir='ltr'>velut</span> <span class='ocrx_word' id='word_1_257' title='bbox 937 4166 1075 4239; x_wconf 85' lang='lat' dir='ltr'>totidem</span> <span class='ocrx_word' id='word_1_258' title='bbox 1114 4143 1303 4238; x_wconf 85' lang='lat' dir='ltr'>tortoribus</span> 
     </span>
    </p>
   </div>
   <div class='ocr_carea' id='block_1_3' title="bbox 0 0 1484 4804">
    <p class='ocr_par' dir='ltr' id='par_1_3' title="bbox 0 0 1484 4804">
     <span class='ocr_line' id='line_1_33' title="bbox 0 0 1484 4804; baseline 0 2"><span class='ocrx_word' id='word_1_259' title='bbox 0 0 1484 4804; x_wconf 95' lang='lat' dir='ltr'> </span> 
     </span>
    </p>
   </div>
  </div>
 </body>
</html>
