3062 4798
368 365 460 413 rmsr
483 361 991 416 ocrnuusoscrnos.-srrsrom
1013 370 1052 416 rv.
1195 356 1255 417 tro

595 643 775 708 EPISTULA
796 645 841 707 IV.

245 833 439 883 FRANCISCUS
462 833 632 883 personet
654 836 786 884 lontrtrtt
808 837 849 884 DE
873 836 1041 885 CERTALDO
1063 836 1088 884 S.
1111 837 1138 884 P.
1162 836 1192 885 i).

194 1031 303 1086 Gratias
316 1031 372 1102 agit
385 1030 419 1085 de
434 1031 601 1102 quibusdam
616 1031 702 1088 Marci
717 1029 850 1084 Varronis
865 1035 892 1085 et
906 1031 991 1086 Marci
1005 1031 1088 1086 Tullii
1103 1031 1243 1088 Ciceronis

407 1121 537 1193 operibus
553 1137 673 1194 epiorum
689 1120 922 1192 comparationem
936 1120 1065 1178 instituit.
1113 1167 1116 1174 .

275 1362 396 1434 Stilom
416 1383 533 1434 meum
546 1361 726 1453 obsequiis
744 1361 813 1434 tuis
831 1363 925 1434 vinci
942 1362 1054 1434 video.
1074 1364 1182 1435 Multo
1195 1385 1262 1456 ego

179 1485 274 1580 prius
296 1486 485 1576 gratiarum
507 1505 611 1577 quam
634 1495 670 1556 tu
692 1495 871 1578 gratarum
898 1507 1014 1556 rerum
1041 1485 1175 1557 actione
1201 1487 1264 1558 de-

179 1609 311 1698 fatiger.
335 1610 459 1702 Recepi
477 1630 558 1680 cccc
579 1609 704 1680 iterum
726 1620 797 1680 ate
818 1607 945 1679 tibrum
967 1631 1015 1680 ex
1035 1609 1202 1682 Varronis
1223 1632 1264 1682 ac

180 1730 355 1804 Ciceronis
380 1732 558 1826 opusculis
587 1731 727 1804 eximiis
761 1753 906 1825 prorsus
939 1740 974 1802 et
1007 1732 1109 1815 raris,
1137 1732 1265 1826 quibus

180 1853 401 1930 nihilanimo
422 1877 500 1926 meo
521 1857 670 1946 gratius,
698 1855 784 1925 nihil
817 1855 984 1948 optatius,
1012 1855 1097 1925 nihil
1122 1854 1263 1927 demum

180 1985 315 2070 poterat
337 1977 524 2048 advenisse
546 1977 742 2048 iucundius.
763 1975 924 2048 Accessit
948 1978 993 2049 ad
1019 1977 1095 2050 libri
1118 1981 1265 2070 gratiam
1319 1963 1322 1972 ¹

179 2098 275 2193 quod
295 2119 399 2168 manu
423 2108 479 2168 tua
501 2097 650 2190 scriptus
671 2077 760 2167 orats
778 2097 866 2178 Quae
886 2119 941 2168 rcs
965 2097 1032 2170 sub
1049 2099 1159 2170 ocutis
1177 2099 1264 2170 meis

181 2222 271 2292 inter
291 2220 366 2292 iilos
388 2219 477 2290 duos
500 2228 614 2290 tantos
641 2218 766 2290 heroas
793 2219 922 2310 tinguae
943 2220 1035 2291 latiae
1058 2221 1264 2293 temedium

181 2342 269 2414 iecit.
291 2343 360 2414 Nec
381 2365 465 2414 vero
483 2351 517 2413 te
539 2341 674 2434 magnis
696 2339 892 2412 nominibus
913 2343 1018 2414 inseri
1039 2344 1167 2436 pudeat

343 2521 401 2583 Neo
419 2529 447 2583 te
463 2522 607 2600 poeniteat
623 2522 737 2584 calamo
755 2520 878 2582 trivisse
893 2518 1043 2596 libellum,

186 2721 221 2780 ut
240 2709 288 2780 ait
307 2709 373 2781 itte.
400 2710 476 2780 Etsi
496 2709 588 2780 cnim
611 2716 648 2778 tu
672 2708 757 2779 alios
778 2707 930 2791 mireris,
952 2728 1041 2800 quos
1069 2707 1278 2782 studiorum·

184 2843 294 2906 mator
322 2832 477 2905 omnium
498 2832 576 2904 tulit
596 2831 798 2926 antiquitas
832 2829 936 2924 idque
958 2831 1034 2902 iure
1055 2840 1114 2902 tuo
1139 2820 1277 2915 racias‚‘
1308 2809 1315 2826 ,

178 2955 282 3034 ,ouius
316 2956 360 3025 sit
392 2956 567 3050 proprium
598 2964 634 3025 et
663 2954 779 3025 mirari
802 2974 882 3046 quae
901 2955 1032 3046 vulgus
1054 2952 1211 3048 despicit,
1232 2964 1269 3054 Ιει

184 3077 364 3171 despicere
384 3098 463 3169 quae
484 3064 643 3150 miratur:
665 3079 808 3150 veniant
834 3087 949 3148 tamen
978 3077 1038 3169 qui
1066 3088 1098 3148 te
1123 3077 1267 3148 forsitan

185 3201 366 3281 mirentur,
385 3219 509 3291 nempe
525 3221 630 3290 quem
648 3199 715 3270 iam
733 3221 825 3270 nunc
846 3199 963 3269 mirari
980 3199 1099 3292 incipit
1117 3200 1267 3285 invidia}

184 3333 221 3394 et
235 3321 338 3393 elaris
361 3341 498 3412 semper
518 3319 666 3410 ingeniis
679 3320 814 3410 ingrata
829 3301 1024 3411 praesentia,
1040 3343 1143 3411 quam
1159 3323 1267 3392 muita

185 3465 324 3538 quoque
342 3441 558 3536 subripuisse
575 3439 754 3516 veteribus
773 3461 841 3510 noo
857 3443 1013 3530 ignoras,
1034 3461 1113 3532 quae
1133 3443 1264 3512 sensim

188 3578 309 3659 postea
341 3564 493 3637 restituit
520 3563 584 3635 hac
610 3585 679 3634 una
705 3562 739 3632 in
766 3583 803 3632 re
830 3561 953 3632 iustior
978 3571 1014 3633 et
1038 3562 1270 3656 incorruptior

190 3711 340 3781 sequens
361 3700 462 3760 aetas.
483 3686 594 3778 Egisti
615 3694 730 3756 etitem
753 3685 884 3779 optime
902 3685 961 3777 qui
983 3685 1059 3756 illos
1087 3685 1267 3797 ipnxeris,

187 3833 276 3906 quos
298 3811 420 3904 patria,
443 3820 596 3901 tempus,
624 3808 813 3900 ingenium,
843 3829 954 3890 amor,
985 3807 1099 3878 studia
1125 3807 1270 3878 coniun-

189 3944 328 4006 xerunt.
349 3931 520 4003 rimarunt
549 3953 587 4002 sc
611 3931 657 4000 itti
692 3933 785 4000 cuttu
807 3939 940 4017 mutuo,
965 3932 1071 4002 multa
1093 3929 1158 4000 sibi
1180 3929 1270 4000 invi-

190 4075 280 4140 cem,
302 4057 411 4128 multa
427 4055 472 4126 de
489 4058 655 4127 atterutro
678 4053 864 4146 scripsere3
886 4074 979 4125 unus
997 4051 1177 4124 amborum
1196 4051 1270 4122 ani-

192 4199 285 4262 mus,
305 4190 568 4274 praeceptorque
588 4199 679 4251 unus
697 4177 774 4261 fuit3
792 4177 827 4248 in
844 4176 978 4249 eisdem
1001 4175 1128 4272 sohoiis
1146 4174 1271 4246 mitita-
