3024 4802
240 363 298 424 558
579 373 620 419 on
642 371 742 420 nunus
764 370 986 420 nnnrnrunrnus

240 532 359 583 corum
381 508 566 603 praesentia
588 508 690 579 solito
713 508 822 579 rarior
843 529 934 579 nunc
959 516 1032 579 est:
1054 506 1180 580 raritas
1206 520 1323 582 autem

238 633 452 705 desiderium
485 631 653 702 accendit.
690 632 790 724 Saepe
822 631 928 723 igitur
961 654 1115 703 annuum
1150 632 1323 703 silentium

239 756 364 828 diurna
376 756 583 848 loquacitate
600 775 805 848 compenso,
823 774 1034 846 rursumque
1052 753 1173 826 amicis
1191 752 1324 826 abeun-

239 877 332 950 tibus
354 887 471 949 mutus
494 876 549 948 fio.
572 879 810 972 importunum
836 875 1013 968 negotium
1039 897 1119 946 cum
1139 878 1249 967 vulgo
1275 877 1325 946 lo·

239 1001 311 1094 qui,
336 1011 396 1072 aut
415 1001 555 1072 omnino
573 1023 652 1072 cum
674 1000 828 1084 homine,
847 1021 953 1092 quem
970 1021 1040 1070 uon
1060 1019 1159 1073 amor
1176 997 1238 1070 tibi
1260 1020 1324 1070 seu

238 1123 394 1195 doctrina
415 1123 581 1194 conciliet.
602 1123 779 1194 Coeterum
804 1143 901 1193 more
926 1121 1062 1193 illorum
1095 1122 1168 1214 qui,
1205 1131 1243 1193 ut
1275 1121 1323 1192 ait

165 1283 166 1288 =
238 1245 409 1329 AnnaeuS,
432 1246 476 1317 de
496 1245 580 1318 vitae
601 1240 759 1338 partibus
785 1242 980 1317 deliberant
995 1265 1063 1316 noo
1091 1243 1136 1316 de
1162 1252 1249 1328 tota,
1272 1244 1323 1315 in-

238 1379 420 1460 gruentem
434 1369 591 1460 cogitans
605 1376 779 1452 aestatem,
793 1366 1025 1438 diversorium
1044 1365 1322 1440 amoenissimum

239 1490 577 1585 saluberrimumque
602 1491 682 1564 adii.
709 1489 945 1580 Garignanum
967 1499 1108 1572 vocant,
1136 1487 1263 1572 tribuS,
1286 1499 1323 1559 ut

238 1625 436 1700 numerant,
464 1635 634 1707 passuum
666 1611 819 1684 millibus
846 1612 891 1684 ab
915 1613 992 1708 ipsa
1018 1611 1106 1684 urbe
1135 1622 1321 1684 semotum.

237 1740 311 1808 Rus
321 1746 438 1808 autem
452 1739 487 1808 in
499 1735 640 1831 planitie
655 1737 831 1806 elevatum
842 1745 878 1806 et
890 1733 1038 1808 cinctum
1052 1730 1208 1826 undique
1220 1732 1323 1804 lonti-

236 1858 317 1944 bus,
333 1879 404 1930 non
420 1858 488 1930 illis
506 1855 645 1949 quidem
661 1857 793 1948 Sorgiae
807 1867 927 1930 nostro
939 1856 1153 1950 transalpino
1166 1855 1319 1952 paribus,

238 1982 301 2054 sed
322 1982 489 2055 modestis
510 2003 551 2054 ac
571 1980 709 2064 lucidis,
732 1989 873 2074 tamque
895 1981 1050 2052 suaviter
1071 1979 1221 2052 invicem
1242 2001 1322 2075 per-

175 2087 179 2102 ’
236 2107 352 2200 plexis
370 2128 411 2178 ac
432 2083 547 2196 vagis,
570 2115 608 2176 ut
628 2104 722 2176 unde
742 2104 886 2175 veniant
902 2124 966 2174 seu
986 2125 1058 2194 quo
1074 2112 1235 2197 pergant,
1256 2102 1321 2172 vix

211 2231 349 2323 ’possit
372 2227 531 2320 intelligi3
558 2227 608 2299 sic
634 2238 759 2298 cocunt
784 2225 1046 2318 divertuutque,
1073 2238 1109 2297 et
1134 2245 1259 2296 rursus
1285 2225 1320 2294 iu

239 2375 277 2425 se
302 2351 463 2436 redeunt,
490 2355 689 2445 multosque
713 2371 776 2444 per
800 2327 959 2422 tramites
985 2371 1094 2422 uuum
1120 2347 1156 2418 iu
1181 2348 1320 2428 alveum

236 2475 441 2546 relabuntur
463 2473 686 2546 Menandreis
707 2471 870 2555 flexibus
893 2483 933 2543 ut
946 2472 1179 2568 nympharum
1193 2471 1319 2542 choros

236 2595 504 2689 virgineamque
524 2597 581 2688 agi
602 2594 737 2668 dixeris
763 2595 938 2667 choream.
966 2594 1029 2666 Hic
1048 2592 1153 2666 modo
1174 2615 1267 2676 sum,
1286 2602 1321 2662 et

236 2717 321 2810 quid
341 2740 443 2810 agam
464 2718 552 2789 dixi:
574 2727 609 2790 et
630 2719 660 2789 si
687 2718 810 2789 sileam
836 2717 940 2790 nosti.
967 2713 1044 2807 Ago
1068 2714 1162 2808 quod
1196 2714 1320 2787 solitus

237 2863 325 2924 sum,
348 2841 414 2912 nisi
434 2840 529 2935 quod
546 2839 626 2912 rure
645 2839 731 2910 mibi
751 2838 895 2912 libertas
911 2848 968 2910 est
985 2839 1105 2910 maior.
1120 2837 1227 2908 Otiosi
1246 2840 1319 2910 lue-

235 2965 279 3034 rit
300 2963 329 3033 si
347 2985 491 3057 pergam
512 2964 642 3059 exequi
658 2962 786 3055 quibos
806 2962 920 3033 taediis
934 2961 1077 3034 urbanis
1094 2961 1151 3034 hic
1167 2982 1315 3044 caream,

235 3083 364 3175 quibus
385 3082 585 3174 agrestibus
606 3083 739 3155 solatiis
767 3082 957 3170 abundem,
972 3104 1066 3176 quae
1098 3082 1184 3156 mibi
1215 3104 1320 3177 poma

233 3201 279 3276 de
300 3203 496 3291 arboribus,
518 3226 607 3299 quos
628 3229 648 3278 e
668 3206 778 3299 pratis
804 3206 980 3292 flosculos,
1004 3227 1093 3299 quos
1118 3231 1138 3278 e
1164 3204 1318 3278 fontibus

234 3328 428 3421 pisciculos
451 3349 539 3422 quas
557 3350 578 3399 e
596 3329 687 3402 limis
708 3332 909 3415 anaticulas,
932 3347 1021 3422 quas
1043 3353 1063 3401 e
1084 3327 1176 3401 nidis
1198 3327 1318 3400 avicu-

233 3455 300 3539 las,
322 3474 410 3545 quos
431 3475 478 3525 ex
504 3455 600 3545 agris
621 3453 818 3539 hericiolos,
847 3473 982 3545 quosve
1015 3453 1225 3547 lepusculos,
1260 3471 1318 3522 ca-

233 3579 442 3670 preolosque
462 3587 566 3670 atque
582 3576 758 3670 apriculos
775 3577 932 3657 certatim
954 3574 1103 3647 humiles
1121 3574 1318 3648 convehant

233 3699 349 3771 vicini.
368 3701 433 3772 Est
449 3700 506 3772 bic
520 3684 719 3773 ¹Canthusiae
737 3700 862 3772 domus
880 3721 972 3772 nova
993 3697 1058 3772 sed
1075 3696 1212 3770 nobilis.
1230 3694 1317 3768 Hinc

234 3823 319 3893 mihi
338 3823 511 3917 quidquid
529 3823 639 3895 sancti
657 3823 776 3915 gaudii
794 3823 886 3894 sumi
906 3830 1022 3916 potest
1039 3819 1136 3893 boris
1153 3817 1316 3892 omnibus

233 3954 362 4038 praesto
378 3953 444 4016 est.
465 3946 696 4018 Decreveram
715 3945 805 4018 intra
822 3941 933 4037 ipsius
950 3941 1099 4016 ooeuobii
1117 3949 1216 4034 septa
1233 3961 1318 4012 con·

165 4097 169 4106 ·
233 4064 340 4148 cludi,
360 4065 454 4159 quod
475 4066 542 4138 illis
563 4066 793 4140 sanctissimis
814 4065 900 4136 viris
921 4087 965 4136 au
991 4065 1076 4138 mibi
1103 4064 1238 4156 gratius
1263 4063 1317 4132 in-

233 4195 377 4256 certum.
400 4192 450 4261 lta
471 4213 508 4262 re
529 4193 656 4262 lactrrm
677 4201 787 4273 esset,
810 4211 875 4261 uec
897 4187 1044 4260 verebar
1064 4211 1108 4260 ne
1130 4209 1199 4280 qua
1220 4187 1256 4256 iu
1278 4206 1315 4255 re
