2958 4804
370 369 461 416 urnun
483 364 900 418 uuonuoruus.·-·-nrrsr0tl
924 371 996 418 rur.
1161 357 1216 418 'illl

148 515 226 586 bilia
247 522 331 584 suut
349 509 496 592 eaniuae,
526 519 563 580 ut
589 508 634 581 ita
654 509 817 595 dixerim,
840 509 919 582 [idei
942 521 1155 605 argumenta.
1179 515 1227 586 Te

148 636 251 728 igitur
271 633 416 717 amisso,
438 654 508 725 quo
530 652 609 704 sese
629 642 781 704 verteret
796 633 891 704 oanis
910 643 1003 717 tuus
1019 635 1076 727 qui
1093 645 1227 708 naturae

147 757 347 850 dominique
368 776 500 827 memor
516 754 597 826 hine
612 753 829 826 solitudinem
851 737 1021 840 horreret,
1045 757 1123 830 bine
1143 758 1228 828 alie-

147 884 285 976 nigenae
317 877 500 951 cuiuslibet
532 877 781 970 dedignaretur
806 877 967 970 imperia?
993 877 1094 962 Quod
1119 902 1226 951 unum

149 1004 303 1076 restabat
319 1002 464 1086 misero,
484 1011 600 1072 notam
617 1000 759 1073 domum
772 1001 921 1094 repetiit,
937 1001 997 1074 ubi
1016 1003 1082 1074 sub
1102 1012 1134 1074 te
1151 1004 1228 1075 taete

149 1131 301 1211 viserat,
325 1135 361 1198 et
381 1147 450 1219 quo
471 1125 601 1197 laudati
623 1145 748 1197 cursus
768 1127 916 1218 palmam
939 1146 1032 1220 saepe
1049 1128 1225 1212 retulerat,

151 1273 244 1347 saepe
282 1258 445 1332 cruentos
483 1249 661 1342 capreolos
697 1250 902 1342 leporesque
936 1249 1133 1321 remiserat:
1165 1273 1228 1322 neo

150 1375 217 1445 ullo
237 1385 378 1444 tuorum
398 1371 465 1443 illio
487 1379 638 1466 reperte,
660 1373 779 1442 clauso
794 1370 884 1443 ostio
917 1371 1159 1444 miserabiliter
1176 1373 1228 1443 in-

151 1498 303 1579 sultanS,
326 1494 479 1566 omnium
501 1491 714 1566 adstantium
734 1492 1007 1566 misericordiam
1029 1493 1147 1587 tuique
1168 1493 1229 1565 de-

151 1617 317 1692 siderium
339 1616 514 1688 excitavit.
539 1615 624 1687 Tum
645 1614 795 1708 primum
814 1615 942 1687 damna
962 1626 1081 1690 nostra
1102 1616 1229 1688 sentire

149 1741 330 1836 eoepimuS,
354 1750 471 1832 teque,
493 1759 597 1832 quem
623 1748 831 1831 praesentem
852 1737 1073 1834 putabamus,
1102 1739 1229 1812 abesse

150 1862 406 1959 perpendimus.
435 1863 479 1933 Ut
504 1883 560 1932 me
592 1870 706 1932 autem
733 1860 788 1932 ille
815 1861 1011 1954 conspexit,
1040 1861 1225 1940 intremuit.

150 2007 232 2058 mox
253 1986 401 2056 tremula
420 1983 595 2055 blanditiis
615 1984 726 2056 cauda
751 1995 931 2056 vosautem
960 1992 1080 2079 sponte
1106 2007 1228 2056 conse-

150 2107 275 2202 quitur.
297 2105 396 2176 Nuno
416 2127 551 2177 mecum
579 2106 677 2179 vadit
701 2106 736 2176 iu
762 2106 882 2192 silvaS,
910 2106 1055 2177 subrue
1086 2105 1227 2176 militat:

151 2229 236 2302 meis
257 2227 422 2323 auspiciis
443 2228 513 2299 ruit
528 2225 562 2297 in
580 2227 725 2312 belluas,
744 2228 880 2300 etmihi
899 2249 994 2322 saepe
1011 2205 1228 2320 gratissimas

152 2352 289 2444 praedas
308 2350 394 2442 agit,
414 2359 556 2446 paratus
577 2350 645 2435 ille,
665 2349 695 2422 si
712 2349 846 2434 iubeas
865 2351 910 2423 ad
927 2358 961 2422 te
978 2348 1107 2434 venire,
1126 2327 1228 2420 latus

151 2485 267 2546 tamen
291 2472 386 2568 quod
405 2473 541 2544 fortuna
561 2471 656 2544 illum
682 2473 727 2545 ad
753 2472 900 2566 amioum
921 2473 1025 2544 limen
1046 2471 1226 2565 appulerit.

151 2597 245 2668 Vale.

283 2714 335 2790 'Ad
349 2734 453 2791 iontem
466 2733 568 2806 Sergia
584 2733 658 2788 VIII.
675 2733 813 2788 Kalendas
827 2732 1005 2805 Septembris.

543 3127 719 3192 EPISVOLA
740 3127 832 3194 XVlll.

241 3306 435 3357 FRANCISCUS
456 3304 624 3356 plorandus
647 3304 782 3354 ZENOBIO
804 3304 1005 3354 FLORENI'INO
1027 3304 1052 3352 S.
1074 3305 1102 3353 P.
1124 3305 1153 3352 u.

151 3451 241 3507 Monet
256 3450 290 3505 de
308 3450 406 3521 enguo
427 3465 521 3504 errore
543 3464 627 3520 quem
641 3447 670 3502 in
690 3448 811 3502 earmIne
830 3446 950 3502 admisit.
973 3445 1091 3501 Litteras
1113 3446 1225 3502 Nicolao

220 3539 358 3594 Aeeimolo
380 3555 507 3611 pereum
523 3531 677 3592 reddendas
698 3538 781 3591 mittit
795 3537 931 3605 Inclusas,
946 3535 1047 3606 quibus
1063 3534 1097 3588 ad
1111 3535 1229 3590 redinte-

219 3626 354 3698 grandam
369 3643 432 3682 curn
447 3627 506 3682 viro
520 3627 621 3698 insigni
640 3627 788 3682 amIcibam
801 3627 881 3681 illum
896 3625 1067 3680 adhortatur.

247 3825 318 3897 Vix
338 3826 526 3901 amicorum
549 3827 681 3900 litteras
701 3827 830 3920 aliquot
851 3847 957 3896 unum
980 3824 1015 3894 in
1034 3823 1125 3895 diem
1146 3845 1228 3896 con-

153 3931 308 4042 globatas
341 3948 579 4035 absolveram,
613 3951 697 4022 dum
730 3969 812 4021 eece
844 3959 903 4020 tua
932 3955 1089 4020 nostrum
1122 3945 1226 4022 limen

153 4074 280 4166 pressit
295 4074 454 4167 epistola,
470 4093 549 4167 quae
565 4077 646 4145 laete
667 4071 779 4146 visam
800 4091 852 4156 se,
872 4069 901 4141 si
919 4069 1022 4142 vivas
1039 4089 1144 4142 voces
1165 4068 1228 4138 ha-

153 4193 240 4282 beat,
275 4219 344 4269 non
378 4197 526 4288 negabit.
557 4195 655 4269 Venit
684 4218 763 4268 eum
796 4195 852 4268 illa
885 4215 1024 4268 carmen
1057 4189 1224 4268 eximium
