<?xml version="1.0" encoding="UTF-8"?>
<!DOCTYPE html PUBLIC "-//W3C//DTD XHTML 1.0 Transitional//EN"
    "http://www.w3.org/TR/xhtml1/DTD/xhtml1-transitional.dtd">
<html xmlns="http://www.w3.org/1999/xhtml" xml:lang="en" lang="en">
 <head>
  <title>
</title>
<meta http-equiv="Content-Type" content="text/html;charset=utf-8" />
  <meta name='ocr-system' content='tesseract 3.04.00' />
  <meta name='ocr-capabilities' content='ocr_page ocr_carea ocr_par ocr_line ocrx_word'/>
</head>
<body>
  <div class='ocr_page' id='page_1' title='image "./franciscipetrar01fracgoog_0376.png"; bbox 0 0 3078 4798; ppageno 0'>
   <div class='ocr_carea' id='block_1_1' title="bbox 423 340 1279 402">
    <p class='ocr_par' dir='ltr' id='par_1_1' title="bbox 423 340 1279 402">
     <span class='ocr_line' id='line_1_1' title="bbox 423 340 1279 402; baseline 0.002 -4"><span class='ocrx_word' id='word_1_1' title='bbox 423 349 514 398; x_wconf 82' lang='lat' dir='ltr'>tlusn</span> <span class='ocrx_word' id='word_1_2' title='bbox 537 349 805 400; x_wconf 77' lang='lat' dir='ltr'>suxrusnscutus</span> <span class='ocrx_word' id='word_1_3' title='bbox 816 369 856 382; x_wconf 74' lang='lat'>⁸-</span> <span class='ocrx_word' id='word_1_4' title='bbox 867 351 1018 400; x_wconf 70' lang='lat' dir='ltr'>scissent</span> <span class='ocrx_word' id='word_1_5' title='bbox 1041 353 1071 400; x_wconf 93' lang='lat' dir='ltr'>ll.</span> <span class='ocrx_word' id='word_1_6' title='bbox 1219 340 1279 402; x_wconf 74' lang='grc'>365</span> 
     </span>
    </p>
   </div>
   <div class='ocr_carea' id='block_1_2' title="bbox 619 663 849 728">
    <p class='ocr_par' dir='ltr' id='par_1_2' title="bbox 619 663 849 728">
     <span class='ocr_line' id='line_1_2' title="bbox 619 663 849 728; baseline 0.004 -2"><span class='ocrx_word' id='word_1_7' title='bbox 619 663 796 728; x_wconf 76' lang='lat' dir='ltr'>srtsrott</span> <span class='ocrx_word' id='word_1_8' title='bbox 818 666 849 728; x_wconf 93' lang='lat' dir='ltr'>ll.</span> 
     </span>
    </p>
   </div>
   <div class='ocr_carea' id='block_1_3' title="bbox 312 878 1156 934">
    <p class='ocr_par' dir='ltr' id='par_1_3' title="bbox 312 878 1156 934">
     <span class='ocr_line' id='line_1_3' title="bbox 312 878 1156 934; baseline 0.001 -5"><span class='ocrx_word' id='word_1_9' title='bbox 312 878 506 930; x_wconf 76' lang='lat' dir='ltr'>rnnuctscus</span> <span class='ocrx_word' id='word_1_10' title='bbox 527 879 697 930; x_wconf 71' lang='lat' dir='ltr'>curatrice</span> <span class='ocrx_word' id='word_1_11' title='bbox 718 879 868 931; x_wconf 82' lang='lat' dir='ltr'>GEllllllllO</span> <span class='ocrx_word' id='word_1_12' title='bbox 890 881 1008 930; x_wconf 73' lang='lat' dir='ltr'>Flld&#39;llll</span> <span class='ocrx_word' id='word_1_13' title='bbox 1028 882 1054 932; x_wconf 87' lang='lat' dir='ltr'>S.</span> <span class='ocrx_word' id='word_1_14' title='bbox 1077 883 1104 932; x_wconf 87' lang='lat' dir='ltr'>P.</span> <span class='ocrx_word' id='word_1_15' title='bbox 1126 885 1156 934; x_wconf 82' lang='lat' dir='ltr'>u.</span> 
     </span>
    </p>
   </div>
   <div class='ocr_carea' id='block_1_4' title="bbox 346 1084 1120 1230">
    <p class='ocr_par' dir='ltr' id='par_1_4' title="bbox 346 1084 1120 1230">
     <span class='ocr_line' id='line_1_4' title="bbox 346 1084 1120 1158; baseline 0.005 -20"><span class='ocrx_word' id='word_1_16' title='bbox 346 1084 441 1140; x_wconf 78' lang='lat' dir='ltr'>Refert</span> <span class='ocrx_word' id='word_1_17' title='bbox 456 1101 517 1158; x_wconf 78' lang='lat' dir='ltr'>quae</span> <span class='ocrx_word' id='word_1_18' title='bbox 531 1084 565 1140; x_wconf 92' lang='lat' dir='ltr'>de</span> <span class='ocrx_word' id='word_1_19' title='bbox 579 1085 679 1140; x_wconf 89' lang='lat' dir='ltr'>virtute</span> <span class='ocrx_word' id='word_1_20' title='bbox 696 1085 755 1142; x_wconf 86' lang='lat' dir='ltr'>cius</span> <span class='ocrx_word' id='word_1_21' title='bbox 770 1101 787 1140; x_wconf 89' lang='lat' dir='ltr'>a</span> <span class='ocrx_word' id='word_1_22' title='bbox 801 1085 910 1142; x_wconf 86' lang='lat' dir='ltr'>duobus</span> <span class='ocrx_word' id='word_1_23' title='bbox 930 1085 1120 1144; x_wconf 84' lang='lat' dir='ltr'>Carthasianis</span> 
     </span>
     <span class='ocr_line' id='line_1_5' title="bbox 584 1175 885 1230; baseline 0 -2"><span class='ocrx_word' id='word_1_24' title='bbox 584 1175 727 1230; x_wconf 89' lang='lat' dir='ltr'>monachis</span> <span class='ocrx_word' id='word_1_25' title='bbox 741 1175 885 1230; x_wconf 85' lang='lat' dir='ltr'><strong>audiverit.</strong></span> 
     </span>
    </p>
   </div>
   <div class='ocr_carea' id='block_1_5' title="bbox 94 1460 1366 2415">
    <p class='ocr_par' dir='ltr' id='par_1_5' title="bbox 94 1460 1275 1800">
     <span class='ocr_line' id='line_1_6' title="bbox 292 1460 1273 1559; baseline 0.006 -27"><span class='ocrx_word' id='word_1_26' title='bbox 292 1460 480 1532; x_wconf 80' lang='lat' dir='ltr'>Coenabam</span> <span class='ocrx_word' id='word_1_27' title='bbox 492 1463 582 1533; x_wconf 86' lang='lat' dir='ltr'>forte</span> <span class='ocrx_word' id='word_1_28' title='bbox 599 1463 693 1555; x_wconf 86' lang='lat' dir='ltr'>apud</span> <span class='ocrx_word' id='word_1_29' title='bbox 711 1463 970 1535; x_wconf 87' lang='lat' dir='ltr'>sanctissimum</span> <span class='ocrx_word' id='word_1_30' title='bbox 983 1475 1088 1558; x_wconf 92' lang='lat' dir='ltr'>atque</span> <span class='ocrx_word' id='word_1_31' title='bbox 1105 1466 1273 1559; x_wconf 92' lang='lat' dir='ltr'>optimum</span> 
     </span>
     <span class='ocr_line' id='line_1_7' title="bbox 94 1581 1273 1681; baseline 0 -24"><span class='ocrx_word' id='word_1_32' title='bbox 94 1581 97 1588; x_wconf 66' lang='grc'>’</span> <span class='ocrx_word' id='word_1_33' title='bbox 190 1585 307 1657; x_wconf 89' lang='lat' dir='ltr'>virum</span> <span class='ocrx_word' id='word_1_34' title='bbox 322 1581 603 1656; x_wconf 90' lang='lat' dir='ltr'>lldebrandinum</span> <span class='ocrx_word' id='word_1_35' title='bbox 616 1584 794 1656; x_wconf 76' lang='lat' dir='ltr'>Patavium</span> <span class='ocrx_word' id='word_1_36' title='bbox 810 1588 997 1679; x_wconf 88' lang='lat' dir='ltr'>praesulem</span> <span class='ocrx_word' id='word_1_37' title='bbox 1015 1587 1196 1671; x_wconf 77' lang='lat' dir='ltr'><strong>Ecclesiae,</strong></span> <span class='ocrx_word' id='word_1_38' title='bbox 1215 1587 1273 1681; x_wconf 90' lang='lat' dir='ltr'>qui</span> 
     </span>
     <span class='ocr_line' id='line_1_8' title="bbox 190 1700 1275 1800; baseline 0.006 -23"><span class='ocrx_word' id='word_1_39' title='bbox 190 1719 274 1778; x_wconf 90' lang='lat' dir='ltr'>tunc</span> <span class='ocrx_word' id='word_1_40' title='bbox 297 1705 474 1777; x_wconf 87' lang='lat' dir='ltr'>civitatem</span> <span class='ocrx_word' id='word_1_41' title='bbox 494 1706 587 1777; x_wconf 90' lang='lat' dir='ltr'>illam</span> <span class='ocrx_word' id='word_1_42' title='bbox 610 1707 855 1800; x_wconf 81' lang='lat' dir='ltr'>multiplicibus</span> <span class='ocrx_word' id='word_1_43' title='bbox 878 1709 1045 1781; x_wconf 89' lang='lat' dir='ltr'>virtutum</span> <span class='ocrx_word' id='word_1_44' title='bbox 1070 1700 1178 1783; x_wconf 87' lang='lat' dir='ltr'>radiis</span> <span class='ocrx_word' id='word_1_45' title='bbox 1199 1711 1275 1783; x_wconf 90' lang='lat' dir='ltr'>illu-</span> 
     </span>
    </p>

    <p class='ocr_par' dir='ltr' id='par_1_6' title="bbox 191 1803 1366 2415">
     <span class='ocr_line' id='line_1_9' title="bbox 191 1803 1366 1915; baseline 0.003 -13"><span class='ocrx_word' id='word_1_46' title='bbox 191 1829 337 1914; x_wconf 88' lang='lat' dir='ltr'>strabat,</span> <span class='ocrx_word' id='word_1_47' title='bbox 353 1851 446 1901; x_wconf 89' lang='lat' dir='ltr'>nnnc</span> <span class='ocrx_word' id='word_1_48' title='bbox 458 1851 588 1900; x_wconf 90' lang='lat' dir='ltr'>novum</span> <span class='ocrx_word' id='word_1_49' title='bbox 604 1833 692 1902; x_wconf 88' lang='lat' dir='ltr'>coelo</span> <span class='ocrx_word' id='word_1_50' title='bbox 705 1830 803 1902; x_wconf 91' lang='lat' dir='ltr'>sidus</span> <span class='ocrx_word' id='word_1_51' title='bbox 817 1831 977 1915; x_wconf 89' lang='lat' dir='ltr'>accessit,</span> <span class='ocrx_word' id='word_1_52' title='bbox 993 1833 1075 1904; x_wconf 91' lang='lat' dir='ltr'>dum</span> <span class='ocrx_word' id='word_1_53' title='bbox 1091 1854 1172 1904; x_wconf 89' lang='lat' dir='ltr'>ecce</span> <span class='ocrx_word' id='word_1_54' title='bbox 1185 1832 1275 1906; x_wconf 91' lang='lat' dir='ltr'>dnos</span> <span class='ocrx_word' id='word_1_55' title='bbox 1361 1803 1366 1817; x_wconf 35' lang='grc' dir='ltr'>Ι</span> 
     </span>
     <span class='ocr_line' id='line_1_10' title="bbox 191 1952 1273 2048; baseline 0.006 -26"><span class='ocrx_word' id='word_1_56' title='bbox 191 1952 243 2023; x_wconf 89' lang='lat' dir='ltr'>tui</span> <span class='ocrx_word' id='word_1_57' title='bbox 255 1952 387 2024; x_wconf 83' lang='lat' dir='ltr'>ordinis</span> <span class='ocrx_word' id='word_1_58' title='bbox 400 1952 535 2048; x_wconf 81' lang='lat' dir='ltr'>priores</span> <span class='ocrx_word' id='word_1_59' title='bbox 549 1973 654 2024; x_wconf 89' lang='lat' dir='ltr'>casus</span> <span class='ocrx_word' id='word_1_60' title='bbox 675 1954 796 2038; x_wconf 89' lang='lat' dir='ltr'>attulit,</span> <span class='ocrx_word' id='word_1_61' title='bbox 816 1957 962 2026; x_wconf 88' lang='lat' dir='ltr'>alterum</span> <span class='ocrx_word' id='word_1_62' title='bbox 985 1956 1149 2042; x_wconf 90' lang='lat' dir='ltr'>ltalicum,</span> <span class='ocrx_word' id='word_1_63' title='bbox 1169 1958 1273 2028; x_wconf 86' lang='lat' dir='ltr'>Tran-</span> 
     </span>
     <span class='ocr_line' id='line_1_11' title="bbox 194 2075 1273 2169; baseline 0 -21"><span class='ocrx_word' id='word_1_64' title='bbox 194 2076 364 2169; x_wconf 90' lang='lat' dir='ltr'>salpinum</span> <span class='ocrx_word' id='word_1_65' title='bbox 380 2075 606 2148; x_wconf 77' lang='lat' dir='ltr'>alterumzhie</span> <span class='ocrx_word' id='word_1_66' title='bbox 620 2076 823 2146; x_wconf 88' lang='lat' dir='ltr'>Casularum</span> <span class='ocrx_word' id='word_1_67' title='bbox 839 2075 965 2148; x_wconf 88' lang='lat' dir='ltr'>domus</span> <span class='ocrx_word' id='word_1_68' title='bbox 979 2077 1273 2160; x_wconf 64' lang='lat' dir='ltr'>moderatorem,</span> 
     </span>
     <span class='ocr_line' id='line_1_12' title="bbox 194 2195 1272 2290; baseline 0.002 -22"><span class='ocrx_word' id='word_1_69' title='bbox 194 2219 276 2290; x_wconf 84' lang='lat' dir='ltr'>quae</span> <span class='ocrx_word' id='word_1_70' title='bbox 296 2195 526 2288; x_wconf 82' lang='lat' dir='ltr'>Albingaunis</span> <span class='ocrx_word' id='word_1_71' title='bbox 552 2195 711 2270; x_wconf 88' lang='lat' dir='ltr'>litoribus</span> <span class='ocrx_word' id='word_1_72' title='bbox 732 2195 921 2290; x_wconf 82' lang='lat' dir='ltr'>impendet,</span> <span class='ocrx_word' id='word_1_73' title='bbox 945 2197 1000 2268; x_wconf 91' lang='lat' dir='ltr'>ille</span> <span class='ocrx_word' id='word_1_74' title='bbox 1024 2197 1132 2268; x_wconf 91' lang='lat' dir='ltr'>Vallis</span> <span class='ocrx_word' id='word_1_75' title='bbox 1153 2199 1272 2284; x_wconf 79' lang='lat' dir='ltr'>Bonae,</span> 
     </span>
     <span class='ocr_line' id='line_1_13' title="bbox 196 2320 1273 2415; baseline 0.003 -25"><span class='ocrx_word' id='word_1_76' title='bbox 196 2341 276 2414; x_wconf 86' lang='lat' dir='ltr'>quae</span> <span class='ocrx_word' id='word_1_77' title='bbox 293 2321 430 2393; x_wconf 75' lang='lat' dir='ltr'>dextrae</span> <span class='ocrx_word' id='word_1_78' title='bbox 445 2320 606 2392; x_wconf 89' lang='lat' dir='ltr'>Rhodani</span> <span class='ocrx_word' id='word_1_79' title='bbox 623 2320 710 2415; x_wconf 81' lang='lat' dir='ltr'>ripae</span> <span class='ocrx_word' id='word_1_80' title='bbox 735 2320 895 2414; x_wconf 83' lang='lat' dir='ltr'>proxima</span> <span class='ocrx_word' id='word_1_81' title='bbox 914 2331 978 2392; x_wconf 89' lang='lat' dir='ltr'>est.</span> <span class='ocrx_word' id='word_1_82' title='bbox 998 2321 1083 2393; x_wconf 89' lang='lat' dir='ltr'>Cum</span> <span class='ocrx_word' id='word_1_83' title='bbox 1106 2343 1192 2414; x_wconf 80' lang='lat' dir='ltr'>ergo</span> <span class='ocrx_word' id='word_1_84' title='bbox 1213 2343 1273 2395; x_wconf 89' lang='lat' dir='ltr'>eos</span> 
     </span>
    </p>
   </div>
   <div class='ocr_carea' id='block_1_6' title="bbox 190 2441 1275 3007">
    <p class='ocr_par' dir='ltr' id='par_1_7' title="bbox 190 2441 1275 3007">
     <span class='ocr_line' id='line_1_14' title="bbox 193 2441 1275 2536; baseline 0.004 -24"><span class='ocrx_word' id='word_1_85' title='bbox 193 2443 380 2536; x_wconf 89' lang='lat' dir='ltr'>episcopus</span> <span class='ocrx_word' id='word_1_86' title='bbox 406 2464 470 2516; x_wconf 90' lang='lat' dir='ltr'>suo</span> <span class='ocrx_word' id='word_1_87' title='bbox 496 2464 590 2515; x_wconf 89' lang='lat' dir='ltr'>more</span> <span class='ocrx_word' id='word_1_88' title='bbox 617 2442 735 2514; x_wconf 89' lang='lat' dir='ltr'>talium</span> <span class='ocrx_word' id='word_1_89' title='bbox 762 2441 937 2536; x_wconf 90' lang='lat' dir='ltr'>hospitum</span> <span class='ocrx_word' id='word_1_90' title='bbox 960 2445 1100 2516; x_wconf 83' lang='lat' dir='ltr'>laetatus</span> <span class='ocrx_word' id='word_1_91' title='bbox 1121 2444 1275 2516; x_wconf 91' lang='lat' dir='ltr'>adventu</span> 
     </span>
     <span class='ocr_line' id='line_1_15' title="bbox 191 2566 1274 2665; baseline -0.003 -23"><span class='ocrx_word' id='word_1_92' title='bbox 191 2569 337 2642; x_wconf 86' lang='lat' dir='ltr'>comiter</span> <span class='ocrx_word' id='word_1_93' title='bbox 367 2569 581 2665; x_wconf 87' lang='lat' dir='ltr'>excepisset,</span> <span class='ocrx_word' id='word_1_94' title='bbox 617 2577 795 2660; x_wconf 84' lang='lat' dir='ltr'>tractoque</span> <span class='ocrx_word' id='word_1_95' title='bbox 825 2566 868 2638; x_wconf 92' lang='lat' dir='ltr'>ad</span> <span class='ocrx_word' id='word_1_96' title='bbox 899 2587 1083 2660; x_wconf 88' lang='lat' dir='ltr'>vesperam</span> <span class='ocrx_word' id='word_1_97' title='bbox 1115 2588 1274 2640; x_wconf 90' lang='lat' dir='ltr'>sermone</span> 
     </span>
     <span class='ocr_line' id='line_1_16' title="bbox 191 2687 1274 2788; baseline -0.001 -25"><span class='ocrx_word' id='word_1_98' title='bbox 191 2694 300 2765; x_wconf 89' lang='lat' dir='ltr'>multa</span> <span class='ocrx_word' id='word_1_99' title='bbox 321 2697 618 2788; x_wconf 82' lang='lat' dir='ltr'>percunctaretur,</span> <span class='ocrx_word' id='word_1_100' title='bbox 639 2700 744 2782; x_wconf 85' lang='lat' dir='ltr'>etque</span> <span class='ocrx_word' id='word_1_101' title='bbox 765 2687 938 2781; x_wconf 90' lang='lat' dir='ltr'>inprimis</span> <span class='ocrx_word' id='word_1_102' title='bbox 965 2709 1045 2780; x_wconf 86' lang='lat' dir='ltr'>qnae</span> <span class='ocrx_word' id='word_1_103' title='bbox 1065 2689 1141 2762; x_wconf 93' lang='lat' dir='ltr'>illos</span> <span class='ocrx_word' id='word_1_104' title='bbox 1168 2711 1274 2762; x_wconf 91' lang='lat' dir='ltr'>eausa</span> 
     </span>
     <span class='ocr_line' id='line_1_17' title="bbox 190 2809 1273 2907; baseline -0.002 -23"><span class='ocrx_word' id='word_1_105' title='bbox 190 2815 371 2886; x_wconf 88' lang='lat' dir='ltr'>Patavium</span> <span class='ocrx_word' id='word_1_106' title='bbox 390 2813 606 2897; x_wconf 84' lang='lat' dir='ltr'>adduxisset,</span> <span class='ocrx_word' id='word_1_107' title='bbox 622 2809 877 2907; x_wconf 85' lang='lat' dir='ltr'>responderunt</span> <span class='ocrx_word' id='word_1_108' title='bbox 890 2831 929 2881; x_wconf 90' lang='lat' dir='ltr'>se</span> <span class='ocrx_word' id='word_1_109' title='bbox 947 2811 1074 2882; x_wconf 91' lang='lat' dir='ltr'>missos</span> <span class='ocrx_word' id='word_1_110' title='bbox 1092 2810 1137 2881; x_wconf 93' lang='lat' dir='ltr'>ah</span> <span class='ocrx_word' id='word_1_111' title='bbox 1154 2810 1273 2884; x_wconf 85' lang='lat' dir='ltr'>ordine</span> 
     </span>
     <span class='ocr_line' id='line_1_18' title="bbox 191 2933 1273 3007; baseline -0.003 0"><span class='ocrx_word' id='word_1_112' title='bbox 191 2952 230 3007; x_wconf 85' lang='lat' dir='ltr'>ut</span> <span class='ocrx_word' id='word_1_113' title='bbox 251 2938 285 3006; x_wconf 91' lang='lat' dir='ltr'>in</span> <span class='ocrx_word' id='word_1_114' title='bbox 305 2935 477 3006; x_wconf 86' lang='lat' dir='ltr'>territorio</span> <span class='ocrx_word' id='word_1_115' title='bbox 498 2934 681 3006; x_wconf 86' lang='lat' dir='ltr'>Tarvisino</span> <span class='ocrx_word' id='word_1_116' title='bbox 700 2933 898 3006; x_wconf 86' lang='lat' dir='ltr'>coenobium</span> <span class='ocrx_word' id='word_1_117' title='bbox 920 2933 1166 3006; x_wconf 85' lang='lat' dir='ltr'>Carthasiense</span> <span class='ocrx_word' id='word_1_118' title='bbox 1191 2954 1273 3006; x_wconf 89' lang='lat' dir='ltr'>con-</span> 
     </span>
    </p>
   </div>
   <div class='ocr_carea' id='block_1_7' title="bbox 189 3057 1275 4253">
    <p class='ocr_par' dir='ltr' id='par_1_8' title="bbox 189 3057 1275 4253">
     <span class='ocr_line' id='line_1_19' title="bbox 192 3057 1275 3153; baseline -0.004 -21"><span class='ocrx_word' id='word_1_119' title='bbox 192 3069 381 3144; x_wconf 88' lang='lat' dir='ltr'>struerent,</span> <span class='ocrx_word' id='word_1_120' title='bbox 402 3060 540 3131; x_wconf 82' lang='lat' dir='ltr'>favente</span> <span class='ocrx_word' id='word_1_121' title='bbox 567 3058 600 3128; x_wconf 94' lang='lat' dir='ltr'>in</span> <span class='ocrx_word' id='word_1_122' title='bbox 628 3059 747 3151; x_wconf 91' lang='lat' dir='ltr'>primis</span> <span class='ocrx_word' id='word_1_123' title='bbox 773 3057 939 3153; x_wconf 89' lang='lat' dir='ltr'>episcopo</span> <span class='ocrx_word' id='word_1_124' title='bbox 964 3069 1068 3151; x_wconf 90' lang='lat' dir='ltr'>atque</span> <span class='ocrx_word' id='word_1_125' title='bbox 1094 3058 1171 3130; x_wconf 90' lang='lat' dir='ltr'>aliis</span> <span class='ocrx_word' id='word_1_126' title='bbox 1197 3058 1275 3152; x_wconf 92' lang='lat' dir='ltr'>qui-</span> 
     </span>
     <span class='ocr_line' id='line_1_20' title="bbox 193 3179 1274 3267; baseline 0.001 -15"><span class='ocrx_word' id='word_1_127' title='bbox 193 3181 342 3254; x_wconf 91' lang='lat' dir='ltr'>busdam</span> <span class='ocrx_word' id='word_1_128' title='bbox 364 3180 510 3264; x_wconf 77' lang='lat' dir='ltr'>civibus</span> <span class='ocrx_word' id='word_1_129' title='bbox 531 3180 594 3251; x_wconf 88' lang='lat' dir='ltr'>loci</span> <span class='ocrx_word' id='word_1_130' title='bbox 613 3179 705 3252; x_wconf 88' lang='lat' dir='ltr'>illius</span> <span class='ocrx_word' id='word_1_131' title='bbox 725 3180 825 3252; x_wconf 90' lang='lat' dir='ltr'>bonis</span> <span class='ocrx_word' id='word_1_132' title='bbox 847 3202 887 3252; x_wconf 92' lang='lat' dir='ltr'>ac</span> <span class='ocrx_word' id='word_1_133' title='bbox 904 3179 1040 3254; x_wconf 88' lang='lat' dir='ltr'>devotis</span> <span class='ocrx_word' id='word_1_134' title='bbox 1058 3181 1154 3253; x_wconf 79' lang='lat' dir='ltr'>viris.</span> <span class='ocrx_word' id='word_1_135' title='bbox 1174 3181 1274 3267; x_wconf 88' lang='lat' dir='ltr'>Quod</span> 
     </span>
     <span class='ocr_line' id='line_1_21' title="bbox 190 3297 1275 3398; baseline -0.003 -22"><span class='ocrx_word' id='word_1_136' title='bbox 190 3325 280 3398; x_wconf 89' lang='lat' dir='ltr'>opus</span> <span class='ocrx_word' id='word_1_137' title='bbox 306 3303 453 3398; x_wconf 87' lang='lat' dir='ltr'>qualiter</span> <span class='ocrx_word' id='word_1_138' title='bbox 479 3303 649 3375; x_wconf 87' lang='lat' dir='ltr'>hactenus</span> <span class='ocrx_word' id='word_1_139' title='bbox 676 3297 887 3374; x_wconf 85' lang='lat' dir='ltr'>su‘ecesserit</span> <span class='ocrx_word' id='word_1_140' title='bbox 913 3323 1204 3376; x_wconf 86' lang='lat' dir='ltr'>successorumve</span> <span class='ocrx_word' id='word_1_141' title='bbox 1230 3304 1275 3376; x_wconf 87' lang='lat' dir='ltr'>sit</span> 
     </span>
     <span class='ocr_line' id='line_1_22' title="bbox 192 3422 1274 3517; baseline -0.004 -19"><span class='ocrx_word' id='word_1_142' title='bbox 192 3433 321 3500; x_wconf 90' lang='lat' dir='ltr'>nescio.</span> <span class='ocrx_word' id='word_1_143' title='bbox 345 3427 520 3500; x_wconf 86' lang='lat' dir='ltr'>Coeterum</span> <span class='ocrx_word' id='word_1_144' title='bbox 547 3448 626 3498; x_wconf 90' lang='lat' dir='ltr'>cum</span> <span class='ocrx_word' id='word_1_145' title='bbox 652 3425 707 3495; x_wconf 90' lang='lat' dir='ltr'>vir</span> <span class='ocrx_word' id='word_1_146' title='bbox 729 3423 797 3504; x_wconf 82' lang='lat' dir='ltr'>ille,</span> <span class='ocrx_word' id='word_1_147' title='bbox 825 3422 925 3495; x_wconf 89' lang='lat' dir='ltr'>ouius</span> <span class='ocrx_word' id='word_1_148' title='bbox 946 3432 985 3494; x_wconf 88' lang='lat' dir='ltr'>ut</span> <span class='ocrx_word' id='word_1_149' title='bbox 1004 3424 1077 3494; x_wconf 87' lang='lat' dir='ltr'>vita</span> <span class='ocrx_word' id='word_1_150' title='bbox 1097 3426 1274 3517; x_wconf 83' lang='lat' dir='ltr'>exempla-</span> 
     </span>
     <span class='ocr_line' id='line_1_23' title="bbox 190 3545 1274 3633; baseline -0.003 -15"><span class='ocrx_word' id='word_1_151' title='bbox 190 3550 249 3633; x_wconf 87' lang='lat' dir='ltr'>ris,</span> <span class='ocrx_word' id='word_1_152' title='bbox 269 3549 320 3621; x_wconf 90' lang='lat' dir='ltr'>sic</span> <span class='ocrx_word' id='word_1_153' title='bbox 332 3559 367 3621; x_wconf 87' lang='lat' dir='ltr'>et</span> <span class='ocrx_word' id='word_1_154' title='bbox 378 3549 534 3622; x_wconf 90' lang='lat' dir='ltr'>doctrina</span> <span class='ocrx_word' id='word_1_155' title='bbox 552 3558 588 3619; x_wconf 85' lang='lat' dir='ltr'>et</span> <span class='ocrx_word' id='word_1_156' title='bbox 604 3547 713 3619; x_wconf 88' lang='lat' dir='ltr'>oratic</span> <span class='ocrx_word' id='word_1_157' title='bbox 732 3554 852 3617; x_wconf 88' lang='lat' dir='ltr'>sancta</span> <span class='ocrx_word' id='word_1_158' title='bbox 869 3545 942 3627; x_wconf 87' lang='lat' dir='ltr'>fuit,</span> <span class='ocrx_word' id='word_1_159' title='bbox 962 3545 1108 3617; x_wconf 90' lang='lat' dir='ltr'>verbum</span> <span class='ocrx_word' id='word_1_160' title='bbox 1126 3567 1147 3616; x_wconf 90' lang='lat' dir='ltr'>e</span> <span class='ocrx_word' id='word_1_161' title='bbox 1164 3545 1274 3616; x_wconf 85' lang='lat' dir='ltr'>verbo</span> 
     </span>
     <span class='ocr_line' id='line_1_24' title="bbox 190 3666 1271 3762; baseline -0.005 -21"><span class='ocrx_word' id='word_1_162' title='bbox 190 3671 342 3756; x_wconf 91' lang='lat' dir='ltr'>eliciens,</span> <span class='ocrx_word' id='word_1_163' title='bbox 353 3681 389 3743; x_wconf 90' lang='lat' dir='ltr'>et</span> <span class='ocrx_word' id='word_1_164' title='bbox 400 3673 490 3743; x_wconf 93' lang='lat' dir='ltr'>inter</span> <span class='ocrx_word' id='word_1_165' title='bbox 502 3669 568 3742; x_wconf 85' lang='lat' dir='ltr'>alia</span> <span class='ocrx_word' id='word_1_166' title='bbox 581 3669 631 3742; x_wconf 84' lang='lat' dir='ltr'>tui</span> <span class='ocrx_word' id='word_1_167' title='bbox 644 3689 783 3762; x_wconf 90' lang='lat' dir='ltr'>quoque</span> <span class='ocrx_word' id='word_1_168' title='bbox 795 3666 1004 3738; x_wconf 88' lang='lat' dir='ltr'>mentionem</span> <span class='ocrx_word' id='word_1_169' title='bbox 1016 3666 1155 3750; x_wconf 82' lang='lat' dir='ltr'>faciens,</span> <span class='ocrx_word' id='word_1_170' title='bbox 1168 3688 1271 3759; x_wconf 87' lang='lat' dir='ltr'>quam</span> 
     </span>
     <span class='ocr_line' id='line_1_25' title="bbox 190 3789 1275 3881; baseline -0.005 -16"><span class='ocrx_word' id='word_1_171' title='bbox 190 3805 283 3866; x_wconf 89' lang='lat' dir='ltr'>sorte</span> <span class='ocrx_word' id='word_1_172' title='bbox 308 3815 349 3866; x_wconf 90' lang='lat' dir='ltr'>ac</span> <span class='ocrx_word' id='word_1_173' title='bbox 374 3796 555 3868; x_wconf 88' lang='lat' dir='ltr'>vocatione</span> <span class='ocrx_word' id='word_1_174' title='bbox 580 3802 640 3865; x_wconf 87' lang='lat' dir='ltr'>tua</span> <span class='ocrx_word' id='word_1_175' title='bbox 665 3801 849 3865; x_wconf 88' lang='lat' dir='ltr'>contentus</span> <span class='ocrx_word' id='word_1_176' title='bbox 874 3811 999 3880; x_wconf 77' lang='lat' dir='ltr'>ageres</span> <span class='ocrx_word' id='word_1_177' title='bbox 1030 3789 1275 3881; x_wconf 89' lang='lat' dir='ltr'>quaesivisset,-</span> 
     </span>
     <span class='ocr_line' id='line_1_26' title="bbox 190 3909 1274 4008; baseline -0.002 -23"><span class='ocrx_word' id='word_1_178' title='bbox 190 3915 238 3986; x_wconf 93' lang='lat' dir='ltr'>illi</span> <span class='ocrx_word' id='word_1_179' title='bbox 256 3916 412 3988; x_wconf 87' lang='lat' dir='ltr'>certatim</span> <span class='ocrx_word' id='word_1_180' title='bbox 435 3917 616 3989; x_wconf 86' lang='lat' dir='ltr'>materiam</span> <span class='ocrx_word' id='word_1_181' title='bbox 634 3914 793 4008; x_wconf 77' lang='lat' dir='ltr'>aggressi</span> <span class='ocrx_word' id='word_1_182' title='bbox 813 3912 858 3984; x_wconf 91' lang='lat' dir='ltr'>de</span> <span class='ocrx_word' id='word_1_183' title='bbox 881 3921 914 3982; x_wconf 87' lang='lat' dir='ltr'>te</span> <span class='ocrx_word' id='word_1_184' title='bbox 935 3909 1138 4003; x_wconf 82' lang='lat' dir='ltr'>magnificos</span> <span class='ocrx_word' id='word_1_185' title='bbox 1157 3933 1274 3984; x_wconf 92' lang='lat' dir='ltr'>rumo-</span> 
     </span>
     <span class='ocr_line' id='line_1_27' title="bbox 189 4015 1273 4127; baseline -0.001 -22"><span class='ocrx_word' id='word_1_186' title='bbox 189 4059 248 4108; x_wconf 89' lang='lat' dir='ltr'>res</span> <span class='ocrx_word' id='word_1_187' title='bbox 268 4040 471 4121; x_wconf 81' lang='lat' dir='ltr'>retulerunt,</span> <span class='ocrx_word' id='word_1_188' title='bbox 492 4037 692 4110; x_wconf 88' lang='lat' dir='ltr'>nominatim</span> <span class='ocrx_word' id='word_1_189' title='bbox 712 4015 819 4109; x_wconf 89' lang='lat' dir='ltr'>unum</span> <span class='ocrx_word' id='word_1_190' title='bbox 835 4062 842 4104; x_wconf 92' lang='lat'>:</span> <span class='ocrx_word' id='word_1_191' title='bbox 861 4057 939 4106; x_wconf 90' lang='lat' dir='ltr'>curo</span> <span class='ocrx_word' id='word_1_192' title='bbox 960 4033 1068 4127; x_wconf 89' lang='lat' dir='ltr'>pestis</span> <span class='ocrx_word' id='word_1_193' title='bbox 1088 4033 1172 4118; x_wconf 86' lang='lat' dir='ltr'>haec,</span> <span class='ocrx_word' id='word_1_194' title='bbox 1192 4054 1273 4126; x_wconf 77' lang='lat' dir='ltr'>qnae</span> 
     </span>
     <span class='ocr_line' id='line_1_28' title="bbox 189 4156 1272 4253; baseline 0 -24"><span class='ocrx_word' id='word_1_195' title='bbox 189 4179 311 4231; x_wconf 91' lang='lat' dir='ltr'>omnes</span> <span class='ocrx_word' id='word_1_196' title='bbox 329 4169 442 4232; x_wconf 90' lang='lat' dir='ltr'>terras</span> <span class='ocrx_word' id='word_1_197' title='bbox 461 4182 502 4232; x_wconf 94' lang='lat' dir='ltr'>ac</span> <span class='ocrx_word' id='word_1_198' title='bbox 520 4158 627 4230; x_wconf 91' lang='lat' dir='ltr'>maria</span> <span class='ocrx_word' id='word_1_199' title='bbox 650 4165 840 4253; x_wconf 80' lang='lat' dir='ltr'>pervagata</span> <span class='ocrx_word' id='word_1_200' title='bbox 857 4169 920 4238; x_wconf 90' lang='lat' dir='ltr'>est,</span> <span class='ocrx_word' id='word_1_201' title='bbox 940 4156 986 4229; x_wconf 92' lang='lat' dir='ltr'>ad</span> <span class='ocrx_word' id='word_1_202' title='bbox 1003 4177 1068 4228; x_wconf 88' lang='lat' dir='ltr'>vos</span> <span class='ocrx_word' id='word_1_203' title='bbox 1089 4178 1135 4227; x_wconf 84' lang='lat' dir='ltr'>ex</span> <span class='ocrx_word' id='word_1_204' title='bbox 1153 4157 1272 4231; x_wconf 91' lang='lat' dir='ltr'>ordine</span> 
     </span>
    </p>
   </div>
   <div class='ocr_carea' id='block_1_8' title="bbox 0 0 1544 4798">
    <p class='ocr_par' dir='ltr' id='par_1_9' title="bbox 0 0 1544 4798">
     <span class='ocr_line' id='line_1_29' title="bbox 0 0 1544 4798; baseline 0 1"><span class='ocrx_word' id='word_1_205' title='bbox 0 0 1544 4798; x_wconf 95' lang='lat' dir='ltr'> </span> 
     </span>
    </p>
   </div>
  </div>
 </body>
</html>
