3062 4798
385 355 476 404 uruun
500 355 790 411 oornvusoscruus
804 361 1007 411 -srrsuoul
1030 365 1081 412 vn.
1214 352 1272 414 aas

606 657 783 721 aristoni
804 659 860 723 vlt.

217 849 409 902 rnnnclsctts
430 851 599 902 Parnason
620 853 796 902 FlthGlSCO
818 855 924 906 rotoni
945 857 988 906 SS.
1013 857 1253 912 trosrotontttt.

346 1053 451 1110 Laudat
466 1055 525 1110 eius
539 1053 678 1110 scribendi
692 1054 855 1126 elegantiam
871 1062 898 1111 et
914 1057 1125 1130 simplicitatem.

296 1334 567 1414 Tumultuariam
588 1344 624 1406 et
644 1334 841 1407 festinatam
872 1337 1053 1429 epistolam
1073 1343 1167 1408 tuam
1190 1334 1273 1426 legi,

196 1479 277 1553 quaa
296 1480 365 1530 non
385 1458 500 1534 minus
521 1457 600 1530 ideo
621 1468 720 1550 grata
753 1459 862 1532 oeulis
892 1458 979 1530 meis
1010 1466 1114 1550 atque
1144 1457 1274 1542 auimo,

198 1578 261 1652 sed
280 1600 388 1673 prope
408 1579 539 1672 gratior
571 1579 646 1652 fuit.
677 1580 769 1652 Talis
803 1579 860 1652 illa
891 1579 988 1664 mihi,
1010 1579 1125 1672 qualis
1145 1581 1276 1652 amanti

195 1700 321 1794 cupido
345 1700 550 1795 incomptior
578 1702 699 1774 amica.
726 1702 906 1799 Suspiravi
931 1713 966 1774 et
993 1700 1086 1774 dixi:
1113 1723 1275 1796 quaenam

195 1824 272 1896 haee
290 1833 387 1896 esset
407 1825 437 1896 si
458 1826 636 1918 speculum
657 1828 866 1918 aspexisset.
889 1825 967 1917 Ipsa
989 1846 1028 1897 sa
1048 1826 1134 1897 torte
1153 1823 1276 1898 dume
1312 1835 1336 1882 Ἀ

194 1944 340 2038 prandio
364 1947 559 2036 consurgis,
588 1946 724 2030 Cerere,
753 1956 791 2018 ut
815 1946 960 2019 iocando
985 1948 1050 2030 ais,
1077 1947 1275 2038 Liberoque

195 2065 425 2150 certantibus
447 2068 571 2161 raptim
597 2066 799 2158 quotidiana
820 2076 919 2140 veste
941 2068 1212 2149 suffarcinatam,
1239 2077 1275 2139 et

196 2187 246 2260 sio
266 2186 313 2259 ad
332 2209 389 2258 ma
406 2187 528 2259 venire
548 2189 679 2259 iussam
702 2188 905 2260 affirmabat.
927 2191 1054 2262 Contra
1076 2200 1190 2262 autem
1213 2190 1274 2262 sti-

194 2313 250 2383 lus
272 2309 426 2383 sobrium
444 2319 479 2382 et
494 2309 711 2403 impransum
732 2310 959 2404 profitebatur
976 2322 1169 2396 auctorem3
1187 2311 1273 2384 nihil

195 2433 399 2519 modestius,
421 2433 507 2505 nihil
528 2433 737 2518 abscissus,
760 2445 897 2505 matura
920 2455 983 2529 pro
1009 2443 1166 2529 tempore
1191 2456 1273 2507 sen-

195 2555 376 2628 tentiarum
394 2555 564 2648 gravitas
587 2553 697 2627 dulois
719 2563 754 2626 et
773 2556 925 2646 ingenua
950 2557 1061 2640 irone,
1083 2556 1270 2629 verborum

194 2679 325 2749 multus
347 2678 461 2750 subito
482 2676 721 2772 deprehensus
742 2676 857 2762 decor,
880 2678 992 2770 pudor
1009 2689 1045 2749 et
1060 2685 1189 2748 tremor
1210 2699 1273 2750 vo-

194 2798 257 2884 ois,
276 2809 312 2870 et
329 2801 474 2894 capillus
495 2800 666 2893 impexus,
686 2812 721 2871 et
736 2799 926 2872 discinctus
947 2799 1057 2884 sinus,
1076 2811 1111 2872 et
1129 2821 1190 2893 pes
1207 2822 1272 2871 nu-

193 2921 273 3006 dus,
295 2933 331 2996 et
346 2932 427 3014 toga
447 2923 595 2995 fortuita.
614 2923 714 3016 Saepe
736 2922 851 3014 magni
872 2924 985 2994 oultus
1003 2924 1078 2994 loco
1093 2921 1157 2993 fuit
1173 2921 1273 2992 hahi—
1336 2963 1338 2970 .

196 3050 252 3114 tus
264 3044 562 3133 neglectiorlalis
576 3046 763 3138 Cleopatra,
774 3067 896 3138 sparsa
906 3044 1061 3129 caesarie,
1072 3045 1270 3116 Caesareum

194 3161 300 3234 animi
319 3162 426 3233 robur
446 3163 591 3234 inilenit.
614 3167 704 3237 Talis
720 3166 879 3238 Phaedrae
900 3169 1018 3240 oculos
1041 3165 1136 3258 rigor
1161 3161 1272 3236 movit

193 3284 368 3382 Hippolyti
388 3293 424 3354 et
442 3303 540 3354 coma
561 3284 636 3354 sine
661 3295 734 3356 arte
759 3287 872 3376 posita
896 3299 931 3357 et
955 3261 1043 3358 levis
1069 3307 1129 3358 ore
1155 3285 1271 3379 pulvis

194 3409 347 3502 egregio.
366 3409 483 3478 Talem
502 3405 611 3478 luisse
628 3405 880 3499 Sophonisham
899 3429 990 3489 reor,
1008 3404 1092 3476 dum
1109 3405 1273 3476 Masinis·

194 3551 270 3602 sam
289 3529 392 3623 caepit
411 3529 504 3601 victa
521 3529 702 3612 victorem,
724 3529 817 3620 quod
837 3529 872 3600 in
893 3527 1008 3600 Africa
1028 3527 1108 3599 olim
1130 3535 1270 3618 gestum

193 3675 285 3724 nuno
300 3652 337 3722 in
354 3650 481 3722 Africae
501 3660 631 3724 nostrae
653 3649 748 3721 libris
770 3650 954 3744 pathetioae
975 3649 1128 3722 materiae
1148 3646 1272 3720 funda·

192 3785 348 3846 mentum
372 3783 438 3846 est.
465 3774 556 3846 Talis
582 3782 664 3866 puto
689 3773 848 3845 Lucretia
866 3785 942 3844 erat
960 3771 1043 3846 dum
1069 3773 1168 3844 Sexti
1188 3772 1272 3842 Tar-

192 3893 302 3990 quinii
322 3905 442 3989 pectus
458 3895 626 3979 accendit,
646 3894 738 3968 unda
755 3917 942 3987 regnorum
961 3894 1039 3968 finis
1061 3906 1096 3968 et
1118 3912 1271 3966 romanae

193 4017 360 4092 libertatis
376 4017 562 4090 exordium
579 4017 690 4091 ssuxit.
709 4019 798 4102 Quae
815 4017 976 4112 quamvis
994 4017 1040 4090 ita
1058 4039 1097 4091 se
1105 4016 1269 4100 habeant,

193 4150 380 4215 esttamen
401 4140 577 4214 familiaris
604 4163 678 4214 mos
705 4140 957 4214 iste-formosis
983 4141 1028 4214 de
1053 4140 1267 4228 deformitate
