3002 4794
451 317 545 366 LIBER
568 315 714 366 oscines.
725 333 765 352 -·
775 317 929 368 suissuia
952 319 982 366 ii.
1217 306 1256 366 65

170 463 236 522 tem
258 462 392 523 vocant
418 469 523 542 quam
549 452 658 524 vitare
685 473 751 522 non
779 461 940 544 possunt:
962 475 1042 526 cum
1063 462 1194 537 muron,
1219 462 1256 522 ut

167 572 441 667 sapientioribus
476 575 600 666 placet,
632 574 680 643 nil
713 583 823 646 morte
862 575 1002 659 meiius,
1038 575 1084 646 nii
1117 572 1254 666 aequius

165 717 270 788 quam
295 696 353 766 bis
371 693 600 788 compedibus
622 697 801 768 absolutos
823 698 857 766 in
878 705 1044 768 aeternam
1062 695 1254 768 libertatem

166 819 290 890 asseri.
318 819 452 888 Verum
475 817 557 909 quia
582 839 640 888 res
661 818 826 909 ambigua
845 831 900 890 est
920 818 1037 901 vaide,
1059 829 1094 890 et
1115 817 1193 900 soii,
1216 824 1255 886 ut

167 938 328 1021 arbitror,
352 941 426 1011 Deo
443 948 538 1023 nota,
560 940 627 1010 etsi
648 940 682 1010 in
699 939 943 1012 communibus
960 938 1253 1032 disputationibus

167 1061 210 1131 de
231 1059 362 1131 animas
383 1070 476 1130 statu
493 1082 563 1132 uon
583 1083 769 1134 vereamur
788 1062 913 1134 afferre
932 1061 1028 1154 quod
1053 1062 1140 1134 ratio
1161 1064 1255 1134 colo·

167 1193 240 1253 rata
264 1182 502 1274 suggesserit,
526 1182 585 1252 ubi
606 1183 779 1256 certitudo
800 1193 916 1256 tamen
936 1186 1119 1277 quaeritur,
1142 1183 1252 1256 tutius

168 1327 246 1376 reor
268 1303 502 1397 suspendisse
533 1304 751 1376 seutentiam.
781 1306 893 1378 Huius
923 1327 1009 1398 ergo
1041 1305 1252 1382 difficultatis

169 1427 350 1518 scopulum
384 1432 636 1518 protervaotus
670 1426 830 1520 procedo.
864 1427 935 1498 Nec
962 1430 1063 1520 longo
1092 1447 1253 1500 sermone

167 1569 255 1641 opus
290 1557 356 1618 est.
391 1547 608 1620 Persuadere
629 1547 713 1618 mihi
741 1570 890 1642 neque0,
919 1560 952 1622 te
981 1548 1178 1621 ullomodo
1204 1555 1253 1620 tot

166 1670 291 1740 litteris
311 1669 399 1740 meis
421 1669 468 1739 nil
488 1690 739 1765 responsurum
761 1693 850 1758 esse,
874 1672 904 1744 si
923 1671 1079 1744 viveres.
1096 1671 1253 1744 Occurrit

168 1801 283 1863 autem
310 1791 410 1875 iliud,
432 1812 502 1862 non
523 1792 681 1886 potuisse
703 1791 786 1864 mibi
808 1794 894 1865 tanti
914 1794 1015 1866 amici
1039 1781 1250 1877 moriensi

167 1937 252 1985 vera
285 1923 394 1998 esset,
434 1913 564 1986 diutius
598 1916 778 2001 occultari,
814 1916 1024 2009 quibusdam
1058 1916 1173 1987 adbuc
1204 1937 1251 1986 ex

167 2038 236 2122 his,
265 2037 394 2130 quibus
420 2037 491 2109 cari
519 2059 656 2119 sumus,
685 2038 942 2132 superstitibus.
966 2037 1033 2108 Sed
1053 2059 1129 2108 eam
1151 2059 1250 2129 spem

166 2181 281 2231 novus
314 2161 440 2230 iterum
474 2147 585 2230 terror
617 2159 780 2231 eliminat.
808 2159 873 2230 Est
898 2159 990 2258 enirn
1019 2159 1250 2249 quorumdam

166 2281 279 2352 mollis
299 2289 335 2352 et
355 2281 552 2354 effeminata
571 2279 762 2363 clementia,
786 2280 844 2372 qui
866 2280 986 2352 amicis
1007 2281 1153 2350 molesta
1178 2299 1249 2348 non

167 2405 344 2489 nunciant,
369 2404 580 2502 trahuntque
597 2424 638 2474 ac
654 2401 888 2485 dissimulant,
911 2423 955 2472 ne
978 2400 1166 2473 videantur
1188 2423 1250 2470 au-

165 2536 279 2598 ctores
290 2547 373 2599 esse
391 2525 555 2609 miserias,
574 2525 675 2617 quasi
692 2524 857 2598 miserius
875 2525 1066 2617 quidquam
1082 2525 1127 2596 sit
1143 2547 1247 2618 quam

165 2671 244 2720 esse
264 2649 449 2730 miserum,
477 2669 541 2718 nec
563 2647 701 2717 sentire.
724 2647 761 2715 Iu
781 2646 848 2718 hoc
866 2646 967 2718 trivio
988 2646 1139 2738 posituS,
1161 2666 1248 2737 quo-

164 2793 243 2841 nam
266 2771 385 2842 ssectar
406 2769 558 2840 incertus
581 2789 671 2840 sum.
691 2769 785 2840 Sicut
804 2768 895 2839 enirn
911 2768 996 2861 quid
1009 2767 1146 2861 cupiam
1165 2767 1246 2846 scio,

164 2892 214 2962 sic
234 2891 355 2962 nescio
372 2891 457 2984 quid
475 2887 627 2984 sperem;
650 2913 719 2982 quo
741 2889 780 2960 fit
800 2898 839 2962 ut
859 2891 946 2962 mira
970 2888 1055 2958 mihi
1075 2887 1109 2958 in
1131 2887 1246 2960 animo

165 3015 405 3087 rebellantium
422 3015 668 3106 cogitationum
688 3015 790 3089 turba
812 3024 1010 3108 consurgat.
1032 3012 1088 3086 Ad
1107 3035 1245 3086 omnem

162 3137 255 3206 enim
277 3137 362 3208 vitae
383 3157 471 3208 meae
487 3129 630 3208 modum
652 3158 721 3207 nou
741 3140 820 3210 leve
837 3147 1050 3208 momentum
1071 3159 1164 3208 mors
1186 3145 1246 3208 aut

162 3260 315 3330 vitatus
340 3269 404 3330 cst.
433 3260 476 3328 Et
504 3260 588 3329 vitae
611 3258 751 3350 quidem
773 3269 844 3330 tuae
865 3281 964 3354 spem
990 3258 1073 3328 mihi
1101 3267 1245 3351 praestat

161 3391 259 3466 astas,
274 3381 455 3466 modestia,
475 3382 661 3463 valetud03
682 3392 811 3454 terrent
830 3382 941 3456 morbi
962 3381 1123 3474 contagia
1142 3401 1244 3454 rena·

163 3503 301 3588 scentis,
317 3515 351 3576 et
365 3505 491 3575 coelum
504 3505 596 3598 apud
611 3525 683 3590 vos,
701 3503 951 3588 ut'manorant,
966 3527 1090 3576 rursus
1104 3505 1241 3576 infame.

160 3626 262 3710 Hinc,
283 3626 329 3696 mi
348 3629 463 3711 frater,
483 3647 605 3721 quaeso
623 3637 662 3698 ut
675 3627 929 3720 quamprimum
947 3627 1070 3698 litteris
1091 3626 1160 3697 tuis
1177 3647 1242 3696 ex·

160 3750 282 3840 pedias
315 3750 343 3821 si
379 3750 487 3821 vivis:
522 3749 686 3843 alioquin,
723 3751 752 3822 si
782 3749 868 3843 quid
893 3750 1052 3820 amicitiae
1077 3749 1133 3819 vei
1160 3746 1241 3820 fidei

161 3893 308 3963 usquam
327 3883 397 3957 est,
421 3871 580 3966 quisquis
600 3873 789 3944 amicorum
811 3873 877 3944 hoc
898 3872 993 3963 legis,
1015 3871 1071 3942 his
1091 3891 1148 3942 me
1170 3877 1239 3942 tam

160 3994 295 4065 moestis
317 3995 539 4086 ambagibus,
561 4009 625 4090 per
645 4013 765 4065 omnes
785 3994 957 4064 coeiicolas
974 4016 1036 4065 oro
1057 4003 1102 4076 te,
1121 3993 1237 4078 iibere,

161 4125 195 4184 et
213 4115 386 4210 quidquid
406 4125 462 4190 est
482 4125 601 4210 aperte
623 4115 804 4188 rescribito
820 4124 961 4188 assueto
981 4116 1049 4188 iam
1071 4115 1236 4199 tristibus,

284 4248 313 4286 u.
1097 4237 1112 4286 5
