2988 4800
369 362 464 410 arnan
484 359 886 410 condomus-orimur
908 335 969 411 viri.
1157 355 1208 414 litt

105 498 245 568 exitus
258 518 340 568 cum
354 495 548 567 infelicibus
565 497 698 581 confer,
716 505 752 566 et
768 495 896 566 damna
909 518 987 566 cum
1010 500 1209 585 commodis,
1266 523 1270 534 ·

106 629 148 691 et
168 619 348 711 gaudium
363 641 443 692 cum
461 640 622 691 moerore.
642 621 687 690 Et
703 617 882 712 quoniam,
902 627 939 689 ut
955 619 1038 704 dixi,
1053 621 1089 690 in
1105 643 1213 693 causa

107 743 218 836 pacis
233 743 442 839 aptissimus
456 742 555 814 tastis
573 751 628 814 est
645 742 823 828 Hannibal,
845 741 1030 835 diligenter
1042 765 1136 829 cave,
1157 767 1210 828 ne,

112 877 155 938 ut
173 866 229 938 ait
247 867 314 949 ille,
329 876 379 937 tot
399 888 569 938 annorum
590 864 787 936 felicitatem
808 865 843 934 in
864 865 967 936 unius
985 864 1083 936 borae
1104 867 1214 938 dade-

113 989 166 1061 ris
198 989 403 1062 discrimen.
424 989 571 1074 Quantis
589 987 691 1074 enim,
710 997 822 1082 putas,
846 986 1024 1058 laboribus
1047 988 1124 1059 haec
1143 993 1214 1061 col-

114 1116 214 1186 lecta
234 1113 388 1206 potentia
409 1116 485 1184 est?
505 1111 644 1205 quantis
662 1110 829 1204 gradibus
847 1109 890 1182 ad
910 1111 974 1182 hoc
994 1113 1142 1183 fortunae
1163 1114 1214 1183 fa-

118 1238 274 1330 stigium
314 1247 369 1308 est
401 1237 612 1307 ascensum‘.l
637 1236 860 1320 Pervetusta,
890 1233 919 1304 si
939 1233 1068 1320 nescis,
1096 1235 1211 1326 gentis

119 1373 194 1433 tuae
219 1363 315 1434 lama
342 1370 410 1442 est,
437 1355 530 1450 quod
562 1357 719 1450 plerique
751 1381 821 1430 non
853 1368 990 1451 putant,
1024 1360 1212 1454 multisque

120 1496 205 1554 ante
226 1480 353 1552 urbem
374 1480 548 1552 conditam
583 1481 721 1553 saeculis
751 1502 820 1552 non
850 1483 1060 1553 Venetorum
1084 1483 1207 1567 modo,

121 1606 187 1677 scd
214 1604 314 1696 quod
338 1603 450 1696 magis
471 1603 657 1690 mirabere,
682 1605 806 1676 Veneti
827 1605 930 1676 etiam
951 1605 1049 1676 ducis
1076 1607 1207 1677 clarum

122 1747 255 1798 nomen
276 1725 427 1797 invenio.
450 1726 550 1811 Quod
570 1726 770 1818 diligentius
796 1727 1048 1800 advertendum
1074 1737 1138 1814 est,
1165 1753 1209 1801 ne

124 1849 294 1921 virtutem
316 1849 465 1934 casibus,
484 1859 520 1922 et
537 1858 585 1922 tot
599 1873 768 1923 annorum
785 1851 928 1925 consilio
945 1862 1083 1948 partum
1100 1853 1224 1939 decus

124 1975 277 2045 fortunae
298 1982 479 2045 vastatore
501 1973 630 2046 subdas
652 1975 805 2068 imperio.
833 1977 876 2046 Et
896 1977 1071 2070 quoniam,
1095 1987 1133 2048 ut
1154 1999 1205 2048 sa·
1236 2025 1237 2030 ,

128 2098 308 2194 pientibus
333 2097 449 2169 visum
474 2108 541 2182 est,
564 2101 657 2170 nullo
679 2099 799 2171 maiori
832 2121 936 2192 quam
970 2102 1071 2170 lamae
1096 2101 1207 2193 pretio

125 2224 240 2294 virtus
263 2230 410 2305 constat,
434 2222 561 2317 optime
589 2231 625 2293 et
647 2243 667 2293 e
692 2221 878 2314 Republica
899 2230 932 2292 te
954 2223 1122 2293 laetorum
1144 2242 1208 2290 no-

125 2346 233 2430 veriS,
260 2345 305 2428 si,
328 2344 388 2415 ubi
407 2367 465 2416 res
486 2345 616 2437 exigat,
644 2346 776 2417 iactura
801 2345 903 2416 etiam
926 2343 1074 2437 propriae
1093 2343 1205 2415 laudis

126 2467 255 2539 bonum
277 2467 454 2560 publicum
486 2469 691 2548 redemeris.
725 2469 952 2561 frementique
985 2466 1098 2538 tnrhae
1134 2474 1207 2537 tuta

127 2590 239 2682 magis
261 2612 367 2682 quam
385 2590 544 2685 speciosa
560 2590 704 2662 consilia
720 2600 755 2662 et
772 2592 951 2684 profutura
968 2591 1083 2686 potius
1101 2611 1205 2684 quam

129 2715 296 2807 placitura
316 2713 520 2808 praebueris.
543 2715 644 2798 Quod
663 2714 755 2786 enim
776 2715 889 2787 eidem
908 2715 987 2785 duci
1007 2712 1146 2795 accidit,
1172 2722 1206 2781 et

129 2837 334 2909 cumulatior
351 2837 460 2930 gloria
480 2848 611 2910 etcum
633 2837 859 2911 admiratione
877 2837 1030 2910 omnium
1052 2856 1150 2906 amor
1171 2846 1203 2905 te

129 2960 288 3053 publicus
311 2969 486 3054 sequetur,
508 2962 595 3046 Quae
622 2963 652 3032 si
677 2962 780 3032 etiam
808 2983 888 3055 spes
914 2959 1070 3042 abesset,
1094 2957 1202 3029 sentis

128 3093 243 3155 tamen
263 3085 349 3176 quid
367 3084 503 3171 virtuti,
527 3085 610 3179 quid
631 3084 751 3176 gloriae
773 3083 978 3167 debeamus
1002 3092 1203 3175 tantumque

127 3208 212 3279 inter
242 3230 318 3293 eae,
350 3218 517 3300 quantum
546 3210 635 3279 inter
668 3208 814 3280 solidum
844 3225 971 3298 corpus
1000 3216 1036 3276 et
1064 3204 1202 3277 inanem

126 3331 293 3417 umbram,
316 3331 504 3417 interesse,
527 3341 562 3403 et
581 3354 644 3428 per
665 3340 697 3401 te
723 3331 836 3424 ipsum
858 3351 1009 3401 noveras
1030 3335 1066 3400 et
1085 3349 1106 3400 a
1126 3327 1203 3420 phi-

126 3454 278 3550 losophis
304 3456 477 3550 accepisti.
505 3457 642 3540 Quanto
663 3463 777 3526 autem
800 3477 877 3525 cum
900 3453 1031 3536 dolore,
1053 3451 1202 3544 nequid

125 3579 262 3649 omnino
276 3575 338 3650 tib'i
352 3579 566 3664 subtraham,
581 3577 760 3651 audivisse
773 3599 829 3648 me
843 3587 945 3672 putas
962 3597 1084 3648 recens
1099 3573 1200 3644 vobis

125 3722 199 3772 cum
226 3700 429 3795 Aragonum
455 3723 537 3794 rege
562 3703 677 3774 foedus
701 3702 846 3774 initum‘l
871 3702 1009 3792 Ergone
1035 3696 1079 3768 ab
1105 3694 1199 3766 ltalis

125 3823 166 3893 ad
181 3826 283 3896 Italos
301 3825 511 3897 evertendos
532 3825 761 3897 Barbarorum
784 3846 905 3914 regum
927 3805 1116 3917 poscuntur
1136 3840 1200 3888 au-

125 3945 227 4018 xilia?
248 3947 347 4019 Unde
379 3947 497 4019 infelix
530 3970 629 4041 opem
652 3956 765 4043 speret
791 3945 900 4029 ltalia,
937 3944 967 4014 si
999 3965 1123 4038 parum
1144 3952 1199 4014 est

124 4071 212 4162 quod
232 4069 391 4141 certatim
426 4093 447 4140 a
480 4069 558 4141 filiis
584 4082 693 4141 mater
721 4069 862 4141 colenda
883 4065 1103 4159 discerpitur,
1131 4066 1196 4137 nisi

122 4196 162 4268 ad
182 4195 360 4290 publicum
382 4192 603 4287 parricidium
626 4189 827 4283 alienigenae
844 4190 1080 4262 concitentur?
1099 4190 1197 4260 Dicet
