3024 4802
618 363 658 408 DE
681 362 780 410 REBUS
801 365 1021 416 rnnlntuttlsstts

695 637 874 703 eelsrotu
895 640 938 702 xi.
1018 679 1019 684 κ

355 831 549 880 FRANGISGUS
571 829 740 878 PETRARCA
761 830 937 880 FRdNGISGO
959 825 1065 880 PRIOR]
1086 832 1278 884 senescenti

622 933 855 983 APOSTOLORUM
878 935 904 984 S.
925 935 953 984 P.
976 936 1006 984 1).

361 1109 476 1162 Librum
491 1113 518 1162 et
533 1106 679 1178 epistolam
692 1105 776 1161 mittit
790 1111 821 1160 ut
836 1104 933 1160 Iacobo
949 1105 1095 1162 florentino
1110 1105 1267 1162 tradantur,

371 1344 571 1417 Communis
585 1344 717 1417 amicus
730 1367 774 1416 an
787 1368 879 1417 nunc
892 1344 997 1417 ctiam
1009 1344 1174 1418 Bononiae
1188 1347 1242 1431 sit,
1257 1346 1357 1438 igno-

273 1492 321 1540 ro.
343 1469 482 1540 Mallem
503 1467 538 1538 in
558 1465 746 1539 Academia
764 1469 821 1540 vel
841 1469 1029 1539 Parnasso:
1045 1469 1187 1540 mallem
1212 1466 1355 1540 Platone

270 1593 327 1664 vel
347 1593 502 1682 Homero
517 1591 618 1674 duce,
639 1613 743 1682 quam
765 1590 910 1684 Ulpiano
931 1590 980 1661 uti
1002 1591 1106 1662 vellet
1125 1600 1187 1662 aut
1211 1592 1354 1670 Seaevo-

270 1715 316 1797 la,
340 1713 597 1808 Pyeridumque
618 1711 738 1796 modis,
762 1734 868 1804 quam
889 1714 1006 1802 legum
1021 1713 1128 1785 nodis
1147 1713 1352 1789 intenderet.

269 1834 337 1906 Sed
358 1836 466 1926 vulgo
484 1855 575 1905 unus
595 1833 734 1906 obstare
755 1855 902 1927 nequeo.
930 1835 1021 1914 Satis
1049 1835 1094 1906 sit
1118 1835 1202 1906 mihi
1228 1837 1354 1928 vulga·

270 1958 358 2029 rium
370 1957 579 2050 ¹opinionum
598 1955 759 2042 evasisse
779 1966 979 2041 torrentem,
1003 1958 1032 2027 si
1045 1969 1165 2030 ‘tamen
1183 1957 1298 2044 erasi,
1317 1967 1352 2028 et

269 2074 338 2152 non
351 2081 426 2176 ipse
444 2103 522 2151 cum
542 2079 691 2152 millibus
712 2102 852 2172 mergor
869 2101 910 2154 ae
928 2079 1053 2173 rapior.
1076 2081 1220 2154 Gratum
1240 2083 1351 2152 fateor

269 2226 406 2276 mecum
426 2223 524 2274 meos
543 2201 714 2273 educere:
737 2201 767 2274 si
786 2225 855 2274 non
876 2223 1021 2294 possum
1040 2202 1147 2274 salvis
1169 2203 1350 2294 gratulari,

269 2327 389 2416 lugere
407 2328 595 2416 naufragos
613 2345 683 2396 non
700 2333 808 2398 vetor.
824 2325 998 2398 Coeterum
1017 2325 1094 2397 sive
1111 2325 1167 2395 ille
1184 2323 1351 2397 Bononiae

266 2447 483 2520 nuncetiam
513 2446 611 2538 degit
642 2446 712 2531 illa,
748 2467 828 2538 quae
853 2445 1015 2534 omnibus
1041 2449 1113 2532 tete
1139 2447 1263 2518 studiis
1288 2468 1351 2540 par

266 2576 330 2654 est,
352 2567 507 2642 discendi
530 2567 705 2660 cupidine,
729 2549 806 2640 sire
839 2570 1047 2656 Florentiam
1081 2569 1182 2642 rediit
1213 2567 1350 2660 magnis

267 2689 451 2782 Cisalpinae
472 2689 591 2761 Galliae
611 2689 763 2764 motibus
796 2713 816 2762 e
850 2693 965 2764 studio
986 2693 1109 2785 pulsus
1130 2691 1166 2763 in
1186 2691 1348 2784 patriam,

264 2814 394 2908 quibus
424 2835 487 2907 per
507 2814 572 2885 hos
601 2813 693 2899 dies,
722 2824 760 2886 ut
785 2815 895 2900 vides
923 2838 992 2887 uon
1019 2815 1095 2887 sine
1121 2815 1226 2887 totius
1242 2836 1350 2910 prope

182 3010 184 3014 ,
263 2934 373 3004 ltaliae
393 2933 657 3026 Germaniaeque
674 2945 783 3016 motu,
806 2936 975 3028 Ligurum
996 2957 1037 3008 ac
1054 2937 1265 3008 Venetorum
1287 2957 1350 3028 po·

263 3053 458 3126 tentissime
477 3075 575 3124 arma
595 3040 797 3142 miscentur,
812 3057 1011 3152 quibusque
1025 3058 1109 3131 urbs
1127 3059 1183 3131 illa
1204 3057 1349 3129 misera-

262 3175 341 3246 bilis
362 3176 443 3246 otim
463 3175 593 3248 laetitiae
619 3178 826 3265 clarissima,
861 3202 953 3252 nnnc
985 3180 1135 3253 tristitiae
1166 3184 1265 3252 fusca
1285 3179 1349 3250 do-

263 3320 356 3383 mus,
376 3319 502 3391 graves
524 3322 635 3394 nuper
656 3300 813 3374 audaciae
834 3325 956 3397 poenas
975 3305 1065 3390 tulit,
1085 3303 1190 3376 rebus
1208 3302 1295 3398 ipsis
1313 3312 1349 3375 et

263 3421 435 3515 sanguine
457 3423 597 3519 proprio
621 3436 780 3517 experta,
802 3449 908 3519 quam
934 3450 1058 3500 verum
1078 3436 1133 3500 est
1153 3426 1239 3498 illud
1263 3427 1349 3498 Cor·

260 3546 420 3619 dubense
440 3550 633 3639 vulgatum,
661 3548 767 3642 quod:

519 3745 643 3808 libertas
661 3747 764 3826 popuii
783 3763 875 3827 quern
892 3762 984 3825 regna
1002 3755 1140 3833 coercent

418 3843 568 3906 Libertate
584 3843 680 3924 perit:

259 4036 484 4131 ubicumque,
507 4039 662 4131 inquam,
691 4039 779 4109 inter
804 4037 869 4119 hos
896 4047 1012 4110 motus
1033 4038 1089 4110 ille
1108 4021 1255 4124 habitat,
1283 4061 1347 4112 cu-

258 4157 354 4228 rabis
388 4171 426 4228 ut
459 4160 704 4232 Ciceronianus
731 4161 785 4232 hio
814 4161 958 4246 libellus
982 4159 1058 4234 sive
1083 4182 1188 4254 quem
1214 4162 1260 4235 ab
1285 4162 1345 4234 itto
