<?xml version="1.0" encoding="UTF-8"?>
<!DOCTYPE html PUBLIC "-//W3C//DTD XHTML 1.0 Transitional//EN"
    "http://www.w3.org/TR/xhtml1/DTD/xhtml1-transitional.dtd">
<html xmlns="http://www.w3.org/1999/xhtml" xml:lang="en" lang="en">
 <head>
  <title>
</title>
<meta http-equiv="Content-Type" content="text/html;charset=utf-8" />
  <meta name='ocr-system' content='tesseract 3.04.00' />
  <meta name='ocr-capabilities' content='ocr_page ocr_carea ocr_par ocr_line ocrx_word'/>
</head>
<body>
  <div class='ocr_page' id='page_1' title='image "./franciscipetrar01fracgoog_0524.png"; bbox 0 0 3024 4802; ppageno 0'>
   <div class='ocr_carea' id='block_1_1' title="bbox 500 585 923 652">
    <p class='ocr_par' dir='ltr' id='par_1_1' title="bbox 500 585 923 652">
     <span class='ocr_line' id='line_1_1' title="bbox 500 585 923 652; baseline 0 -3"><span class='ocrx_word' id='word_1_1' title='bbox 500 585 687 652; x_wconf 79' lang='lat' dir='ltr'><strong>FRANGlSCl</strong></span> <span class='ocrx_word' id='word_1_2' title='bbox 717 585 923 650; x_wconf 82' lang='lat' dir='ltr'><strong>PETRARCAE</strong></span> 
     </span>
    </p>
   </div>
   <div class='ocr_carea' id='block_1_2' title="bbox 322 795 1240 1068">
    <p class='ocr_par' dir='ltr' id='par_1_2' title="bbox 322 795 1240 1068">
     <span class='ocr_line' id='line_1_2' title="bbox 322 795 1240 894; baseline 0.001 -21"><span class='ocrx_word' id='word_1_3' title='bbox 322 798 393 874; x_wconf 86' lang='lat' dir='ltr'><strong>nn</strong></span> <span class='ocrx_word' id='word_1_4' title='bbox 441 795 626 876; x_wconf 84' lang='lat' dir='ltr'><strong>anans</strong></span> <span class='ocrx_word' id='word_1_5' title='bbox 675 795 1105 876; x_wconf 78' lang='lat' dir='ltr'><strong>nlurnmnmns</strong></span> <span class='ocrx_word' id='word_1_6' title='bbox 1238 888 1240 894; x_wconf 15' lang='lat'><em>7</em></span> 
     </span>
     <span class='ocr_line' id='line_1_3' title="bbox 418 995 1002 1068; baseline -0.003 -2"><span class='ocrx_word' id='word_1_7' title='bbox 418 995 571 1066; x_wconf 82' lang='lat' dir='ltr'><strong>mona</strong></span> <span class='ocrx_word' id='word_1_8' title='bbox 610 995 1002 1068; x_wconf 82' lang='lat' dir='ltr'><strong>nonnsnnenms.</strong></span> 
     </span>
    </p>
   </div>
   <div class='ocr_carea' id='block_1_3' title="bbox 518 1557 818 1623">
    <p class='ocr_par' dir='ltr' id='par_1_3' title="bbox 518 1557 818 1623">
     <span class='ocr_line' id='line_1_4' title="bbox 518 1557 818 1623; baseline -0.003 -1"><span class='ocrx_word' id='word_1_9' title='bbox 518 1565 520 1572; x_wconf 89' lang='lat'>&#39;</span> <span class='ocrx_word' id='word_1_10' title='bbox 600 1557 779 1623; x_wconf 80' lang='lat' dir='ltr'><strong>EPISTOLA</strong></span> <span class='ocrx_word' id='word_1_11' title='bbox 798 1560 818 1621; x_wconf 93' lang='lat' dir='ltr'><strong>l.</strong></span> 
     </span>
    </p>
   </div>
   <div class='ocr_carea' id='block_1_4' title="bbox 228 1749 1201 1906">
    <p class='ocr_par' dir='ltr' id='par_1_4' title="bbox 228 1749 1201 1906">
     <span class='ocr_line' id='line_1_5' title="bbox 228 1749 1201 1804; baseline -0.003 -2"><span class='ocrx_word' id='word_1_12' title='bbox 228 1749 421 1803; x_wconf 75' lang='lat' dir='ltr'><strong>rulnclscus</strong></span> <span class='ocrx_word' id='word_1_13' title='bbox 444 1749 612 1802; x_wconf 68' lang='lat' dir='ltr'><strong>anteluca</strong></span> <span class='ocrx_word' id='word_1_14' title='bbox 633 1749 758 1802; x_wconf 80' lang='lat' dir='ltr'>CAROLO</span> <span class='ocrx_word' id='word_1_15' title='bbox 779 1751 820 1802; x_wconf 86' lang='lat' dir='ltr'><strong>lv.</strong></span> <span class='ocrx_word' id='word_1_16' title='bbox 841 1751 1036 1802; x_wconf 76' lang='lat' dir='ltr'><strong>lllPllllA&#39;lOlll</strong></span> <span class='ocrx_word' id='word_1_17' title='bbox 1056 1750 1201 1804; x_wconf 71' lang='lat' dir='ltr'><strong>AUGUSTO</strong></span> 
     </span>
     <span class='ocr_line' id='line_1_6' title="bbox 648 1856 777 1906; baseline 0 -1"><span class='ocrx_word' id='word_1_18' title='bbox 648 1857 674 1905; x_wconf 82' lang='lat' dir='ltr'><strong>S.</strong></span> <span class='ocrx_word' id='word_1_19' title='bbox 697 1856 725 1906; x_wconf 90' lang='grc' dir='ltr'><strong>Ρ.</strong></span> <span class='ocrx_word' id='word_1_20' title='bbox 747 1858 777 1906; x_wconf 87' lang='lat' dir='ltr'><strong>D.</strong></span> 
     </span>
    </p>
   </div>
   <div class='ocr_carea' id='block_1_5' title="bbox 263 2008 1161 2195">
    <p class='ocr_par' dir='ltr' id='par_1_5' title="bbox 263 2008 1161 2195">
     <span class='ocr_line' id='line_1_7' title="bbox 263 2008 1161 2107; baseline 0.003 -19"><span class='ocrx_word' id='word_1_21' title='bbox 263 2033 424 2090; x_wconf 74' lang='lat' dir='ltr'><strong>Gratulatus</strong></span> <span class='ocrx_word' id='word_1_22' title='bbox 439 2034 499 2089; x_wconf 86' lang='lat' dir='ltr'><strong>eius</strong></span> <span class='ocrx_word' id='word_1_23' title='bbox 513 2035 543 2088; x_wconf 88' lang='lat' dir='ltr'><strong>in</strong></span> <span class='ocrx_word' id='word_1_24' title='bbox 557 2008 665 2089; x_wconf 85' lang='lat' dir='ltr'><strong>ltaliam</strong></span> <span class='ocrx_word' id='word_1_25' title='bbox 680 2011 845 2104; x_wconf 78' lang='lat' dir='ltr'><strong>adventum,</strong></span> <span class='ocrx_word' id='word_1_26' title='bbox 861 2051 1015 2107; x_wconf 82' lang='lat' dir='ltr'><strong>rursusque</strong></span> <span class='ocrx_word' id='word_1_27' title='bbox 1033 2036 1161 2091; x_wconf 81' lang='lat' dir='ltr'><strong>hortatur</strong></span> 
     </span>
     <span class='ocr_line' id='line_1_8' title="bbox 455 2123 974 2195; baseline 0 -17"><span class='ocrx_word' id='word_1_28' title='bbox 455 2128 486 2178; x_wconf 92' lang='lat' dir='ltr'><strong>ut</strong></span> <span class='ocrx_word' id='word_1_29' title='bbox 500 2123 660 2179; x_wconf 88' lang='lat' dir='ltr'><strong>Romanum</strong></span> <span class='ocrx_word' id='word_1_30' title='bbox 674 2123 823 2195; x_wconf 90' lang='lat' dir='ltr'><strong>imperium</strong></span> <span class='ocrx_word' id='word_1_31' title='bbox 836 2124 974 2180; x_wconf 85' lang='lat' dir='ltr'><strong>restituat.</strong></span> 
     </span>
    </p>
   </div>
   <div class='ocr_carea' id='block_1_6' title="bbox 273 2315 1255 2432">
    <p class='ocr_par' dir='ltr' id='par_1_6' title="bbox 273 2315 1255 2432">
     <span class='ocr_line' id='line_1_9' title="bbox 273 2315 1255 2432; baseline 0.004 -26"><span class='ocrx_word' id='word_1_32' title='bbox 273 2333 495 2427; x_wconf 80' lang='lat' dir='ltr'><strong>lltgandium</strong></span> <span class='ocrx_word' id='word_1_33' title='bbox 515 2335 639 2427; x_wconf 78' lang='lat' dir='ltr'><strong>ingens</strong></span> <span class='ocrx_word' id='word_1_34' title='bbox 655 2333 765 2408; x_wconf 85' lang='lat' dir='ltr'><strong>verba</strong></span> <span class='ocrx_word' id='word_1_35' title='bbox 783 2315 975 2432; x_wconf 85' lang='lat' dir='ltr'><strong>praeoidere</strong></span> <span class='ocrx_word' id='word_1_36' title='bbox 994 2335 1143 2409; x_wconf 88' lang='lat' dir='ltr'><strong>solitum.</strong></span> <span class='ocrx_word' id='word_1_37' title='bbox 1164 2337 1255 2422; x_wconf 86' lang='lat' dir='ltr'><strong>Quid</strong></span> 
     </span>
    </p>
   </div>
   <div class='ocr_carea' id='block_1_7' title="bbox 172 2456 1255 4143">
    <p class='ocr_par' dir='ltr' id='par_1_7' title="bbox 172 2456 1255 4143">
     <span class='ocr_line' id='line_1_10' title="bbox 173 2456 1254 2554; baseline 0 -24"><span class='ocrx_word' id='word_1_38' title='bbox 173 2459 207 2530; x_wconf 93' lang='lat' dir='ltr'><strong>ni</strong></span> <span class='ocrx_word' id='word_1_39' title='bbox 243 2468 359 2530; x_wconf 90' lang='lat' dir='ltr'><strong>autem</strong></span> <span class='ocrx_word' id='word_1_40' title='bbox 389 2458 455 2530; x_wconf 88' lang='lat' dir='ltr'><strong>erit.</strong></span> <span class='ocrx_word' id='word_1_41' title='bbox 483 2456 544 2529; x_wconf 90' lang='lat' dir='ltr'><strong>ubi</strong></span> <span class='ocrx_word' id='word_1_42' title='bbox 576 2457 735 2554; x_wconf 90' lang='lat' dir='ltr'><strong>spiritum</strong></span> <span class='ocrx_word' id='word_1_43' title='bbox 766 2457 972 2551; x_wconf 80' lang='lat' dir='ltr'><strong>abrumpat?</strong></span> <span class='ocrx_word' id='word_1_44' title='bbox 1003 2459 1098 2532; x_wconf 89' lang='lat' dir='ltr'>Idem</span> <span class='ocrx_word' id='word_1_45' title='bbox 1127 2481 1194 2552; x_wconf 81' lang='lat' dir='ltr'><strong>ego</strong></span> <span class='ocrx_word' id='word_1_46' title='bbox 1219 2461 1254 2530; x_wconf 93' lang='lat' dir='ltr'><strong>in</strong></span> 
     </span>
     <span class='ocr_line' id='line_1_11' title="bbox 172 2580 1255 2675; baseline 0.004 -25"><span class='ocrx_word' id='word_1_47' title='bbox 172 2589 234 2654; x_wconf 89' lang='lat' dir='ltr'><strong>tua</strong></span> <span class='ocrx_word' id='word_1_48' title='bbox 258 2581 385 2654; x_wconf 88' lang='lat' dir='ltr'><strong>totiens</strong></span> <span class='ocrx_word' id='word_1_49' title='bbox 410 2580 653 2653; x_wconf 80' lang='lat' dir='ltr'><strong>exhortatione</strong></span> <span class='ocrx_word' id='word_1_50' title='bbox 686 2581 924 2674; x_wconf 66' lang='lat' dir='ltr'><strong>multiloquus</strong></span> <span class='ocrx_word' id='word_1_51' title='bbox 946 2603 991 2652; x_wconf 93' lang='lat' dir='ltr'><strong>en</strong></span> <span class='ocrx_word' id='word_1_52' title='bbox 1017 2590 1055 2654; x_wconf 93' lang='lat' dir='ltr'><strong>ut</strong></span> <span class='ocrx_word' id='word_1_53' title='bbox 1079 2582 1114 2654; x_wconf 92' lang='lat' dir='ltr'><strong>in</strong></span> <span class='ocrx_word' id='word_1_54' title='bbox 1135 2592 1255 2675; x_wconf 80' lang='lat' dir='ltr'><strong>gratn-</strong></span> 
     </span>
     <span class='ocr_line' id='line_1_12' title="bbox 173 2701 1255 2795; baseline 0.002 -21"><span class='ocrx_word' id='word_1_55' title='bbox 173 2703 299 2776; x_wconf 83' lang='lat' dir='ltr'><strong>latione</strong></span> <span class='ocrx_word' id='word_1_56' title='bbox 320 2701 501 2795; x_wconf 89' lang='lat' dir='ltr'><strong>perbrevis</strong></span> <span class='ocrx_word' id='word_1_57' title='bbox 523 2725 612 2775; x_wconf 89' lang='lat' dir='ltr'><strong>sum.</strong></span> <span class='ocrx_word' id='word_1_58' title='bbox 632 2703 723 2790; x_wconf 86' lang='lat' dir='ltr'><strong>Quid</strong></span> <span class='ocrx_word' id='word_1_59' title='bbox 743 2705 836 2776; x_wconf 88' lang='lat' dir='ltr'><strong>enim</strong></span> <span class='ocrx_word' id='word_1_60' title='bbox 850 2703 989 2778; x_wconf 81' lang='lat' dir='ltr'><strong>dicam?</strong></span> <span class='ocrx_word' id='word_1_61' title='bbox 1005 2706 1103 2778; x_wconf 89' lang='lat' dir='ltr'><strong>Unde</strong></span> <span class='ocrx_word' id='word_1_62' title='bbox 1120 2705 1255 2779; x_wconf 85' lang='lat' dir='ltr'><strong>ordiar‘l</strong></span> 
     </span>
     <span class='ocr_line' id='line_1_13' title="bbox 172 2824 1255 2924; baseline 0.002 -27"><span class='ocrx_word' id='word_1_63' title='bbox 172 2824 339 2898; x_wconf 86' lang='lat' dir='ltr'><strong>Vaouasti</strong></span> <span class='ocrx_word' id='word_1_64' title='bbox 370 2845 431 2897; x_wconf 89' lang='lat' dir='ltr'><strong>eor</strong></span> <span class='ocrx_word' id='word_1_65' title='bbox 463 2846 578 2898; x_wconf 91' lang='lat' dir='ltr'><strong>meum</strong></span> <span class='ocrx_word' id='word_1_66' title='bbox 604 2828 722 2898; x_wconf 84' lang='lat' dir='ltr'><strong>multis</strong></span> <span class='ocrx_word' id='word_1_67' title='bbox 751 2827 941 2919; x_wconf 81' lang='lat' dir='ltr'><strong>angoribus</strong></span> <span class='ocrx_word' id='word_1_68' title='bbox 967 2840 1070 2922; x_wconf 88' lang='lat' dir='ltr'><strong>atque</strong></span> <span class='ocrx_word' id='word_1_69' title='bbox 1103 2827 1255 2924; x_wconf 87' lang='lat' dir='ltr'><strong>implesti</strong></span> 
     </span>
     <span class='ocr_line' id='line_1_14' title="bbox 173 2946 1254 3044; baseline 0.003 -25"><span class='ocrx_word' id='word_1_70' title='bbox 173 2946 315 3040; x_wconf 80' lang='lat' dir='ltr'><strong>gaudio,</strong></span> <span class='ocrx_word' id='word_1_71' title='bbox 347 2947 510 3043; x_wconf 89' lang='lat' dir='ltr'><strong>quodque</strong></span> <span class='ocrx_word' id='word_1_72' title='bbox 542 2948 591 3022; x_wconf 84' lang='lat' dir='ltr'><strong>ait</strong></span> <span class='ocrx_word' id='word_1_73' title='bbox 622 2949 818 3036; x_wconf 88' lang='lat' dir='ltr'><strong>Psalmista,</strong></span> <span class='ocrx_word' id='word_1_74' title='bbox 845 2949 1112 3044; x_wconf 72' lang='lat' dir='ltr'><strong>adimpletione</strong></span> <span class='ocrx_word' id='word_1_75' title='bbox 1139 2952 1254 3022; x_wconf 71' lang='lat' dir='ltr'><strong>laetitio</strong></span> 
     </span>
     <span class='ocr_line' id='line_1_15' title="bbox 174 3072 1255 3148; baseline 0.006 -6"><span class='ocrx_word' id='word_1_76' title='bbox 174 3093 249 3142; x_wconf 84' lang='lat' dir='ltr'><strong>cum</strong></span> <span class='ocrx_word' id='word_1_77' title='bbox 274 3073 369 3140; x_wconf 82' lang='lat' dir='ltr'><strong>nullo</strong></span> <span class='ocrx_word' id='word_1_78' title='bbox 394 3084 459 3142; x_wconf 82' lang='lat' dir='ltr'><strong>tuo.</strong></span> <span class='ocrx_word' id='word_1_79' title='bbox 487 3074 533 3143; x_wconf 84' lang='lat' dir='ltr'><strong>Et</strong></span> <span class='ocrx_word' id='word_1_80' title='bbox 555 3073 584 3144; x_wconf 93' lang='lat' dir='ltr'><strong>si</strong></span> <span class='ocrx_word' id='word_1_81' title='bbox 606 3076 678 3146; x_wconf 90' lang='lat' dir='ltr'><strong>sola</strong></span> <span class='ocrx_word' id='word_1_82' title='bbox 699 3072 767 3146; x_wconf 87' lang='lat' dir='ltr'><strong>iam</strong></span> <span class='ocrx_word' id='word_1_83' title='bbox 787 3075 879 3145; x_wconf 86' lang='lat' dir='ltr'><strong>lama</strong></span> <span class='ocrx_word' id='word_1_84' title='bbox 901 3072 948 3145; x_wconf 88' lang='lat' dir='ltr'><strong>tui</strong></span> <span class='ocrx_word' id='word_1_85' title='bbox 970 3073 1118 3148; x_wconf 89' lang='lat' dir='ltr'><strong>nominis</strong></span> <span class='ocrx_word' id='word_1_86' title='bbox 1144 3073 1255 3148; x_wconf 87' lang='lat' dir='ltr'><strong>adim-</strong></span> 
     </span>
     <span class='ocr_line' id='line_1_16' title="bbox 173 3194 1254 3290; baseline 0.008 -28"><span class='ocrx_word' id='word_1_87' title='bbox 173 3195 305 3287; x_wconf 90' lang='lat' dir='ltr'><strong>pletum</strong></span> <span class='ocrx_word' id='word_1_88' title='bbox 331 3200 398 3277; x_wconf 89' lang='lat' dir='ltr'><strong>est,</strong></span> <span class='ocrx_word' id='word_1_89' title='bbox 424 3194 508 3286; x_wconf 89' lang='lat' dir='ltr'><strong>qnid</strong></span> <span class='ocrx_word' id='word_1_90' title='bbox 537 3197 654 3266; x_wconf 87' lang='lat' dir='ltr'><strong>voltus</strong></span> <span class='ocrx_word' id='word_1_91' title='bbox 679 3217 764 3287; x_wconf 76' lang='lat' dir='ltr'><strong>ergo</strong></span> <span class='ocrx_word' id='word_1_92' title='bbox 784 3216 978 3280; x_wconf 73' lang='lat' dir='ltr'><strong>oaesareuS,</strong></span> <span class='ocrx_word' id='word_1_93' title='bbox 1000 3195 1084 3289; x_wconf 89' lang='lat' dir='ltr'><strong>quid</strong></span> <span class='ocrx_word' id='word_1_94' title='bbox 1103 3207 1254 3290; x_wconf 81' lang='lat' dir='ltr'><strong>augusta</strong></span> 
     </span>
     <span class='ocr_line' id='line_1_17' title="bbox 173 3313 1253 3418; baseline 0.006 -32"><span class='ocrx_word' id='word_1_95' title='bbox 173 3318 279 3418; x_wconf 68' lang='lat' dir='ltr'><strong>frons¹</strong></span> <span class='ocrx_word' id='word_1_96' title='bbox 301 3313 427 3387; x_wconf 79' lang='lat' dir='ltr'><strong>laniet?</strong></span> <span class='ocrx_word' id='word_1_97' title='bbox 458 3316 772 3407; x_wconf 81' lang='lat' dir='ltr'><strong>Longanimitatem</strong></span> <span class='ocrx_word' id='word_1_98' title='bbox 803 3316 892 3388; x_wconf 89' lang='lat' dir='ltr'><strong>inter</strong></span> <span class='ocrx_word' id='word_1_99' title='bbox 925 3320 1186 3412; x_wconf 82' lang='lat' dir='ltr'><strong>expectationes</strong></span> <span class='ocrx_word' id='word_1_100' title='bbox 1211 3342 1253 3393; x_wconf 87' lang='lat' dir='ltr'><strong>ao</strong></span> 
     </span>
     <span class='ocr_line' id='line_1_18' title="bbox 174 3417 1252 3535; baseline 0.002 -25"><span class='ocrx_word' id='word_1_101' title='bbox 174 3438 374 3531; x_wconf 84' lang='lat' dir='ltr'><strong>patientiam</strong></span> <span class='ocrx_word' id='word_1_102' title='bbox 405 3417 628 3535; x_wconf 82' lang='lat' dir='ltr'><strong>exoptabam.</strong></span> <span class='ocrx_word' id='word_1_103' title='bbox 658 3439 749 3510; x_wconf 82' lang='lat' dir='ltr'><strong>Eoos</strong></span> <span class='ocrx_word' id='word_1_104' title='bbox 776 3449 896 3533; x_wconf 89' lang='lat' dir='ltr'><strong>optare</strong></span> <span class='ocrx_word' id='word_1_105' title='bbox 928 3437 1054 3533; x_wconf 86' lang='lat' dir='ltr'><strong>incipio</strong></span> <span class='ocrx_word' id='word_1_106' title='bbox 1080 3421 1118 3511; x_wconf 86' lang='lat' dir='ltr'><strong>ut</strong></span> <span class='ocrx_word' id='word_1_107' title='bbox 1147 3450 1252 3512; x_wconf 82' lang='lat' dir='ltr'><strong>tantae</strong></span> 
     </span>
     <span class='ocr_line' id='line_1_19' title="bbox 173 3559 1253 3662; baseline -0.001 -30"><span class='ocrx_word' id='word_1_108' title='bbox 173 3560 345 3662; x_wconf 81' lang='lat' dir='ltr'><strong>felicitatis</strong></span> <span class='ocrx_word' id='word_1_109' title='bbox 378 3581 490 3653; x_wconf 82' lang='lat' dir='ltr'><strong>capax</strong></span> <span class='ocrx_word' id='word_1_110' title='bbox 516 3570 681 3652; x_wconf 90' lang='lat' dir='ltr'><strong>tantoque</strong></span> <span class='ocrx_word' id='word_1_111' title='bbox 713 3559 843 3653; x_wconf 80' lang='lat' dir='ltr'><strong>gaudio</strong></span> <span class='ocrx_word' id='word_1_112' title='bbox 875 3583 937 3654; x_wconf 90' lang='lat' dir='ltr'><strong>par</strong></span> <span class='ocrx_word' id='word_1_113' title='bbox 967 3560 1042 3632; x_wconf 91' lang='lat' dir='ltr'><strong>sim.</strong></span> <span class='ocrx_word' id='word_1_114' title='bbox 1070 3563 1140 3632; x_wconf 90' lang='lat' dir='ltr'><strong>lam</strong></span> <span class='ocrx_word' id='word_1_115' title='bbox 1167 3561 1253 3642; x_wconf 89' lang='lat' dir='ltr'><strong>mihi</strong></span> 
     </span>
     <span class='ocr_line' id='line_1_20' title="bbox 174 3662 1250 3779; baseline -0.001 -23"><span class='ocrx_word' id='word_1_116' title='bbox 174 3707 243 3758; x_wconf 91' lang='lat' dir='ltr'><strong>non</strong></span> <span class='ocrx_word' id='word_1_117' title='bbox 255 3662 443 3777; x_wconf 69' lang='lat' dir='ltr'><strong>Bononiae,</strong></span> <span class='ocrx_word' id='word_1_118' title='bbox 461 3683 523 3755; x_wconf 85' lang='lat' dir='ltr'><strong>sed</strong></span> <span class='ocrx_word' id='word_1_119' title='bbox 546 3681 666 3754; x_wconf 90' lang='lat' dir='ltr'><strong>mundi</strong></span> <span class='ocrx_word' id='word_1_120' title='bbox 683 3705 764 3769; x_wconf 85' lang='lat' dir='ltr'><strong>rex,</strong></span> <span class='ocrx_word' id='word_1_121' title='bbox 779 3683 846 3754; x_wconf 89' lang='lat' dir='ltr'><strong>iam</strong></span> <span class='ocrx_word' id='word_1_122' title='bbox 865 3682 1039 3756; x_wconf 85' lang='lat' dir='ltr'><strong>Romanus</strong></span> <span class='ocrx_word' id='word_1_123' title='bbox 1053 3683 1250 3779; x_wconf 89' lang='lat' dir='ltr'><strong>imperator,</strong></span> 
     </span>
     <span class='ocr_line' id='line_1_21' title="bbox 173 3793 1253 3900; baseline 0 -25"><span class='ocrx_word' id='word_1_124' title='bbox 173 3805 242 3878; x_wconf 89' lang='lat' dir='ltr'><strong>iam</strong></span> <span class='ocrx_word' id='word_1_125' title='bbox 263 3829 369 3879; x_wconf 88' lang='lat' dir='ltr'><strong>verns</strong></span> <span class='ocrx_word' id='word_1_126' title='bbox 386 3793 426 3879; x_wconf 72' lang='lat' dir='ltr'><strong>es</strong></span> <span class='ocrx_word' id='word_1_127' title='bbox 444 3807 574 3878; x_wconf 85' lang='lat' dir='ltr'><strong>Caesar.</strong></span> <span class='ocrx_word' id='word_1_128' title='bbox 591 3805 755 3878; x_wconf 88' lang='lat' dir='ltr'><strong>-lnvenies</strong></span> <span class='ocrx_word' id='word_1_129' title='bbox 775 3828 819 3878; x_wconf 90' lang='lat' dir='ltr'><strong>ne</strong></span> <span class='ocrx_word' id='word_1_130' title='bbox 839 3803 973 3890; x_wconf 86' lang='lat' dir='ltr'><strong>dubita,</strong></span> <span class='ocrx_word' id='word_1_131' title='bbox 995 3826 1076 3899; x_wconf 84' lang='lat' dir='ltr'><strong>qnae</strong></span> <span class='ocrx_word' id='word_1_132' title='bbox 1098 3805 1157 3877; x_wconf 89' lang='lat' dir='ltr'><strong>tibi</strong></span> <span class='ocrx_word' id='word_1_133' title='bbox 1179 3808 1253 3900; x_wconf 90' lang='lat' dir='ltr'><strong>pol-</strong></span> 
     </span>
     <span class='ocr_line' id='line_1_22' title="bbox 174 3925 1253 4022; baseline 0.001 -25"><span class='ocrx_word' id='word_1_134' title='bbox 174 3928 288 4001; x_wconf 84' lang='lat' dir='ltr'><strong>licitus</strong></span> <span class='ocrx_word' id='word_1_135' title='bbox 315 3949 408 4013; x_wconf 86' lang='lat' dir='ltr'><strong>sum,</strong></span> <span class='ocrx_word' id='word_1_136' title='bbox 435 3938 556 4021; x_wconf 89' lang='lat' dir='ltr'><strong>parata</strong></span> <span class='ocrx_word' id='word_1_137' title='bbox 583 3928 715 3998; x_wconf 87' lang='lat' dir='ltr'><strong>omnia:</strong></span> <span class='ocrx_word' id='word_1_138' title='bbox 749 3926 917 4012; x_wconf 91' lang='lat' dir='ltr'><strong>diadema,</strong></span> <span class='ocrx_word' id='word_1_139' title='bbox 954 3927 1154 4022; x_wconf 88' lang='lat' dir='ltr'><strong>imperium,</strong></span> <span class='ocrx_word' id='word_1_140' title='bbox 1189 3925 1253 3998; x_wconf 89' lang='lat' dir='ltr'><strong>im-</strong></span> 
     </span>
     <span class='ocr_line' id='line_1_23' title="bbox 174 4048 1252 4143; baseline 0.001 -21"><span class='ocrx_word' id='word_1_141' title='bbox 174 4052 352 4122; x_wconf 84' lang='lat' dir='ltr'><strong>mortalem</strong></span> <span class='ocrx_word' id='word_1_142' title='bbox 386 4049 549 4143; x_wconf 80' lang='lat' dir='ltr'><strong>gloriam,</strong></span> <span class='ocrx_word' id='word_1_143' title='bbox 584 4061 813 4143; x_wconf 81' lang='lat' dir='ltr'><strong>apertumque</strong></span> <span class='ocrx_word' id='word_1_144' title='bbox 847 4049 926 4122; x_wconf 84' lang='lat' dir='ltr'><strong>coeli</strong></span> <span class='ocrx_word' id='word_1_145' title='bbox 960 4048 1106 4121; x_wconf 84' lang='lat' dir='ltr'><strong>aditum:</strong></span> <span class='ocrx_word' id='word_1_146' title='bbox 1139 4060 1175 4121; x_wconf 86' lang='lat' dir='ltr'><strong>et</strong></span> <span class='ocrx_word' id='word_1_147' title='bbox 1207 4052 1252 4123; x_wconf 91' lang='lat' dir='ltr'><strong>ad</strong></span> 
     </span>
    </p>
   </div>
   <div class='ocr_carea' id='block_1_8' title="bbox 175 4172 1250 4345">
    <p class='ocr_par' dir='ltr' id='par_1_8' title="bbox 175 4172 1250 4345">
     <span class='ocr_line' id='line_1_24' title="bbox 175 4172 1250 4278; baseline -0.001 -34"><span class='ocrx_word' id='word_1_148' title='bbox 175 4195 360 4259; x_wconf 86' lang='lat' dir='ltr'><strong>sommam,</strong></span> <span class='ocrx_word' id='word_1_149' title='bbox 383 4172 554 4267; x_wconf 89' lang='lat' dir='ltr'><strong>quidquid</strong></span> <span class='ocrx_word' id='word_1_150' title='bbox 574 4182 694 4268; x_wconf 86' lang='lat' dir='ltr'><strong>optare</strong></span> <span class='ocrx_word' id='word_1_151' title='bbox 719 4184 779 4246; x_wconf 87' lang='lat' dir='ltr'><strong>aut</strong></span> <span class='ocrx_word' id='word_1_152' title='bbox 804 4194 945 4268; x_wconf 90' lang='lat' dir='ltr'><strong>sperare</strong></span> <span class='ocrx_word' id='word_1_153' title='bbox 966 4172 1086 4278; x_wconf 86' lang='lat' dir='ltr'><strong>datum</strong></span> <span class='ocrx_word' id='word_1_154' title='bbox 1109 4172 1250 4245; x_wconf 89' lang='lat' dir='ltr'><strong>homini.</strong></span> 
     </span>
     <span class='ocr_line' id='line_1_25' title="bbox 303 4295 1097 4345; baseline 0.003 -2"><span class='ocrx_word' id='word_1_155' title='bbox 303 4305 328 4344; x_wconf 89' lang='grc' dir='ltr'><strong>ιι.</strong></span> <span class='ocrx_word' id='word_1_156' title='bbox 1066 4295 1097 4345; x_wconf 80' lang='lat'><strong>33</strong></span> 
     </span>
    </p>
   </div>
   <div class='ocr_carea' id='block_1_9' title="bbox 0 0 1519 4802">
    <p class='ocr_par' dir='ltr' id='par_1_9' title="bbox 0 0 1519 4802">
     <span class='ocr_line' id='line_1_26' title="bbox 0 0 1519 4802; baseline 0 0"><span class='ocrx_word' id='word_1_157' title='bbox 0 0 1519 4802; x_wconf 95' lang='lat' dir='ltr'><strong> </strong></span> 
     </span>
    </p>
   </div>
  </div>
 </body>
</html>
