3062 4798
641 385 680 430 DE
693 383 803 431 ,aeuus
825 383 1049 432 runtttnutubs

704 661 902 726 'aristote
923 663 964 724 ltt.

374 865 567 915 Funnctsclts
588 864 756 914 Parauaea
778 865 912 914 IOHANNI
931 864 972 912 DE
995 863 1166 913 contiuuo
1189 865 1215 913 S.
1238 865 1267 913 P.
1290 867 1320 913 D.

455 1053 571 1106 Librum
586 1051 734 1122 Augustini
749 1051 777 1104 in
793 1051 918 1105 Psalmos
933 1049 967 1104 ab
983 1065 1015 1104 eo
1032 1049 1104 1105 dono
1119 1050 1236 1105 missurn

662 1137 668 1156 ⁸
718 1146 863 1212 acceptum
877 1140 971 1196 refert.
1073 1156 1075 1160 ’

403 1381 520 1452 Beasti
537 1402 593 1452 me
613 1401 759 1452 munere
779 1378 964 1471 magnifico
981 1390 1017 1451 et
1037 1381 1176 1472 insigni.
1200 1382 1273 1452 lum
1291 1382 1390 1454 davi-

307 1504 422 1576 dicum
440 1505 586 1596 pelagus
608 1503 760 1574 securior
785 1503 972 1595 navigabo,
992 1503 1111 1575 vitabo
1133 1506 1312 1598 scopulos
1332 1527 1391 1575 ue-

307 1647 375 1717 que
396 1625 582 1695 verborum
603 1623 766 1696 fluctibus
789 1647 901 1718 neque
928 1627 1114 1697 fractarum
1139 1626 1389 1698 sententiarum

307 1747 483 1817 collisione
504 1745 670 1817 terrebor.
694 1746 854 1817 Solebam
871 1747 953 1842 ipse
965 1748 1053 1819 meis
1072 1747 1206 1818 viribus
1224 1749 1260 1817 in
1282 1749 1388 1820 allum

306 1869 380 1952 niti,
402 1878 437 1938 et
465 1864 558 1940 nunc
587 1869 690 1938 altius
722 1867 864 1940 brachia
884 1868 1060 1953 iactando,
1083 1892 1175 1940 nunc
1195 1880 1297 1962 poste
1324 1873 1390 1943 lor·

307 1991 393 2061 tuito
414 1989 586 2060 subnixus
608 2012 670 2084 per
690 1989 870 2061 obstantes
897 1991 1024 2062 fluctus
1050 1992 1183 2060 sessum
1210 1990 1387 2082 ingenium

307 2112 447 2195 librare,
469 2111 516 2183 ita
532 2111 673 2204 quidem
696 2122 734 2183 ut
755 2133 850 2205 saepe
871 2135 950 2183 curn
968 2114 1070 2183 Petro
1088 2113 1198 2203 mergi
1219 2112 1387 2204 incipieus

307 2237 559 2306 exclamarem:
580 2233 740 2317 Domine,
764 2236 900 2304 salvum
927 2256 983 2305 me
1010 2237 1078 2316 fac,
1101 2234 1231 2328 etipse
1252 2256 1385 2317 secum,

308 2359 445 2428 Christo
472 2379 612 2426 manum
648 2354 860 2448 supplicibus
886 2356 1098 2450 porrigente,
1126 2377 1389 2447 consurgerem..

308 2479 378 2548 Hos
399 2478 488 2548 iuter
504 2489 613 2549 aestus
632 2477 773 2570 puppim
791 2484 829 2547 tu
847 2477 931 2546 mihi
948 2478 1174 2572 praevalidam
1194 2487 1229 2548 et
1245 2480 1389 2548 naucle-

308 2624 384 2671 rum
402 2601 612 2708 industrium
633 2601 814 2673 destinasti
837 2601 946 2673 divini
972 2602 1100 2694 ingenii
1126 2601 1387 2694 Augustinum,

307 2727 407 2796 cuius
427 2747 514 2818 opus
536 2725 744 2797 immensum
766 2723 859 2818 quod
880 2727 988 2816 vulgo
1010 2736 1080 2796 tres
1098 2726 1133 2794 in
1154 2738 1280 2819 partes
1296 2727 1389 2818 apud

308 2848 477 2940 quosdam
500 2847 709 2939 plurifariam
727 2847 880 2919 divisum
900 2847 1016 2918 multis
1035 2857 1071 2916 et
1086 2846 1222 2938 mugnis
1239 2845 1387 2917 volumi-

309 2970 412 3039 nibus
432 2970 639 3051 continetur,
660 2982 695 3040 et
715 2980 824 3041 totum
861 2991 930 3040 uno
964 2969 1140 3039 volumine
1162 2969 1390 3060 comprehen-

310 3099 444 3161 sumet
470 3111 489 3158 a
514 3100 547 3159 te
572 3091 656 3160 mihi
679 3091 924 3162 transmissum
959 3092 1060 3161 laetus
1095 3101 1311 3183 stupensque
1333 3111 1389 3160 su-

311 3211 403 3303 scepi
425 3222 460 3281 el
479 3210 553 3281 dixi
575 3234 731 3283 mecum:
762 3235 832 3284 uon
865 3223 920 3284 cst
952 3211 1086 3284 inertiae
1112 3213 1225 3283 locus:
1253 3211 1282 3281 si
1307 3209 1389 3303 quid

311 3334 370 3404 otii
396 3329 569 3426 supererit
593 3334 659 3404 iste
685 3334 863 3406 discutiet:
890 3353 1040 3424 magnus
1065 3331 1177 3416 adest,
1204 3340 1240 3402 et
1265 3351 1390 3420 magno

311 3455 486 3530 curandus
520 3456 694 3548 impendio
724 3456 876 3529 dormire
907 3455 985 3526 totis
1012 3453 1171 3524 noctibus
1197 3475 1267 3523 uon
1293 3451 1388 3522 sinet.

311 3582 456 3650 'Frustra
490 3579 623 3671 patietis
654 3591 714 3649 aut
743 3578 935 3650 connivetis
957 3577 1062 3658 ocule
1084 3574 1302 3666 vigilandum
1321 3583 1388 3656 est,

312 3700 566 3773 lucubrandum
589 3708 654 3772 est.
679 3702 822 3770 Frustra
845 3698 997 3791 quietem
1032 3694 1265 3783 meditamini,
1296 3695 1392 3792 iabo-

313 3822 460 3895 randum
482 3832 547 3892 est.
568 3823 697 3892 Verum
719 3820 848 3892 dicam:
870 3841 973 3890 nemo
994 3840 1042 3889 ex
1064 3820 1183 3890 amicis
1201 3820 1297 3891 illum
1320 3817 1392 3890 sine

314 3943 539 4014 admiratione
572 3942 743 4036 respexit,
779 3942 911 4014 cunctis
940 3965 1008 4012 una
1040 3963 1127 4012 voce
1162 3940 1390 4022 testantibus,

314 4086 491 4160 nunquam
514 4085 552 4134 se
573 4065 698 4135 librum
720 4065 816 4136 tanti,
828 4065 982 4158 eorporis
1000 4064 1149 4145 vidisse3
1168 4063 1261 4157 quod
1277 4063 1322 4134 de
1339 4084 1394 4132 me

315 4183 389 4269 ipse
403 4181 566 4272 profiteor
581 4205 696 4253 rerum
716 4186 834 4256 talium
849 4184 942 4256 haud
961 4186 1103 4254 ultimus
1120 4183 1316 4286 inquisitor:
1330 4205 1394 4254 nec
