2988 4800
214 351 270 413 108
551 363 592 410 on
614 363 714 412 nanus
736 363 957 412 rnururanraus

213 521 261 569 re.
284 499 355 568 lam
375 497 523 567 fortunae
541 496 667 568 ictibus
690 518 758 567 non
782 499 948 581 lamenta,
971 517 1041 566 non
1062 481 1227 588 gemitus,
1252 506 1289 568 ut

214 618 404 713 quondam,
433 619 495 690 sed
515 621 643 690 callum
663 619 779 691 durati
798 620 904 689 animi
924 619 1064 702 obiicio,
1085 629 1122 691 et
1142 617 1290 689 titubare

215 744 347 827 solitae,
362 741 546 814 immobilis
565 741 634 813 iam
653 742 817 814 consisto.
832 741 952 835 Itaque
965 741 1150 834 indignans
1164 742 1221 812 illa
1235 763 1290 811 me

215 875 310 937 tauta
330 867 476 937 telorum
498 863 592 936 nube
612 888 681 938 non
702 887 818 948 ruere,
845 873 881 936 et
905 865 1147 937 immitioribus
1167 888 1291 962 parum

216 986 339 1074 fidens,
361 989 552 1060 novissime
572 998 693 1083 peetus
712 1010 827 1060 meum
845 987 975 1080 ingenti
992 987 1130 1060 falarica
1146 1010 1292 1083 percus·

216 1111 271 1182 sit.
289 1113 372 1183 Post
391 1111 560 1182 nudatum
581 1132 704 1204 nempe
723 1120 895 1182 tantorum
915 1111 1086 1184 mortibus
1103 1111 1292 1183 amicorum

216 1237 306 1305 latus
326 1243 361 1305 et
379 1242 497 1326 erepta
518 1242 568 1304 tot
587 1229 670 1305 vitae
690 1234 868 1328 praesidia,
890 1235 1055 1329 optimum
1079 1235 1294 1328 mihinuper

216 1356 442 1449 omniumque
461 1357 683 1427 carissimum
701 1366 805 1451 atque
822 1357 1063 1430 dulcissimum
1081 1361 1237 1431 solamen
1254 1382 1294 1432 ao

217 1480 326 1551 decus
352 1501 469 1551 meum
498 1478 613 1550 subita
645 1489 680 1549 et
709 1480 882 1553 horrenda
910 1502 952 1552 ac
983 1503 1127 1575 prorsus
1152 1481 1294 1574 indigna

217 1613 327 1674 morte
343 1601 536 1695 praeripuit;
555 1601 669 1671 virum
689 1604 783 1673 omni
804 1603 908 1676 laude
928 1603 992 1676 sed
1013 1605 1188 1700 praecipua
1208 1627 1295 1698 qua-

217 1725 296 1795 dam
322 1733 358 1795 et
383 1723 539 1815 angelica
563 1745 700 1795 morum
726 1726 900 1798 suavitate
924 1728 1169 1821 conspicuum,
1191 1749 1295 1821 quem

219 1845 279 1916 tibi
300 1868 340 1917 ao
356 1845 505 1940 posteris
523 1856 642 1917 notum
659 1866 740 1916 esse
759 1847 875 1938 oupio,
895 1846 1059 1919 Iacobum
1076 1848 1121 1919 de
1139 1847 1297 1920 Carraria

219 1968 359 2054 scilicet,
396 1967 588 2040 seeundum
622 1968 788 2040 nascendi
814 1967 948 2056 ordine,
983 1980 1018 2042 at
1049 1969 1237 2042 virtutibus
1262 1978 1298 2042 et

220 2092 327 2185 gloria
343 2092 447 2183 longe
467 2091 630 2185 primum,
649 2091 783 2163 Patavii
799 2091 994 2176 dominum,
1012 2092 1082 2164 imo
1098 2092 1220 2186 patriae
1236 2115 1299 2186 pa-

220 2227 322 2301 trem,
336 2217 397 2309 qui
414 2237 515 2301 unus
534 2237 638 2310 quem
656 2236 723 2308 ego
739 2235 881 2288 nossem
897 2226 978 2310 post
994 2215 1100 2287 Siculi
1117 2217 1210 2308 regis
1223 2212 1299 2286 obi-

221 2350 303 2425 tum,
318 2348 391 2412 toto
407 2339 491 2412 orbe
509 2351 691 2432 supererat
707 2338 969 2411 amantissimus
988 2339 1181 2412 studiorum
1194 2348 1231 2411 et
1246 2338 1299 2411 in-

222 2463 402 2555 geniorum
434 2463 546 2532 cultor
578 2460 841 2553 aestimatorque
872 2460 1098 2533 iustissimus.
1121 2461 1190 2533 Sed
1214 2461 1300 2532 mibi

222 2584 266 2656 de
279 2582 446 2654 illiusviri
459 2581 622 2653 laudibus
635 2582 737 2653 dulce
754 2582 820 2652 erit
836 2582 931 2676 loqui
943 2593 979 2655 et
991 2583 1200 2670 meminisse,
1214 2583 1299 2656 dum

223 2707 357 2779 vixero.
379 2704 481 2791 Quod
500 2705 546 2776 ad
566 2703 740 2800 inceptum
762 2705 896 2790 attinet,
920 2707 976 2779 ille
994 2705 1072 2791 fuit,
1095 2707 1216 2790 fateor,
1243 2707 1300 2777 oui
1395 2682 1400 2690 ’

222 2828 338 2899 omnia
357 2826 543 2911 debebam,
560 2809 617 2898 “cui
635 2835 728 2898 totus
747 2827 984 2900 incubueram:
1004 2828 1101 2900 illum
1118 2828 1201 2899 mibi
1219 2826 1300 2900 abs-

224 2950 301 3020 tulit
320 2951 472 3031 fortuna;
491 2949 576 3020 heu!
601 2971 705 3043 quam
726 2950 901 3022 ferociter!
930 2973 1035 3044 quam
1057 2953 1221 3044 repente!
1245 2960 1297 3036 ut,

225 3070 396 3143 subducto
418 3070 546 3144 scilicet
565 3071 788 3144 fundamento
808 3073 910 3146 unico
932 3072 1005 3168 spei
1026 3094 1122 3152 meae,
1141 3072 1235 3166 quod
1252 3073 1300 3144 si-

225 3191 403 3262 millimum
435 3194 511 3266 veri
543 3204 631 3280 erat,
667 3217 724 3267 me
753 3196 855 3268 simul
874 3205 1057 3268 everteret.
1080 3196 1164 3267 Steti
1184 3205 1301 3267 tamen

226 3323 371 3384 moestus
392 3314 551 3407 quidem,
572 3338 642 3388 non
661 3315 806 3402 inficior,
828 3317 892 3390 sed
908 3326 1060 3403 erectuS,
1082 3316 1147 3389 sed
1166 3316 1302 3390 interri-

226 3448 297 3522 tus,
316 3458 428 3530 eoque
451 3437 619 3524 securior,
647 3436 742 3532 quod
772 3439 835 3510 vix
861 3441 967 3512 ullum
995 3438 1063 3512 iam
1085 3441 1151 3512 tale
1170 3441 1300 3511 vulnus

227 3569 384 3653 expecto.
421 3559 589 3656 Deinoeps
618 3568 812 3632 monstrum
845 3561 930 3634 illud
961 3561 1161 3634 horrificum
1193 3562 1301 3634 odero

228 3705 367 3779 semper
386 3682 661 3776 execraborque,
682 3705 747 3754 nec
766 3684 902 3757 timebo.
920 3687 1015 3757 Vale.

368 3834 486 3906 Patavii,
502 3834 552 3889 VII
566 3834 633 3890 ldus
648 3835 778 3892 Ianuarii.
795 3837 922 3910 Raptim,
938 3837 1097 3894 stimulante
1112 3835 1223 3890 nuncio.

725 4101 804 4112 —-
