3078 4798
395 394 489 444 nrnsn
512 393 1008 453 consummemus-semrom
1030 397 1071 446 rx.
1219 387 1274 449 stt

169 532 348 626 epistolae
367 541 534 625 quantum
557 531 629 604 fieri
652 543 766 629 potest
786 544 906 608 contra
927 534 1157 609 sentientibus
1175 537 1278 608 satis-

191 654 267 740 fiat,
286 663 521 750 appareatque
542 676 597 726 me
618 667 656 730 ut
677 679 816 749 magno,
840 657 890 730 sic
908 658 1003 731 haud
1022 658 1164 753 indigno
1183 659 1278 734 desi·

189 778 289 850 derio
305 778 451 850 Romam
467 775 566 849 trahi.
582 778 672 851 Sileo
686 777 776 850 bella
792 777 906 851 civilia
924 790 960 851 et
975 779 1167 872 implacatus
1185 804 1276 853 sem·

190 923 255 994 per
276 899 386 994 plebis
412 898 587 983 ardorem;
609 901 728 973 omitto
754 903 862 975 multa
894 921 974 996 quae
1007 902 1054 973 illi
1087 904 1163 974 urbi
1196 927 1275 976 cum

190 1033 265 1096 toto
297 1023 381 1095 orbe
412 1022 609 1096 communia
640 1025 730 1096 mala
760 1034 853 1108 sunt;
888 1034 1059 1117 praetereo
1078 1026 1276 1119 voluptates

190 1148 295 1238 longe
315 1148 451 1238 lateque
474 1154 671 1237 regnantes.
695 1145 772 1218 Non
797 1147 1044 1240 voluptuosum
1069 1167 1190 1240 quaero
1214 1147 1277 1220 do·

190 1267 370 1351 micilium,
394 1266 457 1339 sed
474 1265 678 1350 honestum;
700 1289 896 1340 memorans
918 1269 1110 1363 Scipionem
1130 1270 1165 1340 in
1181 1272 1277 1343 exsi-

190 1389 238 1462 lio
255 1410 320 1461 suo
340 1387 580 1460 Linterninum
602 1388 782 1460 horrorem
803 1389 943 1462 Baianis
971 1392 1167 1484 praetulisse
1189 1390 1276 1465 deli·
1341 1425 1346 1434 ·

190 1513 268 1598 ciis,
286 1521 321 1584 et
339 1512 385 1585 dc
406 1513 472 1584 hoc
492 1511 680 1584 laudatum.
700 1510 755 1584 Ad
773 1511 857 1584 illud
876 1536 983 1584 uuum
1001 1513 1105 1586 venio
1121 1514 1218 1608 quod
1235 1538 1277 1588 ea

191 1636 276 1707 mihi
291 1635 455 1727 cogitatio
472 1656 594 1708 reeens
609 1636 737 1720 attulit,
759 1657 828 1728 qua
848 1659 941 1709 nunc
958 1638 1046 1709 ultra
1066 1638 1276 1711 destinatum

192 1757 377 1832 scribendo
391 1758 517 1853 rapior,
535 1767 572 1829 ut
584 1757 725 1830 audisti.
741 1758 898 1831 Occurrit
909 1759 1001 1832 enim
1016 1761 1174 1834 electioni
1188 1783 1277 1834 meae

191 1884 380 1954 multorum
389 1881 580 1954 sententias
594 1871 786 1966 adversari,
799 1881 893 1975 apud
906 1884 1158 1981 quosBabylon
1168 1887 1278 1958 Roma

159 2067 164 2080 .
191 2014 259 2088 est3
286 2013 322 2076 et
348 2002 399 2099 (ut
423 2004 469 2075 ita
499 2002 681 2097 stomacer)
705 2003 797 2076 foeda
817 2004 941 2086 virtus,
964 2005 1101 2079 infamis
1128 2019 1181 2080 est
1203 2011 1277 2101 glo-

193 2125 254 2196 ria.
277 2125 345 2197 Nec
370 2124 572 2218 negaverim
598 2145 678 2196 esse
705 2122 810 2194 huius
837 2146 976 2218 quoque
1003 2129 1184 2200 sententiae
1204 2151 1278 2201 ma-

193 2245 282 2340 gnos
306 2247 425 2320 duces.
448 2247 534 2319 Nam
560 2255 597 2318 et
628 2245 846 2338 Augustinus
868 2245 1051 2320 Civitatem
1077 2248 1140 2321 Dei
1166 2249 1279 2322 aedifi·

193 2394 292 2456 cans,
312 2371 464 2464 quodam
486 2372 560 2442 loco
581 2370 665 2442 dum
683 2368 873 2440 nativitatis
894 2367 1048 2442 Abrahae
1069 2379 1207 2466 tempus
1227 2381 1278 2446 at-

193 2492 354 2584 tingeret,
377 2514 481 2586 quem
504 2501 621 2563 natum
643 2501 780 2564 constat
800 2500 968 2584 regnante
994 2493 1087 2586 apud
1112 2492 1276 2590 Assyrios

193 2613 297 2686 Nino:
322 2613 470 2700 tacebat,
497 2614 622 2709 inquit,
649 2617 686 2686 iu
711 2637 812 2709 reguo
837 2638 943 2686 anuos
968 2615 1189 2706 quodraginta
1215 2609 1293 2688 tres

193 2735 323 2828 quondo
344 2747 442 2807 natus
461 2748 508 2807 est
527 2736 707 2823 Amanum,
727 2740 785 2830 qui
803 2725 875 2808 erut
893 2759 1003 2809 onnus
1023 2741 1153 2810 circiter
1170 2743 1277 2814 mille-

192 2863 294 2931 simus
317 2859 556 2932 ducentesimus
575 2873 654 2932 oute
674 2860 840 2933 conditam
861 2861 1002 2933 Romam
1024 2861 1161 2958 (vellem
1183 2864 1279 2956 quod

195 2983 353 3076 sequitur
373 2982 568 3080 tacuisset),
592 2986 695 3055 ueluti
725 2987 881 3069 alteram,
908 2984 1033 3078 inquit,
1056 2988 1092 3056 iu
1114 2982 1280 3055 occidente

195 3103 425 3197 Babylonium.
460 3105 531 3176 Nec
570 3108 679 3178 semel
709 3105 775 3180 hoc
807 3107 944 3179 dixisse
975 3117 1176 3194 contentus,
1211 3108 1278 3180 alio

195 3227 347 3319 quodam
360 3228 434 3300 loco
451 3227 534 3300 dum
553 3249 615 3319 per
632 3226 845 3302 Albanorum
865 3231 1123 3303 successionem
1142 3254 1182 3304 ao
1199 3257 1278 3326 pro-

129 3417 134 3426 ,
195 3349 331 3439 geniem
362 3371 484 3442 regum
511 3349 556 3420 ad
581 3351 766 3422 Romulum
799 3350 1040 3443 pervenisset:
1074 3351 1126 3422 Ne
1151 3357 1274 3440 multis,

195 3469 319 3562 inquit,
342 3491 464 3552 morer,
484 3468 615 3540 condito
633 3481 680 3541 est
697 3469 802 3540 Romu
823 3473 914 3541 uelut
929 3475 1035 3542 altero
1056 3473 1092 3541 iu
1114 3473 1279 3544 occidente

195 3589 358 3682 Babylon.
381 3593 470 3664 Ecce
504 3614 573 3665 non
608 3599 740 3664 tantum
761 3591 855 3686 quod
880 3593 1018 3665 dixerat
1043 3614 1147 3689 supra
1178 3615 1281 3688 repe-

196 3711 262 3797 tiit,
292 3712 355 3785 sed
380 3713 553 3809 processit
588 3716 748 3799 ulterius,
788 3725 823 3786 et
861 3719 950 3785 uelut
978 3717 1119 3808 prioris,
1153 3717 1278 3809 inquit,

194 3835 264 3926 filia
297 3835 489 3927 Babylonis.
525 3838 657 3909 Verum
691 3837 856 3910 hocloco
884 3837 1024 3910 tacitum
1050 3840 1144 3912 nullo
1178 3837 1281 3910 modo

195 3957 321 4029 vellem
343 3979 424 4031 esse
445 3960 541 4052 quod
562 3959 719 4052 sequitur
748 3983 811 4054 per
833 3983 946 4051 quom,
969 3960 1093 4055 inquit,
1116 3962 1185 4033 Deo
1208 3965 1281 4056 plo-

196 4079 263 4148 cuit
283 4081 394 4151 orbem
413 4079 575 4151 debellare
593 4093 757 4152 terrarum
778 4094 809 4153 ct
828 4086 865 4154 iu
885 4107 988 4155 uuout
1012 4087 1196 4156 societatem
1216 4087 1282 4156 rei-

192 4201 333 4293 publice
354 4205 521 4298 legumque
541 4202 739 4300 perductum
767 4207 862 4299 louge
886 4210 1013 4301 lateque
1035 4231 1166 4304 pecore.
1192 4209 1282 4281 Ecce
