3024 4802
433 355 525 404 uruuu
547 353 797 404 nouusnnuruus,
811 371 844 384 -—
859 352 1010 402 nrrsrouu
1034 355 1062 402 v.
1224 339 1282 400 529

203 489 344 585 palatia,
368 490 430 562 sed
447 509 527 582 quae
548 486 606 559 libi
629 488 780 581 graliora
799 485 957 570 eoniieio,
979 488 1107 559 victum
1125 508 1194 559 non
1207 487 1282 560 ino-

203 636 283 709 pem
306 613 370 685 sed
391 611 602 694 modestum,
627 621 662 682 el
682 609 920 702 philosophico
939 630 1008 681 non
1029 610 1141 682 audeo
1161 633 1280 704 parem

203 737 336 821 dicere,
352 733 414 807 sed
435 732 651 830 proximum,
666 734 774 805 olium
794 740 975 825 praelerea,
992 731 1226 819 solitudinem,
1242 733 1281 804 li-

202 857 444 951 bertatemque
475 856 647 950 polliceor.
677 855 822 928 Mirum!
859 875 962 947 quam
997 863 1165 947 praestare
1197 855 1281 926 mihi

203 980 278 1075 ipse
295 1002 363 1053 non
385 999 546 1075 possum,
569 975 658 1052 hane
682 976 743 1048 libi
762 976 925 1070 spondeo.
949 976 1017 1047 Sed
1036 997 1129 1070 saepe
1147 978 1280 1070 palleus

203 1099 358 1172 medicus
377 1101 524 1171 salutem
551 1099 648 1172 alleri
669 1098 804 1186 tribuit,
835 1119 938 1190 quam
969 1119 1038 1168 non
1069 1097 1183 1170 habet.
1206 1099 1281 1190 Ego

201 1224 343 1318 quidem
364 1222 571 1318 importunae
592 1231 627 1294 el
647 1221 775 1293 inulilis
795 1231 830 1293 et
848 1223 1003 1293 moleslae
1024 1223 1126 1294 laruae
1143 1241 1281 1316 compe-

200 1345 305 1420 dibus
334 1346 518 1440 soniluque
543 1345 693 1418 nominis
727 1367 767 1418 ao
791 1346 925 1438 fulgore
959 1365 1192 1440 supervacuo,
1221 1368 1281 1417 ve-

201 1491 349 1564 rumque
370 1479 408 1541 ut
428 1469 577 1563 ingenue
595 1471 715 1553 fatear,
731 1467 889 1560 indigno,
907 1452 975 1540 neo
991 1465 1079 1540 liber
1098 1488 1178 1540 esse
1200 1488 1281 1562 pos-

202 1611 281 1666 sum
298 1613 363 1664 nee
376 1595 494 1664 latere.
510 1590 585 1662 Tibi
602 1589 636 1659 in
654 1600 745 1662 terra
766 1590 890 1674 aliena,
910 1589 1020 1662 donee
1041 1591 1164 1662 sallem
1184 1591 1281 1662 nosci

200 1716 348 1810 oeperis,
374 1722 409 1786 el
432 1713 540 1786 olium
561 1722 598 1792 el
623 1713 765 1787 libertas
791 1723 826 1786 et
850 1711 993 1786 latebrae
1018 1711 1280 1784 iucundissima

202 1861 272 1910 non
293 1837 450 1909 deerunt.
471 1837 555 1908 llaec
576 1845 657 1908 sunl
680 1857 762 1930 quae
792 1835 827 1905 iu
846 1855 1006 1928 praesens
1032 1854 1112 1906 sese
1132 1832 1281 1906 offerunt

201 1960 375 2032 adventus
397 1959 447 2030 lui
467 1959 622 2053 praemia.
643 1961 775 2030 Vellem
792 1957 922 2030 addere
947 1977 1052 2050 posse
1069 1956 1218 2050 aliquam
1246 1965 1280 2027 te

200 2081 288 2154 lorle
307 2077 525 2152 dulcedinem
547 2079 582 2149 in
600 2078 784 2151 scribendo
802 2099 849 2150 ex
868 2087 1066 2150 nostrorum
1085 2076 1280 2149 studiorum

199 2197 461 2298 participatione
479 2210 710 2294 sumpturum.
724 2199 792 2270 Sed
810 2209 845 2272 et
861 2193 909 2272 de¹
922 2197 988 2304 hoe
1004 2198 1146 2272 videris.
1161 2199 1279 2291 ,unum

200 2321 260 2395 libi
279 2323 557 2421 praelereaquod
577 2345 647 2396 non
667 2322 702 2394 iu
721 2322 864 2407 ultimis
886 2323 966 2396 liuel
985 2323 1020 2394 in
1042 2322 1160 2394 ultima
1180 2329 1280 2418 parte

198 2445 355 2540 epistolae
374 2445 563 2542 posuerim,
591 2444 658 2518 erit
676 2445 813 2518 vicinus
834 2444 1050 2520 Ambrosius.
1079 2445 1177 2517 Vale.

280 2625 282 2630 ,
340 2592 499 2663 Mediolani,
515 2592 578 2648 Kal.
594 2593 668 2648 Maii.
684 2593 816 2665 Propere.

297 2817 382 2890 Haeo
402 2817 463 2889 libi
486 2816 699 2892 dictaveram
724 2816 808 2890 dum
833 2817 967 2890 Parmae
992 2828 1026 2890 le
1051 2837 1133 2890 esse
1158 2818 1280 2891 erede-

199 2962 273 3012 rem
294 2941 406 3012 larnae.
427 2941 527 3014 Nune
546 2951 581 3014 te
601 2963 679 3016 cum
699 2940 876 3014 communi
896 2939 1037 3013 domino
1056 2960 1137 3014 esse
1156 2939 1278 3014 didici:

199 3061 293 3134 unde
313 3064 361 3134 nil
380 3063 505 3136 horum
530 3063 661 3137 dietum
687 3064 821 3158 aeeipe,
847 3061 914 3136 nisi
939 3073 1107 3158 qnantum
1133 3062 1180 3135 illi
1206 3065 1279 3159 pla-

195 3166 308 3256 cuerit
323 3181 379 3253 eui
394 3184 592 3256 voluntates
605 3207 702 3258 meas
716 3197 752 3258 et
764 3193 847 3276 vola
862 3183 1021 3258 subiieio.
1035 3185 1123 3258 Vale
1139 3185 1273 3258 ilerum.

341 3326 374 3384 ll.
391 3327 452 3384 Kal.
470 3327 552 3386 lunii.
