<?xml version="1.0" encoding="UTF-8"?>
<!DOCTYPE html PUBLIC "-//W3C//DTD XHTML 1.0 Transitional//EN"
    "http://www.w3.org/TR/xhtml1/DTD/xhtml1-transitional.dtd">
<html xmlns="http://www.w3.org/1999/xhtml" xml:lang="en" lang="en">
 <head>
  <title>
</title>
<meta http-equiv="Content-Type" content="text/html;charset=utf-8" />
  <meta name='ocr-system' content='tesseract 3.04.00' />
  <meta name='ocr-capabilities' content='ocr_page ocr_carea ocr_par ocr_line ocrx_word'/>
</head>
<body>
  <div class='ocr_page' id='page_1' title='image "./franciscipetrar01fracgoog_0356.png"; bbox 0 0 3078 4798; ppageno 0'>
   <div class='ocr_carea' id='block_1_1' title="bbox 433 306 1308 384">
    <p class='ocr_par' dir='ltr' id='par_1_1' title="bbox 433 306 1308 384">
     <span class='ocr_line' id='line_1_1' title="bbox 433 306 1308 384; baseline -0.008 -8"><span class='ocrx_word' id='word_1_1' title='bbox 433 325 526 376; x_wconf 82' lang='lat' dir='ltr'><strong>nrnun</strong></span> <span class='ocrx_word' id='word_1_2' title='bbox 547 315 1045 384; x_wconf 80' lang='lat' dir='ltr'><strong>onrnrnsnucmns.-nr1sront</strong></span> <span class='ocrx_word' id='word_1_3' title='bbox 1065 322 1107 370; x_wconf 87' lang='lat' dir='ltr'><strong>rx.</strong></span> <span class='ocrx_word' id='word_1_4' title='bbox 1249 306 1308 370; x_wconf 72' lang='lat'><strong>345</strong></span> 
     </span>
    </p>
   </div>
   <div class='ocr_carea' id='block_1_2' title="bbox 226 458 1312 1786">
    <p class='ocr_par' dir='ltr' id='par_1_2' title="bbox 226 458 1312 1786">
     <span class='ocr_line' id='line_1_2' title="bbox 226 458 1308 547; baseline -0.006 -10"><span class='ocrx_word' id='word_1_5' title='bbox 226 464 289 537; x_wconf 91' lang='lat' dir='ltr'><strong>rici</strong></span> <span class='ocrx_word' id='word_1_6' title='bbox 311 475 388 537; x_wconf 90' lang='lat' dir='ltr'><strong>utar</strong></span> <span class='ocrx_word' id='word_1_7' title='bbox 409 461 532 547; x_wconf 75' lang='lat' dir='ltr'><strong>verbm</strong></span> <span class='ocrx_word' id='word_1_8' title='bbox 553 477 588 533; x_wconf 89' lang='lat' dir='ltr'><strong>et</strong></span> <span class='ocrx_word' id='word_1_9' title='bbox 609 460 657 533; x_wconf 92' lang='lat' dir='ltr'><strong>rei</strong></span> <span class='ocrx_word' id='word_1_10' title='bbox 680 460 785 532; x_wconf 87' lang='lat' dir='ltr'><strong>huius</strong></span> <span class='ocrx_word' id='word_1_11' title='bbox 810 479 952 531; x_wconf 90' lang='lat' dir='ltr'><strong>causam</strong></span> <span class='ocrx_word' id='word_1_12' title='bbox 978 479 1059 530; x_wconf 90' lang='lat' dir='ltr'><strong>esse</strong></span> <span class='ocrx_word' id='word_1_13' title='bbox 1086 458 1308 530; x_wconf 76' lang='lat' dir='ltr'><strong>mobilitatem</strong></span> 
     </span>
     <span class='ocr_line' id='line_1_3' title="bbox 227 580 1310 677; baseline -0.006 -18"><span class='ocrx_word' id='word_1_14' title='bbox 227 587 320 659; x_wconf 85' lang='lat' dir='ltr'><strong>aeris</strong></span> <span class='ocrx_word' id='word_1_15' title='bbox 340 587 463 658; x_wconf 88' lang='lat' dir='ltr'><strong>volunt</strong></span> <span class='ocrx_word' id='word_1_16' title='bbox 484 583 640 677; x_wconf 88' lang='lat' dir='ltr'><strong>quidam,</strong></span> <span class='ocrx_word' id='word_1_17' title='bbox 667 580 756 653; x_wconf 92' lang='lat' dir='ltr'><strong>inter</strong></span> <span class='ocrx_word' id='word_1_18' title='bbox 780 602 869 676; x_wconf 92' lang='lat' dir='ltr'><strong>quos</strong></span> <span class='ocrx_word' id='word_1_19' title='bbox 894 581 1026 653; x_wconf 85' lang='lat' dir='ltr'><strong>Plinius</strong></span> <span class='ocrx_word' id='word_1_20' title='bbox 1053 581 1235 654; x_wconf 80' lang='lat' dir='ltr'><strong>Secundus</strong></span> <span class='ocrx_word' id='word_1_21' title='bbox 1255 582 1310 654; x_wconf 90' lang='lat' dir='ltr'><strong>vir</strong></span> 
     </span>
     <span class='ocr_line' id='line_1_4' title="bbox 227 703 1310 801; baseline -0.008 -17"><span class='ocrx_word' id='word_1_22' title='bbox 227 709 468 792; x_wconf 65' lang='lat' dir='ltr'><strong>doctissimum</strong></span> <span class='ocrx_word' id='word_1_23' title='bbox 489 706 634 801; x_wconf 87' lang='lat' dir='ltr'><strong>quodsi</strong></span> <span class='ocrx_word' id='word_1_24' title='bbox 655 727 780 777; x_wconf 86' lang='lat' dir='ltr'><strong>verum</strong></span> <span class='ocrx_word' id='word_1_25' title='bbox 801 715 869 789; x_wconf 89' lang='lat' dir='ltr'><strong>est,</strong></span> <span class='ocrx_word' id='word_1_26' title='bbox 893 703 996 775; x_wconf 90' lang='lat' dir='ltr'><strong>valde</strong></span> <span class='ocrx_word' id='word_1_27' title='bbox 1017 703 1154 775; x_wconf 88' lang='lat' dir='ltr'><strong>mobilis</strong></span> <span class='ocrx_word' id='word_1_28' title='bbox 1170 703 1226 775; x_wconf 93' lang='lat' dir='ltr'><strong>ille</strong></span> <span class='ocrx_word' id='word_1_29' title='bbox 1242 705 1310 800; x_wconf 81' lang='lat' dir='ltr'><strong>Py-</strong></span> 
     </span>
     <span class='ocr_line' id='line_1_5' title="bbox 227 823 1311 921; baseline -0.006 -17"><span class='ocrx_word' id='word_1_30' title='bbox 227 831 337 904; x_wconf 88' lang='lat' dir='ltr'><strong>renaei</strong></span> <span class='ocrx_word' id='word_1_31' title='bbox 359 839 487 902; x_wconf 87' lang='lat' dir='ltr'><strong>tractos</strong></span> <span class='ocrx_word' id='word_1_32' title='bbox 509 850 569 902; x_wconf 87' lang='lat' dir='ltr'><strong>aer</strong></span> <span class='ocrx_word' id='word_1_33' title='bbox 595 826 691 900; x_wconf 91' lang='lat' dir='ltr'><strong>credi</strong></span> <span class='ocrx_word' id='word_1_34' title='bbox 717 835 841 920; x_wconf 90' lang='lat' dir='ltr'><strong>potest.</strong></span> <span class='ocrx_word' id='word_1_35' title='bbox 863 827 942 921; x_wconf 91' lang='lat' dir='ltr'><strong>lpse</strong></span> <span class='ocrx_word' id='word_1_36' title='bbox 972 834 1087 897; x_wconf 86' lang='lat' dir='ltr'><strong>tamen</strong></span> <span class='ocrx_word' id='word_1_37' title='bbox 1115 823 1204 897; x_wconf 89' lang='lat' dir='ltr'><strong>hanc</strong></span> <span class='ocrx_word' id='word_1_38' title='bbox 1228 847 1311 898; x_wconf 88' lang='lat' dir='ltr'><strong>cau-</strong></span> 
     </span>
     <span class='ocr_line' id='line_1_6' title="bbox 229 948 1310 1048; baseline -0.005 -21"><span class='ocrx_word' id='word_1_39' title='bbox 229 977 304 1028; x_wconf 90' lang='lat' dir='ltr'><strong>sam</strong></span> <span class='ocrx_word' id='word_1_40' title='bbox 324 955 420 1048; x_wconf 92' lang='lat' dir='ltr'><strong>ponit</strong></span> <span class='ocrx_word' id='word_1_41' title='bbox 440 975 503 1024; x_wconf 94' lang='lat' dir='ltr'><strong>cur</strong></span> <span class='ocrx_word' id='word_1_42' title='bbox 524 973 619 1045; x_wconf 89' lang='lat' dir='ltr'><strong>saepe</strong></span> <span class='ocrx_word' id='word_1_43' title='bbox 633 959 729 1023; x_wconf 91' lang='lat' dir='ltr'><strong>tonet</strong></span> <span class='ocrx_word' id='word_1_44' title='bbox 749 950 782 1020; x_wconf 94' lang='lat' dir='ltr'><strong>in</strong></span> <span class='ocrx_word' id='word_1_45' title='bbox 804 948 916 1022; x_wconf 88' lang='lat' dir='ltr'><strong>ltalia:</strong></span> <span class='ocrx_word' id='word_1_46' title='bbox 934 971 1015 1042; x_wconf 85' lang='lat' dir='ltr'><strong>quae</strong></span> <span class='ocrx_word' id='word_1_47' title='bbox 1033 950 1062 1022; x_wconf 90' lang='lat' dir='ltr'><strong>si</strong></span> <span class='ocrx_word' id='word_1_48' title='bbox 1079 949 1204 1023; x_wconf 89' lang='lat' dir='ltr'><strong>iterum</strong></span> <span class='ocrx_word' id='word_1_49' title='bbox 1225 972 1310 1022; x_wconf 91' lang='lat' dir='ltr'><strong>vera</strong></span> 
     </span>
     <span class='ocr_line' id='line_1_7' title="bbox 228 1072 1310 1169; baseline -0.005 -19"><span class='ocrx_word' id='word_1_50' title='bbox 228 1087 298 1162; x_wconf 92' lang='lat' dir='ltr'><strong>est,</strong></span> <span class='ocrx_word' id='word_1_51' title='bbox 318 1098 379 1169; x_wconf 94' lang='lat' dir='ltr'><strong>pro</strong></span> <span class='ocrx_word' id='word_1_52' title='bbox 399 1074 491 1146; x_wconf 91' lang='lat' dir='ltr'><strong>virili</strong></span> <span class='ocrx_word' id='word_1_53' title='bbox 514 1095 591 1146; x_wconf 90' lang='lat' dir='ltr'><strong>mea</strong></span> <span class='ocrx_word' id='word_1_54' title='bbox 608 1083 705 1166; x_wconf 89' lang='lat' dir='ltr'><strong>parte</strong></span> <span class='ocrx_word' id='word_1_55' title='bbox 722 1072 952 1144; x_wconf 91' lang='lat' dir='ltr'><strong>libentissime</strong></span> <span class='ocrx_word' id='word_1_56' title='bbox 975 1072 1198 1145; x_wconf 77' lang='lat' dir='ltr'>mobilitatem</span> <span class='ocrx_word' id='word_1_57' title='bbox 1220 1073 1310 1146; x_wconf 91' lang='lat' dir='ltr'><strong>hanc</strong></span> 
     </span>
     <span class='ocr_line' id='line_1_8' title="bbox 228 1193 1309 1294; baseline -0.006 -22"><span class='ocrx_word' id='word_1_58' title='bbox 228 1206 458 1294; x_wconf 79' lang='lat' dir='ltr'><strong>permutatam</strong></span> <span class='ocrx_word' id='word_1_59' title='bbox 481 1193 587 1267; x_wconf 91' lang='lat' dir='ltr'><strong>velim</strong></span> <span class='ocrx_word' id='word_1_60' title='bbox 620 1218 699 1268; x_wconf 89' lang='lat' dir='ltr'><strong>cum</strong></span> <span class='ocrx_word' id='word_1_61' title='bbox 733 1194 820 1287; x_wconf 93' lang='lat' dir='ltr'><strong>ipsis</strong></span> <span class='ocrx_word' id='word_1_62' title='bbox 852 1195 1024 1291; x_wconf 80' lang='lat' dir='ltr'><strong>AEgyptiis</strong></span> <span class='ocrx_word' id='word_1_63' title='bbox 1051 1203 1111 1268; x_wconf 89' lang='lat' dir='ltr'><strong>aut</strong></span> <span class='ocrx_word' id='word_1_64' title='bbox 1131 1194 1309 1280; x_wconf 89' lang='lat' dir='ltr'><strong>Hibernis,</strong></span> 
     </span>
     <span class='ocr_line' id='line_1_9' title="bbox 228 1317 1311 1415; baseline -0.006 -20"><span class='ocrx_word' id='word_1_65' title='bbox 228 1321 323 1415; x_wconf 89' lang='lat' dir='ltr'><strong>apud</strong></span> <span class='ocrx_word' id='word_1_66' title='bbox 342 1340 431 1414; x_wconf 89' lang='lat' dir='ltr'><strong>quos</strong></span> <span class='ocrx_word' id='word_1_67' title='bbox 452 1339 598 1413; x_wconf 89' lang='lat' dir='ltr'><strong>perraro</strong></span> <span class='ocrx_word' id='word_1_68' title='bbox 618 1317 723 1391; x_wconf 90' lang='lat' dir='ltr'><strong>etiam</strong></span> <span class='ocrx_word' id='word_1_69' title='bbox 755 1328 790 1389; x_wconf 91' lang='lat' dir='ltr'><strong>et</strong></span> <span class='ocrx_word' id='word_1_70' title='bbox 823 1317 948 1389; x_wconf 90' lang='lat' dir='ltr'><strong>leviter</strong></span> <span class='ocrx_word' id='word_1_71' title='bbox 969 1327 1103 1402; x_wconf 89' lang='lat' dir='ltr'><strong>tonare,</strong></span> <span class='ocrx_word' id='word_1_72' title='bbox 1125 1327 1162 1390; x_wconf 91' lang='lat' dir='ltr'><strong>et</strong></span> <span class='ocrx_word' id='word_1_73' title='bbox 1186 1317 1311 1412; x_wconf 90' lang='lat' dir='ltr'><strong>quide</strong></span> 
     </span>
     <span class='ocr_line' id='line_1_10' title="bbox 227 1436 1312 1536; baseline -0.002 -23"><span class='ocrx_word' id='word_1_74' title='bbox 227 1443 272 1515; x_wconf 90' lang='lat' dir='ltr'><strong>iis</strong></span> <span class='ocrx_word' id='word_1_75' title='bbox 293 1441 461 1525; x_wconf 87' lang='lat' dir='ltr'><strong>scribunt,</strong></span> <span class='ocrx_word' id='word_1_76' title='bbox 483 1440 594 1533; x_wconf 91' lang='lat' dir='ltr'><strong>etqui</strong></span> <span class='ocrx_word' id='word_1_77' title='bbox 615 1439 704 1512; x_wconf 76' lang='lat' dir='ltr'><strong>inde&#39;</strong></span> <span class='ocrx_word' id='word_1_78' title='bbox 717 1436 862 1510; x_wconf 84' lang='lat' dir='ltr'><strong>veniunt</strong></span> <span class='ocrx_word' id='word_1_79' title='bbox 880 1447 1063 1512; x_wconf 80' lang='lat' dir='ltr'><strong>testantur.</strong></span> <span class='ocrx_word' id='word_1_80' title='bbox 1085 1443 1120 1512; x_wconf 92' lang='lat' dir='ltr'><strong>Si</strong></span> <span class='ocrx_word' id='word_1_81' title='bbox 1143 1441 1312 1536; x_wconf 86' lang='lat' dir='ltr'><strong>(revertor</strong></span> 
     </span>
     <span class='ocr_line' id='line_1_11' title="bbox 228 1561 1311 1659; baseline -0.001 -23"><span class='ocrx_word' id='word_1_82' title='bbox 228 1563 386 1659; x_wconf 81' lang='lat' dir='ltr'><strong>Romam)</strong></span> <span class='ocrx_word' id='word_1_83' title='bbox 420 1585 491 1636; x_wconf 91' lang='lat' dir='ltr'><strong>non</strong></span> <span class='ocrx_word' id='word_1_84' title='bbox 522 1573 616 1636; x_wconf 90' lang='lat' dir='ltr'><strong>amat</strong></span> <span class='ocrx_word' id='word_1_85' title='bbox 647 1563 742 1634; x_wconf 90' lang='lat' dir='ltr'><strong>Deus</strong></span> <span class='ocrx_word' id='word_1_86' title='bbox 777 1561 956 1658; x_wconf 76' lang='lat' dir='ltr'><strong>Tarpeiam</strong></span> <span class='ocrx_word' id='word_1_87' title='bbox 991 1585 1124 1659; x_wconf 88' lang='lat' dir='ltr'><strong>rupem,</strong></span> <span class='ocrx_word' id='word_1_88' title='bbox 1159 1562 1311 1656; x_wconf 81' lang='lat' dir='ltr'><strong>gloriose</strong></span> 
     </span>
     <span class='ocr_line' id='line_1_12' title="bbox 227 1689 1198 1786; baseline -0.001 -25"><span class='ocrx_word' id='word_1_89' title='bbox 227 1689 450 1786; x_wconf 80' lang='lat' dir='ltr'><strong>Hieronymo,</strong></span> <span class='ocrx_word' id='word_1_90' title='bbox 472 1706 578 1783; x_wconf 88' lang='lat' dir='ltr'><strong>quam</strong></span> <span class='ocrx_word' id='word_1_91' title='bbox 600 1707 712 1781; x_wconf 88' lang='lat' dir='ltr'><strong>saepe,</strong></span> <span class='ocrx_word' id='word_1_92' title='bbox 735 1695 773 1756; x_wconf 91' lang='lat' dir='ltr'><strong>ut</strong></span> <span class='ocrx_word' id='word_1_93' title='bbox 792 1707 957 1759; x_wconf 88' lang='lat' dir='ltr'><strong>maroneo</strong></span> <span class='ocrx_word' id='word_1_94' title='bbox 980 1694 1057 1759; x_wconf 89' lang='lat' dir='ltr'><strong>utar</strong></span> <span class='ocrx_word' id='word_1_95' title='bbox 1077 1709 1198 1771; x_wconf 90' lang='lat' dir='ltr'><strong>versu,</strong></span> 
     </span>
    </p>
   </div>
   <div class='ocr_carea' id='block_1_3' title="bbox 431 1874 1102 1955">
    <p class='ocr_par' dir='ltr' id='par_1_3' title="bbox 431 1874 1102 1955">
     <span class='ocr_line' id='line_1_13' title="bbox 431 1874 1102 1955; baseline -0.003 -15"><span class='ocrx_word' id='word_1_96' title='bbox 431 1874 578 1940; x_wconf 81' lang='lat' dir='ltr'><strong>Fulminis</strong></span> <span class='ocrx_word' id='word_1_97' title='bbox 595 1874 711 1939; x_wconf 85' lang='lat' dir='ltr'><strong>afflavit</strong></span> <span class='ocrx_word' id='word_1_98' title='bbox 727 1874 828 1937; x_wconf 84' lang='lat' dir='ltr'><strong>ventis</strong></span> <span class='ocrx_word' id='word_1_99' title='bbox 845 1881 875 1939; x_wconf 89' lang='lat' dir='ltr'><strong>et</strong></span> <span class='ocrx_word' id='word_1_100' title='bbox 890 1875 1016 1954; x_wconf 74' lang='lat' dir='ltr'><strong>contigit</strong></span> <span class='ocrx_word' id='word_1_101' title='bbox 1033 1875 1102 1955; x_wconf 76' lang='lat' dir='ltr'><strong>igne</strong></span> 
     </span>
    </p>
   </div>
   <div class='ocr_carea' id='block_1_4' title="bbox 228 2057 1327 4229">
    <p class='ocr_par' dir='ltr' id='par_1_4' title="bbox 228 2057 1327 4229">
     <span class='ocr_line' id='line_1_14' title="bbox 229 2057 1310 2151; baseline -0.003 -20"><span class='ocrx_word' id='word_1_102' title='bbox 229 2060 343 2143; x_wconf 91' lang='lat' dir='ltr'><strong>liccat,</strong></span> <span class='ocrx_word' id='word_1_103' title='bbox 366 2079 427 2131; x_wconf 91' lang='lat' dir='ltr'><strong>oro</strong></span> <span class='ocrx_word' id='word_1_104' title='bbox 446 2066 661 2142; x_wconf 83' lang='lat' dir='ltr'><strong>reverenter,</strong></span> <span class='ocrx_word' id='word_1_105' title='bbox 684 2079 747 2150; x_wconf 94' lang='lat' dir='ltr'><strong>pro</strong></span> <span class='ocrx_word' id='word_1_106' title='bbox 772 2057 920 2129; x_wconf 90' lang='lat' dir='ltr'><strong>veritate</strong></span> <span class='ocrx_word' id='word_1_107' title='bbox 947 2065 1060 2129; x_wconf 90' lang='lat' dir='ltr'><strong>tecum</strong></span> <span class='ocrx_word' id='word_1_108' title='bbox 1087 2059 1251 2151; x_wconf 87' lang='lat' dir='ltr'><strong>colloqui,</strong></span> <span class='ocrx_word' id='word_1_109' title='bbox 1280 2061 1310 2130; x_wconf 91' lang='lat' dir='ltr'><strong>si</strong></span> 
     </span>
     <span class='ocr_line' id='line_1_15' title="bbox 228 2178 1313 2275; baseline -0.006 -19"><span class='ocrx_word' id='word_1_110' title='bbox 228 2205 300 2256; x_wconf 92' lang='lat' dir='ltr'><strong>non</strong></span> <span class='ocrx_word' id='word_1_111' title='bbox 319 2191 413 2254; x_wconf 89' lang='lat' dir='ltr'><strong>amat</strong></span> <span class='ocrx_word' id='word_1_112' title='bbox 432 2180 611 2275; x_wconf 89' lang='lat' dir='ltr'><strong>Tarpeiam</strong></span> <span class='ocrx_word' id='word_1_113' title='bbox 642 2201 764 2274; x_wconf 89' lang='lat' dir='ltr'><strong>rupem</strong></span> <span class='ocrx_word' id='word_1_114' title='bbox 791 2181 900 2262; x_wconf 78' lang='lat' dir='ltr'><strong>Beue,</strong></span> <span class='ocrx_word' id='word_1_115' title='bbox 927 2178 1104 2271; x_wconf 91' lang='lat' dir='ltr'><strong>quomodo</strong></span> <span class='ocrx_word' id='word_1_116' title='bbox 1129 2179 1176 2250; x_wconf 90' lang='lat' dir='ltr'><strong>ibi</strong></span> <span class='ocrx_word' id='word_1_117' title='bbox 1209 2188 1313 2272; x_wconf 90' lang='lat' dir='ltr'><strong>caput</strong></span> 
     </span>
     <span class='ocr_line' id='line_1_16' title="bbox 228 2300 1311 2395; baseline -0.001 -18"><span class='ocrx_word' id='word_1_118' title='bbox 228 2304 324 2377; x_wconf 92' lang='lat' dir='ltr'><strong>orbis</strong></span> <span class='ocrx_word' id='word_1_119' title='bbox 343 2324 424 2376; x_wconf 90' lang='lat' dir='ltr'><strong>esse</strong></span> <span class='ocrx_word' id='word_1_120' title='bbox 446 2303 596 2374; x_wconf 90' lang='lat' dir='ltr'><strong>voluerit</strong></span> <span class='ocrx_word' id='word_1_121' title='bbox 615 2302 718 2374; x_wconf 90' lang='lat' dir='ltr'><strong>valde</strong></span> <span class='ocrx_word' id='word_1_122' title='bbox 743 2301 865 2373; x_wconf 90' lang='lat' dir='ltr'><strong>miror:</strong></span> <span class='ocrx_word' id='word_1_123' title='bbox 890 2302 985 2393; x_wconf 93' lang='lat' dir='ltr'><strong>quod</strong></span> <span class='ocrx_word' id='word_1_124' title='bbox 1013 2300 1090 2395; x_wconf 93' lang='lat' dir='ltr'><strong>ipse</strong></span> <span class='ocrx_word' id='word_1_125' title='bbox 1123 2301 1206 2373; x_wconf 90' lang='lat' dir='ltr'><strong>mihi</strong></span> <span class='ocrx_word' id='word_1_126' title='bbox 1241 2325 1311 2376; x_wconf 93' lang='lat' dir='ltr'><strong>ncn</strong></span> 
     </span>
     <span class='ocr_line' id='line_1_17' title="bbox 229 2424 1314 2519; baseline 0 -21"><span class='ocrx_word' id='word_1_127' title='bbox 229 2425 451 2500; x_wconf 88' lang='lat' dir='ltr'><strong>inficiaberis.</strong></span> <span class='ocrx_word' id='word_1_128' title='bbox 478 2424 570 2510; x_wconf 90' lang='lat' dir='ltr'><strong>Quid</strong></span> <span class='ocrx_word' id='word_1_129' title='bbox 595 2446 681 2497; x_wconf 89' lang='lat' dir='ltr'><strong>vero</strong></span> <span class='ocrx_word' id='word_1_130' title='bbox 707 2425 756 2497; x_wconf 92' lang='lat' dir='ltr'><strong>sis</strong></span> <span class='ocrx_word' id='word_1_131' title='bbox 782 2445 1018 2517; x_wconf 90' lang='lat' dir='ltr'><strong>responsurus</strong></span> <span class='ocrx_word' id='word_1_132' title='bbox 1046 2424 1163 2497; x_wconf 89' lang='lat' dir='ltr'><strong>video:</strong></span> <span class='ocrx_word' id='word_1_133' title='bbox 1191 2449 1314 2519; x_wconf 91' lang='lat' dir='ltr'><strong>quam-</strong></span> 
     </span>
     <span class='ocr_line' id='line_1_18' title="bbox 229 2547 1312 2643; baseline -0.005 -20"><span class='ocrx_word' id='word_1_134' title='bbox 229 2548 349 2623; x_wconf 90' lang='lat' dir='ltr'><strong>obrem</strong></span> <span class='ocrx_word' id='word_1_135' title='bbox 372 2547 452 2622; x_wconf 91' lang='lat' dir='ltr'><strong>huic</strong></span> <span class='ocrx_word' id='word_1_136' title='bbox 473 2548 662 2643; x_wconf 90' lang='lat' dir='ltr'><strong>patrocinio</strong></span> <span class='ocrx_word' id='word_1_137' title='bbox 683 2570 751 2621; x_wconf 90' lang='lat' dir='ltr'><strong>non</strong></span> <span class='ocrx_word' id='word_1_138' title='bbox 778 2547 916 2619; x_wconf 92' lang='lat' dir='ltr'><strong>innitor.</strong></span> <span class='ocrx_word' id='word_1_139' title='bbox 942 2547 1028 2623; x_wconf 87' lang='lat' dir='ltr'><strong>Esto</strong></span> <span class='ocrx_word' id='word_1_140' title='bbox 1055 2547 1174 2639; x_wconf 77' lang='lat' dir='ltr'><strong>igitur:</strong></span> <span class='ocrx_word' id='word_1_141' title='bbox 1201 2547 1312 2621; x_wconf 91' lang='lat' dir='ltr'><strong>oderit</strong></span> 
     </span>
     <span class='ocr_line' id='line_1_19' title="bbox 230 2669 1313 2764; baseline 0 -22"><span class='ocrx_word' id='word_1_142' title='bbox 230 2673 325 2742; x_wconf 90' lang='lat' dir='ltr'><strong>Deus</strong></span> <span class='ocrx_word' id='word_1_143' title='bbox 350 2672 464 2744; x_wconf 90' lang='lat' dir='ltr'><strong>locum</strong></span> <span class='ocrx_word' id='word_1_144' title='bbox 490 2671 599 2756; x_wconf 90' lang='lat' dir='ltr'><strong>illum,</strong></span> <span class='ocrx_word' id='word_1_145' title='bbox 622 2669 682 2764; x_wconf 91' lang='lat' dir='ltr'><strong>qui</strong></span> <span class='ocrx_word' id='word_1_146' title='bbox 707 2669 775 2740; x_wconf 92' lang='lat' dir='ltr'><strong>nisi</strong></span> <span class='ocrx_word' id='word_1_147' title='bbox 801 2679 935 2741; x_wconf 88' lang='lat' dir='ltr'><strong>amaret</strong></span> <span class='ocrx_word' id='word_1_148' title='bbox 959 2670 1054 2741; x_wconf 91' lang='lat' dir='ltr'><strong>illum</strong></span> <span class='ocrx_word' id='word_1_149' title='bbox 1080 2671 1189 2756; x_wconf 87' lang='lat' dir='ltr'><strong>Deus,</strong></span> <span class='ocrx_word' id='word_1_150' title='bbox 1218 2679 1313 2742; x_wconf 91' lang='lat' dir='ltr'><strong>certe</strong></span> 
     </span>
     <span class='ocr_line' id='line_1_20' title="bbox 231 2790 1313 2885; baseline 0 -21"><span class='ocrx_word' id='word_1_151' title='bbox 231 2815 300 2865; x_wconf 95' lang='lat' dir='ltr'><strong>non</strong></span> <span class='ocrx_word' id='word_1_152' title='bbox 322 2801 445 2866; x_wconf 88' lang='lat' dir='ltr'><strong>staret:</strong></span> <span class='ocrx_word' id='word_1_153' title='bbox 467 2793 532 2868; x_wconf 90' lang='lat' dir='ltr'><strong>sed</strong></span> <span class='ocrx_word' id='word_1_154' title='bbox 552 2792 679 2878; x_wconf 89' lang='lat' dir='ltr'><strong>oderit,</strong></span> <span class='ocrx_word' id='word_1_155' title='bbox 707 2790 812 2885; x_wconf 92' lang='lat' dir='ltr'><strong>idque</strong></span> <span class='ocrx_word' id='word_1_156' title='bbox 829 2801 1044 2885; x_wconf 90' lang='lat' dir='ltr'><strong>compertum</strong></span> <span class='ocrx_word' id='word_1_157' title='bbox 1072 2793 1126 2864; x_wconf 90' lang='lat' dir='ltr'><strong>sit.</strong></span> <span class='ocrx_word' id='word_1_158' title='bbox 1153 2791 1207 2863; x_wconf 84' lang='lat' dir='ltr'><strong>An</strong></span> <span class='ocrx_word' id='word_1_159' title='bbox 1234 2793 1313 2864; x_wconf 92' lang='lat' dir='ltr'><strong>hinc</strong></span> 
     </span>
     <span class='ocr_line' id='line_1_21' title="bbox 231 2914 1327 3010; baseline -0.004 -22"><span class='ocrx_word' id='word_1_160' title='bbox 231 2931 348 2988; x_wconf 90' lang='lat' dir='ltr'><strong>tamen</strong></span> <span class='ocrx_word' id='word_1_161' title='bbox 380 2916 447 2989; x_wconf 92' lang='lat' dir='ltr'><strong>hoc</strong></span> <span class='ocrx_word' id='word_1_162' title='bbox 479 2916 590 3002; x_wconf 87' lang='lat' dir='ltr'><strong>elicis,</strong></span> <span class='ocrx_word' id='word_1_163' title='bbox 612 2915 706 3010; x_wconf 89' lang='lat' dir='ltr'><strong>quod</strong></span> <span class='ocrx_word' id='word_1_164' title='bbox 730 2937 810 2987; x_wconf 92' lang='lat' dir='ltr'><strong>eum</strong></span> <span class='ocrx_word' id='word_1_165' title='bbox 833 2914 1050 2989; x_wconf 81' lang='lat' dir='ltr'><strong>fulminando</strong></span> <span class='ocrx_word' id='word_1_166' title='bbox 1069 2915 1233 3010; x_wconf 87' lang='lat' dir='ltr'><strong>persequi</strong></span> <span class='ocrx_word' id='word_1_167' title='bbox 1262 2915 1327 2985; x_wconf 93' lang='lat' dir='ltr'><strong>vi-·</strong></span> 
     </span>
     <span class='ocr_line' id='line_1_22' title="bbox 232 3035 1313 3131; baseline -0.001 -21"><span class='ocrx_word' id='word_1_168' title='bbox 232 3061 293 3110; x_wconf 87' lang='lat' dir='ltr'><strong>sus</strong></span> <span class='ocrx_word' id='word_1_169' title='bbox 328 3039 395 3110; x_wconf 88' lang='lat' dir='ltr'><strong>sit‘l</strong></span> <span class='ocrx_word' id='word_1_170' title='bbox 426 3037 529 3123; x_wconf 82' lang='lat' dir='ltr'><strong>Vide,</strong></span> <span class='ocrx_word' id='word_1_171' title='bbox 564 3058 699 3131; x_wconf 90' lang='lat' dir='ltr'><strong>quaeso,</strong></span> <span class='ocrx_word' id='word_1_172' title='bbox 733 3037 930 3130; x_wconf 79' lang='lat' dir='ltr'><strong>argumenti</strong></span> <span class='ocrx_word' id='word_1_173' title='bbox 965 3035 1070 3110; x_wconf 90' lang='lat' dir='ltr'><strong>huius</strong></span> <span class='ocrx_word' id='word_1_174' title='bbox 1105 3036 1187 3108; x_wconf 92' lang='lat' dir='ltr'><strong>vim.</strong></span> <span class='ocrx_word' id='word_1_175' title='bbox 1226 3037 1313 3109; x_wconf 92' lang='lat' dir='ltr'><strong>Nolo</strong></span> 
     </span>
     <span class='ocr_line' id='line_1_23' title="bbox 229 3159 1312 3254; baseline 0 -22"><span class='ocrx_word' id='word_1_176' title='bbox 229 3159 392 3251; x_wconf 83' lang='lat' dir='ltr'><strong>exempla</strong></span> <span class='ocrx_word' id='word_1_177' title='bbox 405 3159 507 3248; x_wconf 81' lang='lat' dir='ltr'><strong>longe</strong></span> <span class='ocrx_word' id='word_1_178' title='bbox 522 3167 656 3249; x_wconf 91' lang='lat' dir='ltr'><strong>petere,</strong></span> <span class='ocrx_word' id='word_1_179' title='bbox 671 3180 735 3230; x_wconf 91' lang='lat' dir='ltr'><strong>nec</strong></span> <span class='ocrx_word' id='word_1_180' title='bbox 746 3168 891 3252; x_wconf 87' lang='lat' dir='ltr'><strong>oportet.</strong></span> <span class='ocrx_word' id='word_1_181' title='bbox 905 3161 1063 3233; x_wconf 88' lang='lat' dir='ltr'><strong>Proiecto</strong></span> <span class='ocrx_word' id='word_1_182' title='bbox 1083 3161 1113 3232; x_wconf 91' lang='lat' dir='ltr'><strong>si</strong></span> <span class='ocrx_word' id='word_1_183' title='bbox 1131 3161 1312 3254; x_wconf 89' lang='lat' dir='ltr'><strong>Tarpeiam</strong></span> 
     </span>
     <span class='ocr_line' id='line_1_24' title="bbox 231 3281 1311 3375; baseline 0 -22"><span class='ocrx_word' id='word_1_184' title='bbox 231 3301 352 3375; x_wconf 89' lang='lat' dir='ltr'><strong>rupem</strong></span> <span class='ocrx_word' id='word_1_185' title='bbox 385 3300 455 3351; x_wconf 96' lang='lat' dir='ltr'><strong>non</strong></span> <span class='ocrx_word' id='word_1_186' title='bbox 489 3287 584 3351; x_wconf 89' lang='lat' dir='ltr'><strong>amat</strong></span> <span class='ocrx_word' id='word_1_187' title='bbox 615 3281 709 3350; x_wconf 90' lang='lat' dir='ltr'><strong>Deus</strong></span> <span class='ocrx_word' id='word_1_188' title='bbox 743 3303 849 3373; x_wconf 91' lang='lat' dir='ltr'><strong>quam</strong></span> <span class='ocrx_word' id='word_1_189' title='bbox 883 3281 1092 3365; x_wconf 82' lang='lat' dir='ltr'><strong>fulminavit,</strong></span> <span class='ocrx_word' id='word_1_190' title='bbox 1121 3303 1311 3375; x_wconf 89' lang='lat' dir='ltr'><strong>quamque,</strong></span> 
     </span>
     <span class='ocr_line' id='line_1_25' title="bbox 231 3399 1314 3498; baseline -0.001 -24"><span class='ocrx_word' id='word_1_191' title='bbox 231 3401 326 3497; x_wconf 92' lang='lat' dir='ltr'><strong>quod</strong></span> <span class='ocrx_word' id='word_1_192' title='bbox 346 3402 460 3498; x_wconf 85' lang='lat' dir='ltr'><strong>aptius</strong></span> <span class='ocrx_word' id='word_1_193' title='bbox 481 3400 592 3475; x_wconf 88' lang='lat' dir='ltr'><strong>divini</strong></span> <span class='ocrx_word' id='word_1_194' title='bbox 609 3399 680 3474; x_wconf 92' lang='lat' dir='ltr'><strong>cdii</strong></span> <span class='ocrx_word' id='word_1_195' title='bbox 701 3401 839 3492; x_wconf 78' lang='lat' dir='ltr'><strong>signum</strong></span> <span class='ocrx_word' id='word_1_196' title='bbox 858 3411 991 3493; x_wconf 91' lang='lat' dir='ltr'><strong>putem,</strong></span> <span class='ocrx_word' id='word_1_197' title='bbox 1010 3402 1054 3474; x_wconf 90' lang='lat' dir='ltr'><strong>de</strong></span> <span class='ocrx_word' id='word_1_198' title='bbox 1075 3403 1188 3496; x_wconf 91' lang='lat' dir='ltr'><strong>capite</strong></span> <span class='ocrx_word' id='word_1_199' title='bbox 1205 3413 1314 3474; x_wconf 90' lang='lat' dir='ltr'><strong>terra-</strong></span> 
     </span>
     <span class='ocr_line' id='line_1_26' title="bbox 232 3521 1313 3618; baseline 0 -23"><span class='ocrx_word' id='word_1_200' title='bbox 232 3548 308 3596; x_wconf 91' lang='lat' dir='ltr'><strong>rum</strong></span> <span class='ocrx_word' id='word_1_201' title='bbox 329 3523 425 3598; x_wconf 90' lang='lat' dir='ltr'><strong>orbis</strong></span> <span class='ocrx_word' id='word_1_202' title='bbox 449 3527 622 3598; x_wconf 88' lang='lat' dir='ltr'><strong>latronum</strong></span> <span class='ocrx_word' id='word_1_203' title='bbox 656 3524 912 3618; x_wconf 81' lang='lat' dir='ltr'><strong>receptaculum</strong></span> <span class='ocrx_word' id='word_1_204' title='bbox 947 3521 1023 3594; x_wconf 87' lang='lat' dir='ltr'><strong>lieri</strong></span> <span class='ocrx_word' id='word_1_205' title='bbox 1057 3543 1150 3614; x_wconf 87' lang='lat' dir='ltr'><strong>saepe</strong></span> <span class='ocrx_word' id='word_1_206' title='bbox 1184 3524 1313 3595; x_wconf 91' lang='lat' dir='ltr'><strong>nostris</strong></span> 
     </span>
     <span class='ocr_line' id='line_1_27' title="bbox 231 3646 1315 3745; baseline -0.006 -24"><span class='ocrx_word' id='word_1_207' title='bbox 231 3671 371 3742; x_wconf 91' lang='lat' dir='ltr'><strong>quoque</strong></span> <span class='ocrx_word' id='word_1_208' title='bbox 393 3647 605 3745; x_wconf 91' lang='lat' dir='ltr'><strong>temporibus</strong></span> <span class='ocrx_word' id='word_1_209' title='bbox 626 3666 754 3741; x_wconf 91' lang='lat' dir='ltr'><strong>passus</strong></span> <span class='ocrx_word' id='word_1_210' title='bbox 775 3656 843 3728; x_wconf 88' lang='lat' dir='ltr'><strong>est,</strong></span> <span class='ocrx_word' id='word_1_211' title='bbox 868 3655 904 3714; x_wconf 89' lang='lat' dir='ltr'><strong>at</strong></span> <span class='ocrx_word' id='word_1_212' title='bbox 925 3647 1044 3716; x_wconf 89' lang='lat' dir='ltr'><strong>saltem</strong></span> <span class='ocrx_word' id='word_1_213' title='bbox 1068 3666 1171 3715; x_wconf 90' lang='lat' dir='ltr'><strong>suum</strong></span> <span class='ocrx_word' id='word_1_214' title='bbox 1188 3646 1315 3715; x_wconf 89' lang='lat' dir='ltr'><strong>latera-</strong></span> 
     </span>
     <span class='ocr_line' id='line_1_28' title="bbox 232 3763 1313 3858; baseline -0.002 -20"><span class='ocrx_word' id='word_1_215' title='bbox 232 3791 340 3842; x_wconf 91' lang='lat' dir='ltr'><strong>nense</strong></span> <span class='ocrx_word' id='word_1_216' title='bbox 360 3769 584 3853; x_wconf 88' lang='lat' dir='ltr'><strong>domicilium,</strong></span> <span class='ocrx_word' id='word_1_217' title='bbox 607 3778 643 3839; x_wconf 89' lang='lat' dir='ltr'><strong>at</strong></span> <span class='ocrx_word' id='word_1_218' title='bbox 663 3770 785 3839; x_wconf 90' lang='lat' dir='ltr'><strong>saltem</strong></span> <span class='ocrx_word' id='word_1_219' title='bbox 807 3763 960 3858; x_wconf 80' lang='lat' dir='ltr'><strong>Virginis</strong></span> <span class='ocrx_word' id='word_1_220' title='bbox 980 3765 1102 3836; x_wconf 88' lang='lat' dir='ltr'><strong>Matris</strong></span> <span class='ocrx_word' id='word_1_221' title='bbox 1119 3776 1153 3836; x_wconf 93' lang='lat' dir='ltr'><strong>et</strong></span> <span class='ocrx_word' id='word_1_222' title='bbox 1171 3786 1313 3837; x_wconf 89' lang='lat' dir='ltr'><strong>suorum</strong></span> 
     </span>
     <span class='ocr_line' id='line_1_29' title="bbox 232 3885 1314 3985; baseline -0.005 -22"><span class='ocrx_word' id='word_1_223' title='bbox 232 3891 356 3964; x_wconf 89' lang='lat' dir='ltr'><strong>domos</strong></span> <span class='ocrx_word' id='word_1_224' title='bbox 377 3890 623 3985; x_wconf 87' lang='lat' dir='ltr'><strong>Apostolorum</strong></span> <span class='ocrx_word' id='word_1_225' title='bbox 645 3898 752 3973; x_wconf 89' lang='lat' dir='ltr'><strong>amat,</strong></span> <span class='ocrx_word' id='word_1_226' title='bbox 774 3888 903 3982; x_wconf 89' lang='lat' dir='ltr'><strong>quibus</strong></span> <span class='ocrx_word' id='word_1_227' title='bbox 930 3909 974 3958; x_wconf 92' lang='lat' dir='ltr'><strong>an</strong></span> <span class='ocrx_word' id='word_1_228' title='bbox 999 3885 1192 3980; x_wconf 89' lang='lat' dir='ltr'><strong>pepercerit</strong></span> <span class='ocrx_word' id='word_1_229' title='bbox 1217 3885 1314 3958; x_wconf 90' lang='lat' dir='ltr'><strong>vide·</strong></span> 
     </span>
     <span class='ocr_line' id='line_1_30' title="bbox 233 4009 1314 4103; baseline -0.003 -19"><span class='ocrx_word' id='word_1_230' title='bbox 233 4035 321 4085; x_wconf 91' lang='lat' dir='ltr'><strong>mus.</strong></span> <span class='ocrx_word' id='word_1_231' title='bbox 336 4014 544 4086; x_wconf 89' lang='lat' dir='ltr'><strong>Lateranum</strong></span> <span class='ocrx_word' id='word_1_232' title='bbox 562 4023 681 4085; x_wconf 91' lang='lat' dir='ltr'><strong>nostra</strong></span> <span class='ocrx_word' id='word_1_233' title='bbox 699 4021 803 4085; x_wconf 81' lang='lat' dir='ltr'><strong>aetate</strong></span> <span class='ocrx_word' id='word_1_234' title='bbox 820 4009 969 4083; x_wconf 88' lang='lat' dir='ltr'><strong>flammis</strong></span> <span class='ocrx_word' id='word_1_235' title='bbox 984 4009 1206 4103; x_wconf 90' lang='lat' dir='ltr'><strong>absumptum</strong></span> <span class='ocrx_word' id='word_1_236' title='bbox 1222 4031 1314 4081; x_wconf 89' lang='lat' dir='ltr'><strong>nunc</strong></span> 
     </span>
     <span class='ocr_line' id='line_1_31' title="bbox 232 4131 1314 4229; baseline -0.003 -23"><span class='ocrx_word' id='word_1_237' title='bbox 232 4136 336 4208; x_wconf 90' lang='lat' dir='ltr'><strong>ctiam</strong></span> <span class='ocrx_word' id='word_1_238' title='bbox 364 4139 472 4210; x_wconf 89' lang='lat' dir='ltr'><strong>multo</strong></span> <span class='ocrx_word' id='word_1_239' title='bbox 501 4133 619 4207; x_wconf 90' lang='lat' dir='ltr'><strong>labore</strong></span> <span class='ocrx_word' id='word_1_240' title='bbox 648 4134 849 4229; x_wconf 88' lang='lat' dir='ltr'><strong>infinitaque</strong></span> <span class='ocrx_word' id='word_1_241' title='bbox 879 4131 1033 4212; x_wconf 87' lang='lat' dir='ltr'><strong>relicitur</strong></span> <span class='ocrx_word' id='word_1_242' title='bbox 1053 4133 1220 4229; x_wconf 88' lang='lat' dir='ltr'><strong>impensa.</strong></span> <span class='ocrx_word' id='word_1_243' title='bbox 1245 4133 1314 4203; x_wconf 91' lang='lat' dir='ltr'><strong>Ve-</strong></span> 
     </span>
    </p>
   </div>
   <div class='ocr_carea' id='block_1_5' title="bbox 0 0 1552 4798">
    <p class='ocr_par' dir='ltr' id='par_1_5' title="bbox 0 0 1552 4798">
     <span class='ocr_line' id='line_1_32' title="bbox 0 0 1552 4798; baseline 0 0"><span class='ocrx_word' id='word_1_244' title='bbox 0 0 1552 4798; x_wconf 95' lang='lat' dir='ltr'><strong> </strong></span> 
     </span>
    </p>
   </div>
  </div>
 </body>
</html>
