3078 4798
298 393 357 453 310
634 403 675 449 ne
696 382 797 452 nanus
818 402 1042 452 rsuumnmus

299 535 383 608 nibil
403 535 517 628 agitis.
540 533 642 618 Quod
661 545 778 606 autem
799 534 921 606 attinet
940 534 987 606 ad
1006 553 1087 619 vos,
1109 536 1176 608 boc
1197 558 1313 608 unum
1337 537 1392 609 di-

299 660 422 732 xerim.
461 661 538 752 Ego
571 657 713 751 quidem
746 679 767 728 e
795 656 934 730 duobus
972 651 1221 750 rempublicam
1262 671 1391 732 nostra

299 794 403 856 aetate
427 780 693 876 capessentibus
726 780 825 852 alteri
859 782 967 852 multa
997 778 1151 872 quidem,
1175 780 1276 852 alteri
1299 781 1390 852 nihil

301 906 438 998 scripsi,
454 926 496 977 eo
517 905 613 997 quod
632 925 688 976 me
705 903 761 975 iiie
777 903 813 974 in
833 923 1012 994 magnam,
1026 903 1107 976 licet
1119 913 1406 998 praematuram,¹

300 1029 357 1101 hic
370 1029 405 1100 in
418 1029 548 1102 nullam
562 1027 702 1120 penitus
716 1047 815 1120 spem
827 1024 975 1119 induxit.
986 1025 1061 1095 Tibi
1075 1047 1161 1098 vero
1174 1026 1204 1098 si
1218 1034 1386 1118 praestas

301 1152 332 1224 si
352 1151 518 1243 anguium
540 1148 640 1221 sibila
660 1148 842 1242 minasque
855 1171 925 1222 uon
938 1147 1080 1232 metuiS,
1102 1149 1210 1218 muita
1230 1155 1268 1218 et
1285 1149 1387 1220 varia

301 1295 366 1345 suo
384 1282 538 1364 tempore
555 1270 778 1364 parturienda
798 1269 965 1363 concipio.
982 1269 1082 1340 Nunc
1099 1267 1183 1342 iuud
1201 1272 1387 1342 monuisse

300 1394 462 1479 sufficiat,
485 1394 550 1467 boc
570 1379 637 1466 iter
652 1393 823 1486 ingressis
840 1414 942 1486 aeque
959 1405 1132 1485 torporem
1152 1413 1194 1463 ac
1206 1394 1384 1466 fervorem

299 1519 446 1591 nimium
472 1517 649 1600 nocuisse3
679 1516 790 1588 babes
819 1515 869 1586 rei
901 1514 1082 1606 utriusque
1102 1514 1313 1601 domestica,
1337 1515 1384 1586 si-

299 1642 441 1734 mulque
462 1640 615 1712 recentia
635 1640 795 1732 exempla
829 1636 898 1710 sub
925 1636 1046 1708 oculis.
1075 1615 1189 1720 Quod·
1206 1636 1316 1728 igitur
1336 1638 1383 1710 ait

299 1762 407 1834 Naso:
429 1761 534 1832 medio
556 1761 734 1832 tutissimus
752 1760 825 1830 itis.
847 1761 944 1844 Vale,
959 1767 1086 1830 etcum
1105 1758 1153 1829 sis
1172 1758 1239 1844 vir,
1268 1762 1324 1832 fac
1345 1769 1382 1831 ut
1450 1763 1452 1772 ’

252 1937 256 1947 .
300 1886 356 1955 vir
373 1906 554 1978 appareas.

799 2084 878 2093 -——-

724 2306 904 2387 uersuum
924 2321 957 2386 ss.

311 2465 314 2476 Ι
380 2508 574 2560 uusuctscus
596 2509 765 2560 Puuunuct
785 2508 961 2560 Fuuucusco
982 2508 1090 2560 rmum
1110 2509 1303 2560 succuditur!

648 2614 881 2664 APOSTOLORUH
902 2613 928 2662 S.
950 2614 978 2664 Ρ.
1000 2614 1030 2664 D.

342 2773 443 2831 Narrat
457 2792 486 2830 se
500 2775 673 2830 Valleelausa
685 2774 857 2845 digressum,
872 2773 972 2847 pedem
988 2773 1063 2828 unde
1078 2772 1226 2830 diverterat
1243 2773 1346 2830 referre

415 2861 561 2930 debuisse,
577 2861 669 2934 ibique
685 2861 854 2916 consistendi
868 2861 923 2918 iam
939 2861 991 2918 sibi
1006 2861 1179 2934 propositum
1193 2877 1263 2918 ease.

398 3101 477 3170 Nox
510 3099 616 3170 babet
634 3099 831 3172 consilium:
862 3111 967 3176 vetus
1000 3113 1056 3176 est
1086 3100 1250 3187 uerbum,
1284 3113 1321 3174 et
1344 3113 1379 3174 ut

298 3222 476 3318 experior,
500 3244 635 3295 verum.
657 3221 713 3296 Ad
737 3226 867 3298 fontem
885 3225 1018 3317 Sorgiae
1044 3224 1247 3318 compositis
1274 3225 1379 3302 sarci-

298 3346 390 3418 nulis
411 3367 501 3440 quas
522 3345 589 3418 boc
609 3355 764 3440 tempore
786 3349 889 3420 valde
909 3369 1007 3441 saepe
1027 3347 1245 3432 circumfero,
1262 3371 1379 3422 move-

300 3492 373 3542 ram
396 3468 475 3541 inde
497 3470 543 3541 ad
562 3469 642 3541 XVI
660 3469 835 3541 Kalendas
861 3467 1058 3542 decembris
1084 3468 1231 3542 hiberno
1256 3489 1379 3542 sereno

300 3593 402 3678 fisus,
435 3616 506 3687 quo
539 3592 624 3664 nihii
656 3592 924 3678 inconstantius,
959 3592 1043 3664 nibil
1076 3592 1253 3664 incertius.
1277 3593 1379 3686 Spem

299 3715 416 3799 dabat,
438 3716 534 3809 quod
552 3738 616 3811 per
638 3725 843 3788 autumnum
875 3725 910 3788 et
939 3724 1062 3811 postea
1094 3716 1140 3788 ad
1172 3736 1254 3788 eum
1288 3713 1379 3786 diem

300 3841 405 3910 nullae
429 3839 554 3921 nubes,
590 3861 633 3910 ne
665 3840 779 3912 dicam
811 3837 941 3932 pluviae
967 3839 1054 3910 visre
1078 3847 1189 3910 erant.
1216 3837 1381 3910 Terrebat

299 3960 521 4034 notissimum
542 3963 650 4034 iatum
674 3983 808 4048 meum,
837 3961 932 4056 quod
955 3971 1010 4034 est
1043 3972 1082 4034 ut
1116 3961 1191 4034 sine
1211 3970 1305 4032 aestu
1325 3962 1380 4032 vel

263 4141 276 4170 ,
300 4080 471 4170 imbribus
492 4107 561 4155 non
581 4107 676 4156 eam:
691 4093 727 4158 et
744 4085 953 4156 simillimum
969 4083 1042 4158 veri
1056 4094 1132 4157 erat
1145 4085 1272 4156 coeium
1285 4081 1381 4176 quod

300 4200 518 4275 continuerat
550 4208 761 4279 refusurum.
796 4208 887 4294 Quid
923 4211 1115 4302 expectas?
1148 4207 1219 4278 Vix
1255 4207 1379 4300 pedem
