2988 4800
565 275 605 320 DE
628 274 727 320 laeuus
749 274 972 321 Filulnlhaluus

651 570 829 633 EPISTULA
851 571 881 632 ll.

280 762 473 810 FRANCISCUS
496 764 664 811 pernhach
686 764 823 812 niculae
845 764 1014 811 auditione
1035 765 1130 812 REGNI
1153 766 1254 814 SICULl

520 870 629 917 MAGNO
651 869 854 917 SENESChLCO
876 869 901 917 S.
925 870 952 916 P.
975 870 1004 916 D.

274 1045 428 1098 hlumnum
451 1043 509 1096 eius
533 1059 618 1112 regno
642 1043 761 1113 potitum
785 1043 953 1112 gratulatur:
980 1048 1007 1096 et
1029 1043 1109 1097 illurn
1132 1047 1258 1102 moribus

281 1135 456 1205 artibusque,
474 1151 536 1204 quae
551 1150 644 1202 regem
660 1133 779 1186 maxime
794 1132 905 1200 decent,
922 1131 1129 1188 informandum
1144 1137 1252 1190 suadet.

323 1393 394 1462 lam
417 1391 564 1475 tandem,
588 1393 642 1462 vir
662 1393 861 1476 clarissime,
881 1393 1062 1486 perfidiam
1077 1393 1172 1478 fides,
1193 1397 1308 1466 avari-

226 1519 307 1589 tiam
329 1516 486 1606 largitas,
511 1517 709 1608 superbiam
736 1516 818 1586 vicit
844 1517 1034 1587 humilitas:
1060 1517 1130 1586 iam
1156 1518 1307 1588 charitas

226 1641 319 1724 odio,
340 1639 539 1734 desperatio
566 1639 641 1730 spei
675 1639 794 1722 cessit,
817 1638 1088 1732 perseverantiae
1108 1637 1306 1711 difficultas.

228 1767 296 1834 lam
322 1764 388 1833 sub
405 1764 529 1833 malleo
550 1762 708 1833 veritatis
730 1762 891 1854 pertinax
912 1762 1130 1833 mendacium
1154 1775 1191 1832 et
1211 1785 1309 1833 men-

226 1888 297 1958 dax
317 1887 502 1958 obstinatio
523 1885 614 1956 votis
636 1884 704 1956 tuis
726 1884 938 1956 obstantium
956 1888 1063 1955 tracta
1080 1897 1144 1956 est.
1165 1886 1309 1957 Immor-

227 2015 295 2082 tale
312 2009 442 2080 bellum
460 2019 515 2080 est
537 2009 625 2079 inter
646 2008 814 2103 invidiam
832 2018 867 2078 et
888 2007 1052 2098 gloriam,
1075 2007 1166 2078 inter
1186 2009 1309 2100 nequi-

226 2135 308 2204 tiam
329 2144 364 2203 et
384 2132 560 2205 virtutem.
583 2133 719 2203 Gratias
741 2131 789 2201 illi
811 2131 870 2225 qui
893 2141 947 2202 est
968 2130 1120 2200 domiuus
1147 2131 1308 2200 virtutum

227 2269 256 2326 ct
287 2279 352 2326 reae
383 2259 512 2346 pterim,
534 2257 642 2349 quod,
665 2278 706 2326 eo
740 2257 842 2339 duce,
871 2255 905 2323 in
931 2254 1096 2350 praesenti
1116 2255 1305 2327 certamine

226 2381 318 2450 victa
339 2389 437 2472 parte
457 2379 657 2461 deterrima,
677 2380 776 2450 cuius
796 2401 890 2470 saepe
908 2378 1118 2450 contrarium
1135 2379 1305 2460 videmus,

227 2503 356 2595 optima
377 2525 456 2594 pars
479 2503 677 2596 triumphat.
697 2502 785 2572 Ecce
805 2525 895 2572 nnnc
918 2501 1017 2572 unica
1038 2511 1097 2572 tna
1117 2525 1208 2584 cura,
1232 2503 1306 2592 glo

227 2623 414 2695 riosissimi
435 2624 538 2694 Siculi
560 2624 653 2716 regis
676 2635 814 2707 verton,
848 2633 993 2716 negatos
1014 2626 1174 2710 honores
1197 2625 1305 2695 invito

228 2746 352 2831 livore,
377 2746 553 2840 suscipiet.
583 2746 740 2818 Peccator
767 2745 887 2816 videbit
910 2759 940 2816 ct
962 2750 1133 2832 irascetur,
1156 2746 1307 2818 dentibus

227 2874 294 2942 sats
310 2877 426 2963 fremet
443 2884 474 2941 et
491 2874 639 2941 tabescet.
658 2872 735 2964 Ipse
754 2880 870 2943 autem
889 2873 990 2944 solito
1007 2872 1202 2964 augustior,
1218 2874 1307 2943 mul-

228 3003 371 3086 tumque
394 2994 549 3065 serenior
569 2995 663 3065 avito
685 2995 770 3066 solio
788 2996 958 3080 residens
978 2997 1089 3090 pulsis
1106 2997 1205 3067 Latio
1222 3017 1306 3067 moe-

228 3115 332 3187 stitiae
352 3115 505 3186 nubibus
531 3128 636 3209 atque
660 3118 832 3189 imbribus
849 3120 1081 3202 lacrimarum,
1104 3119 1224 3190 orbem
1246 3140 1306 3188 no-

228 3251 338 3309 strum
359 3241 472 3310 fronte
494 3239 631 3312 siderea
656 3252 692 3312 et
717 3242 867 3313 stellanti
893 3240 1088 3313 diademate
1115 3241 1304 3325 serenabit,

227 3371 382 3454 ereptam
404 3362 592 3434 restituens
614 3387 721 3456 regno
739 3387 859 3456 pacem
877 3365 1228 3457 tranquillitatemque
1246 3386 1306 3456 po-

226 3486 317 3580 pulis
341 3495 552 3580 exoptatam.
579 3489 617 3557 ln
643 3509 747 3580 quam
782 3510 870 3572 rem,
906 3496 945 3557 ut
976 3487 1085 3558 fecisti
1114 3489 1303 3569 hactenus,

228 3609 358 3680 mundo
378 3608 598 3679 notissimum
621 3619 719 3680 tunm
741 3611 824 3681 illud
845 3610 1011 3681 ostendes
1033 3609 1224 3702 ingenium,
1247 3629 1306 3678 eo-

227 3755 296 3822 que
313 3732 527 3824 vigilantius
550 3754 619 3824 quo
640 3731 780 3804 maioris
801 3743 856 3803 est
876 3732 988 3803 laudis
1014 3733 1107 3803 iuste
1132 3732 1305 3802 modeste-

226 3875 294 3944 que
315 3877 463 3944 regnum
485 3877 616 3946 regere,
633 3877 737 3946 quam
755 3855 900 3925 feliciter
917 3854 1071 3950 adipisci.
1086 3856 1185 3926 Nunc
1199 3853 1306 3946 siqui-

225 3972 304 4043 dem
327 3985 464 4071 tempus
484 3987 539 4048 est
560 3987 596 4048 nt
617 3999 739 4048 omnes
760 3978 864 4047 animi
886 3979 934 4048 tui
956 3978 1050 4049 vires
1073 3977 1229 4068 colligas,
1253 3985 1304 4047 at-

225 4117 294 4188 que
316 4096 516 4188 ingentibus
539 4100 687 4190 negotiis
706 4100 906 4190 accingaris.
931 4101 1022 4170 Nihil
1042 4112 1096 4172 est
1117 4109 1247 4184 actum,
1276 4100 1304 4168 si
