2958 4804
302 451 308 459 ·
398 375 490 424 uranu
512 375 1006 426 nuonsciuns,-ur1srounxv.
1171 363 1226 426 acl

162 513 283 597 sentio,
298 535 403 606 quam
422 512 563 585 minime
581 513 697 598 velim,
717 513 906 585 adulatoris
923 511 1075 605 effigiem
1093 534 1233 596 vereor;

162 635 189 704 si
207 635 337 720 minue,
360 634 498 727 ingrati;
526 636 553 708 si
576 637 681 720 aliud,
704 637 890 720 dementis;
910 637 939 708 si
959 637 1058 722 nihil,
1082 635 1233 730 superbi.

160 757 390 850 Respondebo
410 769 524 830 tamen
542 781 584 831 eo
608 761 684 854 ipso
710 783 955 854 sermoneque
977 760 1114 854 scriptae
1137 769 1232 842 sunt,

159 888 193 950 et
207 879 255 948 illi
271 878 411 972 quidem
443 880 537 973 quod
568 889 737 954 occurret.
761 880 835 952 Tibi
857 881 902 953 de
922 881 1045 952 litteris
1069 881 1141 952 suis
1168 880 1234 952 hoc

159 1025 280 1074 unum:
299 1002 394 1086 nihil,
416 1025 471 1074 me
492 1002 617 1088 iudice,
650 1004 811 1090 suavius,
845 1005 930 1075 nihil
963 1003 1120 1088 brevius
1148 1001 1233 1073 nihil

156 1123 346 1210 efficacius,
369 1126 454 1197 nihil
474 1125 654 1198 urbanius:
674 1137 712 1198 ut
727 1127 870 1200 dubium
890 1125 973 1198 mihi
992 1127 1020 1196 si
1039 1126 1132 1219 quod
1152 1133 1233 1197 ante

158 1250 292 1334 luisset,
315 1250 419 1322 hodie
451 1252 582 1321 nullum
605 1250 663 1336 sit,
686 1271 813 1342 magna
833 1272 880 1321 ex
906 1259 1004 1343 parte
1031 1246 1233 1319 naturaliter

155 1373 386 1465 eloquentiam
408 1373 537 1458 inesse,
565 1373 810 1466 aliquantoque
830 1373 865 1442 in
885 1371 951 1443 hac
970 1392 1075 1464 quam
1097 1371 1132 1440 in
1153 1368 1233 1440 reli-

157 1493 234 1584 quis
257 1495 374 1567 studio
391 1497 506 1567 minus
527 1497 596 1588 agi:
619 1496 681 1568 sed
701 1517 769 1566 non
789 1517 898 1588 parva
918 1494 1066 1587 quaestio
1083 1501 1150 1575 est,
1169 1513 1233 1563 nec

158 1617 262 1689 huius
281 1618 445 1713 temporis
468 1629 529 1691 aut
548 1618 622 1690 loci.
646 1617 700 1689 nd
726 1619 858 1690 litteras
888 1629 965 1689 tuas
996 1615 1108 1689 venio.
1131 1615 1231 1698 Quod

157 1738 428 1813 admonitionem
446 1763 556 1813 meam
577 1763 682 1836 super
694 1742 824 1834 exiguo
844 1751 880 1812 et
896 1741 991 1813 haud
1010 1741 1117 1813 dubie
1134 1739 1232 1811 inad-

157 1871 334 1935 vertenter
358 1863 512 1937 admisso
533 1865 636 1936 unius
656 1865 705 1936 tui
725 1864 889 1937 carminis
912 1863 1050 1936 delectu
1070 1873 1139 1935 tam
1162 1885 1231 1935 non

158 1987 261 2061 modo
293 1987 463 2081 patienter
495 1988 728 2081 amplecteris,
764 1986 828 2059 sed
861 1997 1038 2078 gratanter
1062 1986 1165 2058 eliam
1192 2007 1232 2056 ac

157 2109 253 2195 laete,
276 2109 377 2192 iacis,
401 2119 439 2181 ut
460 2111 565 2193 soles,
586 2110 680 2202 quod
703 2113 771 2181 tale
796 2110 897 2181 decet
922 2108 1114 2200 ingenium,
1139 2107 1231 2179 docti

154 2241 190 2302 et
201 2230 351 2303 modesti
368 2229 472 2302 animi
490 2231 708 2302 notissimum
728 2230 864 2322 signum
879 2230 1032 2322 praefers.
1046 2229 1229 2320 Nunquam

155 2356 310 2448 prolecto
330 2355 387 2424 vel
408 2363 446 2424 tn
466 2351 559 2426 istud
582 2353 733 2435 diceneo,
756 2351 822 2424 nisi
849 2373 949 2423 esses
970 2349 1062 2453 talis
1081 2351 1138 2419 vel
1163 2369 1231 2439 ego

154 2478 237 2549 illud
250 2474 502 2561 meminissem,
518 2476 584 2546 nisi
606 2485 639 2548 te
661 2476 764 2546 talem
782 2474 917 2545 scirem.
932 2473 971 2544 ln
983 2493 1024 2544 eo
1039 2493 1123 2543 sane
1136 2472 1230 2564 quod

153 2609 186 2670 te
211 2621 330 2670 rerum
352 2619 508 2670 mearum
532 2598 749 2670 defensorem
771 2619 812 2669 ao
837 2617 1033 2690 praeconem
1059 2595 1230 2680 exhibes,

154 2745 227 2793 rem
248 2721 335 2792 facis
355 2721 490 2792 etmihi
511 2721 744 2792 necessariam
771 2731 806 2792 et
832 2720 1011 2791 honestam
1033 2718 1114 2802 tihi,
1144 2719 1228 2803 sed,

154 2843 237 2914 mihi
273 2842 386 2927 crede,
417 2863 487 2912 non
520 2841 663 2913 laoilem.
698 2843 843 2914 Multum
871 2841 1005 2934 negocii
1031 2840 1143 2912 subis:
1167 2840 1230 2911 sed

155 2988 273 3058 perge,
293 2987 429 3060 quaeso,
451 2976 487 3037 et
507 2964 553 3037 ita
573 2968 641 3037 lac:
662 2965 824 3059 quamvis
844 2965 936 3037 enirn
960 2976 997 3037 tn
1019 2957 1228 3036 contrarium

151 3085 264 3171 dicas,
286 3095 334 3171 et,
353 3084 516 3179 quoniam
536 3107 725 3179 persuasor
746 3087 899 3181 optimus
916 3097 972 3159 est
997 3108 1114 3170 amor,
1141 3087 1231 3158 forte

150 3210 254 3280 etiam
283 3209 429 3294 sentias,
460 3230 527 3301 ego
556 3219 671 3281 tamen
704 3210 751 3281 ita
784 3211 908 3295 sentio,
944 3231 1022 3281 mea
1054 3210 1171 3282 omnia
1195 3221 1231 3281 et

152 3330 343 3401 amicornm
360 3331 525 3425 praesidio
543 3353 662 3422 egere,
680 3341 716 3402 et
732 3331 927 3404 auditorum
948 3332 1126 3425 patientia3
1148 3352 1228 3401 nam

152 3462 188 3523 et
205 3451 342 3543 fragilia
370 3463 405 3523 et
437 3454 564 3524 inculta
589 3463 683 3538 sunt,
715 3464 750 3525 et
783 3474 877 3546 saepe
896 3454 1166 3546 occupatissimo
1192 3456 1228 3523 in

152 3573 227 3644 aliis
250 3574 364 3645 animo
384 3577 513 3670 elapsa.
536 3576 636 3659 Quod
656 3576 761 3667 igitur
782 3584 903 3670 sponte
923 3574 1022 3658 facis,
1043 3583 1162 3646 oratus
1178 3577 1194 3644 f
1212 3615 1228 3626 -

153 3694 232 3778 cito;
252 3695 388 3787 fragilia
408 3718 477 3790 qua
498 3706 597 3790 potes
617 3697 757 3781 adiuva,
779 3697 906 3769 inculta
927 3698 1077 3780 extolle,
1106 3715 1228 3787 sparsa

151 3817 364 3908 conglutina;
385 3820 533 3914 primurn
558 3818 687 3912 ingenii
706 3818 854 3903 viribus,
882 3818 1071 3890 secundum
1091 3817 1228 3908 eloquio

152 3949 187 4008 et
209 3941 267 4010 vel
289 3941 463 4013 suavitate
486 3943 543 4014 vel
566 3941 753 4013 acrimonia
785 3942 881 4012 vocis
911 3939 1055 4012 efficies:
1087 3940 1226 4011 tertium

154 4061 298 4133 artificio
314 4062 531 4157 disponendi.
554 4067 657 4137 Arma
678 4063 738 4135 tihi
760 4073 833 4150 tua,
855 4063 982 4158 quihus
1004 4085 1060 4135 ine
1080 4064 1227 4138 adiuves

154 4185 308 4257 ostendo.
331 4185 400 4257 Nec
422 4185 481 4256 tibi
502 4173 565 4258 nec
583 4187 664 4258 mihi
687 4188 836 4261 suadeas
863 4211 931 4260 non
951 4209 1031 4261 esse
1051 4210 1140 4283 opus
1165 4211 1226 4260 au-
