2958 4804
373 339 465 388 nunna
487 336 994 396 nutarusnncruus.-nr1sront
1016 339 1056 386 vr.
1194 325 1249 389 aot
1292 389 1301 404 ,

170 477 252 548 binc
272 477 366 548 enim
388 474 497 569 prima
518 476 686 546 malornm
706 474 807 545 radix
826 474 955 546 vestris
972 476 1180 570 extirpanda
1197 496 1254 548 se·
1275 471 1278 490 '

169 601 326 673 curibus.
348 599 411 671 llio
430 608 486 670 est
505 620 570 669 rex
591 597 646 668 ille
666 584 840 690 periurus,
863 596 919 669 oni
938 619 1064 670 causas
1084 597 1251 673 bello'rum

170 720 346 814 legitimas
379 718 578 814 aucupanti,
606 741 686 791 oum
712 718 758 790 ab
782 718 879 792 initio
904 719 1032 792 bellum
1066 721 1168 793 vobis
1200 721 1254 793 in·

172 844 317 929 diceret,
340 841 569 938 respondistis
595 843 715 915 neseio
739 863 784 914 an
811 842 1017 927 animosius,
1045 845 1250 916 arverius:

177 995 192 1031 n
218 963 303 1058 fingi
322 964 465 1058 quidem
486 984 612 1037 causas
639 965 758 1036 verbis
784 963 960 1049 inanibus,
988 986 1109 1036 veram
1135 975 1251 1037 nutem

181 1115 194 1150 l
217 1085 344 1158 luroris
369 1105 510 1158 causam
543 1103 625 1158 esse
654 1085 857 1158 avaritiam:
889 1086 952 1158 sed
981 1086 1135 1158 vendere
1155 1079 1250 1159 illum

183 1237 196 1272 r
218 1210 329 1303 pretio
349 1210 479 1302 exiguo
501 1229 603 1281 sunm
624 1209 733 1282 deous
755 1217 790 1280 et
810 1229 953 1282 suorum
975 1208 1197 1302 sanguinem,
1219 1222 1254 1282 et

181 1361 194 1396 l
217 1330 415 1423 propediem
434 1330 528 1424 qnod
548 1338 630 1402 tuno
650 1332 779 1402 laceret
795 1351 873 1402 sera
890 1329 1090 1424 poenitentia
1108 1329 1253 1402 damna·

181 1483 194 1519 s
218 1466 345 1525 turum.
371 1481 386 1518 r>
411 1453 500 1524 Eooe
521 1453 588 1524 iam
612 1453 821 1547 promissum
847 1450 894 1521 illi
921 1462 1058 1545 tempus
1085 1450 1250 1524 advenit:

163 1579 354 1675 'Tyrrheno
388 1589 491 1671 atque
512 1575 628 1650 Airioo
661 1576 747 1648 mari
780 1573 991 1668 rependetur
1022 1571 1117 1668 quod
1145 1573 1255 1646 deluit

174 1702 407 1794 Hellesponto.
432 1702 563 1772 Pontus
588 1699 755 1772 occiduus
779 1698 935 1771 naedibns
958 1700 1078 1770 -lnmat
1109 1709 1145 1770 et
1177 1697 1251 1768 suis

173 1823 273 1896 ardet
291 1822 474 1907 incendiis3
491 1823 575 1917 quin
589 1831 625 1894 et
638 1822 673 1892 in
688 1833 815 1894 terram
835 1822 968 1915 egressi
990 1823 1082 1894 lerro
1099 1845 1139 1894 an
1156 1821 1255 1894 llam-

173 1946 240 2016 mis
260 1945 403 2040 inopum
425 1944 628 2038 praedonum
650 1953 741 2018 tecta
761 1954 906 2017 vastate.
932 1944 1098 2030 insistite,
1121 1966 1198 2030 oro,
1220 1953 1256 2015 et

135 2133 139 2141 .
174 2067 279 2139 nolite
309 2068 494 2151 desistere;
523 2069 763 2162 persequimini
792 2068 942 2138 inimicos
967 2078 1089 2138 vestros
1114 2078 1145 2136 et
1165 2088 1253 2136 oom-

169 2188 364 2283 prebendite
395 2192 482 2274 illos,
516 2201 548 2260 et
580 2192 679 2260 nolite
705 2192 866 2272 converti,
893 2187 995 2258 donet
1019 2187 1188 2281 deficiant,
1218 2201 1255 2260 ut

174 2314 222 2386 ait
239 2314 441 2386 Psalmista:
461 2314 667 2407 confringite
685 2314 772 2395 illos;
798 2334 867 2385 non
888 2321 1049 2405 poterunt
1070 2319 1175 2394 stare;
1196 2333 1256 2384 oa·

177 2438 261 2508 dent
284 2436 408 2509 subtus
429 2437 538 2531 pedes
559 2448 699 2510 vestros
719 2443 755 2506 et
775 2434 963 2527 longinqua
983 2455 1094 2528 nuper
1112 2434 1257 2528 expedi-

179 2561 271 2631 tione
284 2561 456 2652 prostrati,
466 2559 615 2655 propriis
630 2561 753 2631 iterum
770 2566 969 2631 sternentur
980 2558 1017 2628 in
1031 2557 1255 2630 linibusvim

175 2684 325 2754 fortnnae
345 2684 494 2756 laventis
527 2682 717 2776 agnoscite.
752 2679 910 2754 Solebam
945 2680 1076 2753 dicere:
1111 2682 1257 2754 iraenate
1375 2761 1379 2772 ¹

177 2807 321 2891 animos,
336 2804 494 2879 cohibete
507 2806 608 2891 iram,
625 2815 815 2899 temperate
832 2803 1022 2902 victoriam.
1038 2805 1170 2876 Mutata
1183 2825 1257 2874 ma-

177 2929 277 3015 teria,
295 2929 413 3000 stilum
434 2938 541 2999 muto.
564 2929 695 3000 Clamo:
719 2937 840 3021 urgete
861 2928 1071 3024 praeteritoS,
1093 2925 1257 3018 fugienti-

177 3049 243 3123 bus
256 3051 395 3136 instate,
412 3051 605 3145 respirandi
619 3051 767 3144 spatium
782 3051 886 3124 sessis
900 3055 1041 3136 aulerte,
1058 3069 1256 3143 supremam

178 3172 259 3245 huin
279 3173 369 3246 bello
390 3195 532 3246 manum
553 3172 679 3266 ponite.
701 3167 813 3247 Nolite
833 3176 967 3267 regium
988 3195 1116 3246 nomen
1136 3172 1257 3244 horre

178 3318 224 3368 re.
253 3297 355 3390 Saepe
385 3297 479 3390 quod
511 3299 620 3390 fulget
652 3299 809 3369 exterius
842 3297 935 3368 intus
968 3295 1157 3367 obsonrnm
1190 3301 1255 3366 est.

178 3419 289 3491 Maius
309 3430 365 3491 est
383 3440 491 3511 regno
512 3441 634 3512 regum
654 3418 836 3514 superbias
854 3417 1042 3508 castigatum
1057 3436 1125 3486 non
1138 3436 1257 3506 regem
1377 3423 1382 3431 '

179 3542 243 3614 sed
263 3542 379 3634 regios
401 3542 535 3614 animos
556 3541 707 3615 habetis.
733 3543 845 3614 Parva
869 3539 934 3612 luit
959 3541 1067 3610 Roma
1091 3538 1176 3611 dum
1201 3558 1257 3609 re—

179 3685 258 3756 gem
278 3663 413 3750 habuit,
437 3687 520 3736 mox
542 3673 580 3735 ut
599 3685 681 3756 rege
701 3664 812 3736 oaruit
831 3664 1013 3752 immensa,
1034 3669 1072 3732 et
1090 3679 1170 3754 quae
1188 3658 1255 3731 snb

179 3807 249 3857 uno
277 3807 363 3878 rege
394 3786 578 3870 servierat,
615 3785 690 3859 sine
720 3783 862 3877 regibus
884 3783 1080 3878 imperavit.
1100 3782 1257 3854 luvadite
1368 3794 1371 3800 '

179 3921 298 4000 regem
320 3908 422 3980 buno.
444 3909 516 3980 Neo
535 3910 634 3994 dant,
656 3929 721 3981 neo
740 3907 898 3980 adimunt
923 3917 1059 4000 soeptra
1078 3906 1273 3978 virtutem·

181 4028 257 4101 Rex
277 4038 345 4115 est,
369 4032 432 4103 sed
450 4033 572 4116 bomo,
595 4029 658 4104 sed
684 4029 853 4114 mortalis,
878 4029 942 4101 sed
962 4030 1070 4102 multa
1089 4030 1134 4103 de
1155 4027 1256 4100 vobis

119 4191 121 4196 s
181 4151 270 4223 male
293 4153 453 4239 meritus,
475 4163 511 4225 et
530 4153 675 4246 dignum
702 4151 908 4248 supplicium
935 4151 1027 4224 insto
1053 4151 1120 4226 sub
1145 4149 1258 4223 iudice
