3002 4794
463 361 555 412 monn
577 361 906 414 nonus-mmmm
926 365 954 415 v.
1189 354 1227 418 29

158 505 330 602 superbiae
355 503 508 592 dabitur,
532 505 574 593 si,
610 508 669 601 qui
689 506 822 580 amicus
842 527 923 580 esse
943 509 1069 604 cupiat,
1091 511 1229 584 hostem

157 629 249 704 lacis.

295 795 397 850 VKnl.
413 795 552 866 Ianuarii,
566 813 628 868 quae
643 797 835 854 Innocentium
851 799 912 854 dies
927 805 977 856 est.

579 1259 755 1326 EPISTOLA
779 1260 823 1324 Vl.

227 1429 423 1481 susuclscus
444 1428 611 1480 Purunucs
632 1429 722 1480 LUGAE
743 1430 949 1482 Pusssursao
969 1429 1169 1482 PLAGEN'l'lNO

627 1535 652 1584 S.
674 1535 702 1586 P.
724 1536 755 1584 D.

251 1673 333 1749 AEgre
349 1691 378 1731 se
392 1675 421 1730 in
435 1677 511 1731 ouria
524 1691 615 1730 moras
629 1682 752 1732 nectere:
768 1693 888 1749 eumque
902 1682 1024 1750 rogatui
1037 1677 1142 1733 litteras

485 1763 640 1836 superiores
655 1763 789 1838 Episcopo
802 1765 903 1821 tradat.

254 2000 422 2074 luoundae
441 2000 526 2072 mihi
551 2022 691 2097 semper
709 2001 835 2075 litterae
855 2013 938 2076 sunt
958 2013 1035 2090 tuae,
1058 2007 1232 2101 praeoipue

161 2123 243 2196 dum
265 2122 364 2196 velut
395 2146 415 2196 a
444 2121 580 2216 superis
611 2127 774 2218 profectae
800 2128 955 2198 solantur
980 2127 1072 2220 apud
1104 2131 1232 2200 inferos

161 2247 395 2320 constitutum.
421 2249 642 2318 Peccatorum
667 2248 776 2318 sateor
796 2269 953 2319 meorum
979 2251 1077 2321 uncis
1102 2251 1158 2322 hio
1183 2259 1234 2323 te-

160 2392 251 2455 neor,
275 2392 339 2442 neo
358 2369 494 2442 absolvi
514 2365 593 2441 ullis
615 2368 746 2441 artibus
767 2391 922 2465 possum.
945 2372 1014 2444 Res
1027 2372 1122 2444 haud
1135 2373 1230 2460 mira,

162 2492 321 2585 quamvis
335 2492 478 2577 misera,
492 2493 695 2584 laqueorum
716 2491 895 2566 curialium
920 2515 989 2566 nou
1009 2494 1141 2587 ignaro.
1164 2497 1233 2570 Sed

161 2635 228 2706 quo
248 2613 384 2686 tristius
406 2614 463 2687 hio
480 2636 558 2686 sum
579 2635 622 2686 eo
641 2615 784 2706 gravius
805 2615 965 2708 indignor
981 2639 1021 2689 ao
1041 2619 1142 2692 doleo
1158 2630 1234 2692 tan-

161 2735 357 2809 tumvlioere
386 2735 551 2833 perfidiae,
579 2746 618 2808 ut
642 2737 789 2810 suadere
813 2737 939 2811 audeat
963 2748 999 2811 et
1023 2743 1234 2832 persuadere

160 2859 270 2952 possit
288 2860 449 2954 cuiquam
470 2883 571 2946 sano,
593 2883 737 2934 menon
757 2870 890 2934 tautum
918 2872 1039 2958 sponte
1059 2887 1139 2935 mea
1160 2887 1234 2936 mo-

161 3003 216 3055 ras
238 2983 390 3067 trahere,
418 2984 480 3056 sed
504 2984 573 3056 iam
597 2984 704 3056 ouriae
726 2984 873 3057 venenis
897 2985 1060 3059 iniectum
1086 2987 1234 3059 alienam

161 3104 287 3176 lamam
312 3104 496 3177 insectari:
524 3105 685 3198 quodque
711 3127 778 3197 ego
798 3129 975 3200 nunquam
995 3107 1030 3177 in
1050 3109 1120 3178 otio
1140 3109 1235 3201 cogi-

163 3227 240 3313 tavi,
263 3236 300 3298 et
320 3225 414 3300 inea
436 3228 681 3321 tranquillitate
698 3201 1002 3322 temporumunde
1019 3231 1139 3302 nefarii
1160 3233 1235 3324 pul-

163 3349 269 3421 lulant
286 3351 470 3447 appetitus
489 3349 526 3422 id
542 3373 634 3422 nuno
651 3350 686 3421 in
702 3350 767 3422 hao
785 3361 989 3447 tempestate
1007 3353 1232 3445 negotiorum,

162 3491 241 3562 quae
260 3471 344 3542 mihi
366 3473 431 3546 vix
450 3472 642 3566 respirandi
665 3471 814 3567 spatium
835 3483 992 3566 praestat,
1019 3475 1160 3545 mutatis
1180 3493 1236 3543 re-

161 3604 260 3687 pente
276 3594 422 3682 iudiciis,
438 3595 562 3667 studiis
580 3617 619 3666 ae
636 3594 801 3677 moribus,
820 3595 1002 3691 incepisse.
1015 3594 1128 3667 Audio
1141 3594 1234 3665 enim

161 3739 180 3788 a
212 3720 330 3792 multis
359 3719 593 3791 reverendum
618 3730 752 3814 patrem
778 3741 818 3791 ao
843 3717 1040 3813 pontificem
1077 3725 1233 3788 nostrum

161 3865 262 3917 seous
295 3867 401 3938 quam
426 3868 562 3919 mereor
586 3855 622 3917 et
645 3865 750 3940 quam
775 3843 902 3915 vellem
928 3840 972 3946 sie
997 3859 1053 3909 me
1081 3837 1233 3911 sentire:

160 3968 255 4061 quod
279 3990 349 4039 non
374 3971 485 4064 eulpae
512 3991 586 4041 suae
606 3969 731 4051 tribuo,
760 3965 823 4037 sed
847 3968 995 4036 lortunae
1019 3983 1107 4035 meae
1133 3972 1235 4056 atque

160 4091 283 4163 alienae
302 4091 477 4185 nequitiae.
497 4093 547 4163 Tu
567 4091 650 4161 mihi
671 4097 752 4161 ante
773 4086 859 4159 alios
879 4086 978 4158 testis
1000 4107 1048 4170 es
1071 4107 1149 4159 oum
1166 4108 1236 4178 quo

161 4231 257 4308 saepe
290 4213 516 4287 familiaribus
542 4211 760 4286 sermonibus
785 4209 877 4285 diem
904 4209 1016 4298 traho,
1044 4208 1128 4303 quid
1152 4207 1235 4279 mihi
1342 4266 1343 4272 ,
