3078 4798
408 399 499 448 nrnna
521 397 803 457 ournrusnncruus
817 397 1020 446 -nrrsrcua
1043 399 1082 445 rr.
1227 385 1285 444 :tta

202 537 261 606 lile
282 533 478 630 Ephesum,
503 535 558 604 ute
580 533 614 603 in
636 533 787 629 Syriam,
811 533 866 604 ute
888 533 1019 604 missus
1046 531 1080 601 in
1101 530 1282 614 Achaiam,

202 659 259 728 itte
275 659 433 740 Romam,
462 655 516 726 itte
541 654 586 727 ad
613 654 743 738 indias,
772 653 827 725 itte
854 653 984 726 missus
1011 655 1056 726 ad
1083 655 1285 750 AEgyptum.

201 780 430 873 vagabantur
453 779 589 850 illorum
615 797 760 870 corpora
786 777 871 849 locis
897 777 1102 869 asperrimis
1128 786 1288 849 aeterra

203 912 240 974 et
259 904 383 994 pelago
404 898 636 972 iactabantur:
655 899 762 971 corda
779 910 879 970 erant
894 901 982 971 coeto
999 899 1116 972 affixa.
1137 897 1287 995 Apostc

202 1028 316 1098 lorum
339 1045 424 1097 vero
446 1032 642 1095 nostrorum
665 1043 809 1115 corpora
831 1023 992 1094 thalamis
1014 1023 1131 1095 aureis
1152 1025 1288 1117 requie-

204 1158 321 1230 scunt,
344 1147 449 1218 animi
470 1155 584 1220 autem
608 1155 698 1218 terra
719 1143 876 1239 marique
895 1147 978 1238 vagi
1002 1155 1092 1218 sunt.
1113 1146 1204 1216 Inter
1222 1147 1287 1218 bos

203 1271 310 1363 igitur
341 1268 484 1362 quibua,
519 1289 656 1363 quaeso,
692 1267 776 1339 ittud
808 1266 899 1338 bene
931 1267 1135 1362 compositae
1161 1267 1288 1340 mentis

203 1403 450 1485 argumentum
471 1389 753 1464 existimabimus
774 1392 912 1474 adesse,
937 1389 980 1462 iis
997 1411 1042 1460 ne
1059 1389 1117 1483 qui
1140 1391 1224 1474 loco,
1242 1412 1286 1461 an

203 1515 247 1586 iis
267 1515 326 1607 qui
346 1515 524 1610 proposito
543 1533 613 1586 non
633 1515 841 1586 moventur?
862 1511 950 1585 Illud
974 1533 1114 1606 quoque
1135 1533 1204 1584 non
1231 1533 1286 1584 me

203 1637 358 1732 praeterit
378 1636 472 1730 quod
506 1655 603 1730 saepe
635 1635 709 1710 dixi
742 1645 778 1708 et
809 1635 927 1708 dicere
959 1636 1084 1708 iterum
1119 1636 1286 1720 delectat,

204 1781 357 1852 gracum
379 1769 514 1853 poetam
535 1767 571 1830 et
591 1758 683 1831 illius
708 1783 771 1854 per
791 1757 943 1852 vestigia
967 1775 1127 1830 nostrum
1149 1779 1289 1851 qnoque

204 1882 333 1974 quibus
353 1901 455 1953 nemo
475 1881 760 1975 pbilosophorum
788 1881 890 1954 altius
918 1903 975 1954 res
1002 1883 1180 1955 hominum
1206 1902 1289 1955 oon-

204 2002 357 2097 spicatus
377 2011 447 2085 est,
470 2002 552 2073 dum
575 2002 714 2092 perfecti
740 2002 807 2072 viri
832 2002 991 2074 habitum
1018 2025 1203 2096 moresque
1228 2005 1289 2076 de·
1356 1977 1359 1992 ἃ

204 2124 373 2209 scribunt,
395 2133 467 2196 toto
489 2124 583 2194 illum
601 2123 685 2195 orbe
703 2145 833 2215 vagum
850 2133 886 2195 et
905 2123 1034 2216 ubique
1056 2123 1138 2194 novi
1159 2124 1290 2216 aliquid

204 2245 442 2318 addiscentem
474 2247 599 2316 facere.
634 2245 754 2339 Neque
779 2245 872 2317 enim
898 2244 1126 2316 crediderunt
1151 2243 1288 2336 qualern

205 2369 282 2442 stito
309 2365 505 2440 formabant
528 2365 642 2439 virum
668 2365 743 2439 fieri
769 2389 874 2460 posse
901 2368 965 2440 loci
993 2367 1096 2438 unius
1123 2376 1289 2462 perpetuo

204 2491 364 2564 incolatu.
400 2490 469 2561 Sed
493 2490 659 2584 quoniam
680 2491 756 2562 baec
775 2493 924 2562 tortasse
950 2513 1007 2562 me
1033 2512 1102 2563 non
1123 2499 1286 2582 tangunt,

203 2615 365 2708 gloriosis
394 2623 501 2707 atque
529 2613 712 2684 invidiosis
738 2614 1025 2686 excusationibus
1051 2614 1216 2699 omissis,
1245 2614 1290 2686 ad

203 2736 296 2808 itiam
316 2737 419 2810 venio
438 2757 543 2830 quam
564 2746 603 2808 ut
623 2735 821 2810 miserearis
843 2737 1018 2810 admonui.
1042 2737 1117 2807 Tibi
1135 2736 1286 2830 quidem,

204 2859 373 2931 bonorum
394 2858 634 2931 amantissime
655 2858 722 2944 vir,
744 2859 824 2931 otim
848 2881 938 2952 vage
963 2869 1000 2932 et
1023 2861 1213 2932 multorum
1235 2860 1287 2928 lo·

204 3001 323 3053 corum
349 3003 463 3055 rerum
497 2979 653 3054 notitiam
687 2982 825 3076 adepto,
862 3005 954 3055 nunc
987 2982 1129 3056 undem
1168 2981 1291 3052 merito
1330 3075 1334 3082 Ι

206 3105 346 3178 virtutis
380 3117 461 3178 ante
495 3127 605 3180 annos
638 3103 866 3197 nobilissimae
893 3106 1093 3198 reipublicae
1114 3127 1290 3178 summum

207 3230 354 3322 gradum
380 3249 506 3322 magna
531 3213 618 3301 'cum
646 3227 756 3320 gioria
781 3227 962 3311 obtinenti,
989 3238 1026 3297 et
1050 3237 1190 3323 propter
1214 3249 1292 3298 om-

206 3351 303 3422 nium
323 3351 519 3424 libertatem
540 3371 581 3424 ac
607 3352 754 3423 salutem
783 3359 905 3444 sponte
929 3360 989 3422 tua
1014 3350 1197 3446 speciosis,
1227 3347 1289 3422 sed

207 3474 350 3546 aeternis
373 3474 570 3547 carceribus
592 3474 741 3559 incluso,
766 3473 837 3544 scio
855 3471 1063 3565 megratius
1082 3479 1241 3544 acturum
1260 3471 1291 3542 si

207 3605 288 3690 post
307 3615 433 3689 vagam
456 3597 538 3668 vitae
559 3597 716 3669 mititiam
743 3596 819 3691 ipse
843 3595 948 3667 etiam
973 3593 1099 3666 alicubi
1126 3615 1233 3688 prope
1260 3602 1293 3664 te

208 3714 278 3787 iam
298 3717 537 3790 castrametari
559 3719 734 3814 incipiam,
757 3719 852 3812 quod
870 3728 1033 3815 superest
1054 3718 1142 3789 tucis
1161 3717 1197 3788 in
1222 3717 1292 3790 otio

208 3849 460 3914 transacturus.
481 3840 563 3912 Mihi
585 3863 725 3935 quoqne
745 3842 792 3914 nil
813 3843 960 3935 gratius,
984 3841 1031 3913 nit
1052 3841 1203 3935 optatius
1225 3841 1292 3912 sci-

210 3972 257 4047 ro,
284 3974 451 4036 eaerum
477 3963 524 4034 nn
548 3963 722 4036 arnonus
747 3963 870 4036 vinea.
897 3941 972 4036 nuc
996 3964 1087 4037 enim
1114 3963 1292 4056 egotam..

210 4086 343 4179 pridem
364 4089 502 4160 olavum
528 4085 656 4178 dirigo,
684 4085 751 4156 alio
776 4095 892 4158 tumen
918 4088 1066 4162 invitum
1093 4088 1293 4179 frustraque

210 4209 395 4281 luctantem
418 4208 601 4280 violentior
620 4217 731 4280 aestus
753 4208 854 4300 rapit:
875 4220 911 4280 et
929 4209 1093 4302 quoniam
1114 4209 1161 4282 ita
1185 4218 1217 4280 te
1243 4211 1293 4280 at-
