3078 4798
402 367 495 416 uruuu
516 365 1017 424 oururosuuomus.-srrsroua
1040 367 1078 414 ιν.
1222 352 1280 413 323

187 507 285 580 meis
319 503 508 596 mirarique
542 501 720 594 compulit,
758 501 809 573 sic
841 499 945 573 modo
981 521 1189 594 responsum
1225 501 1280 573 sit.

189 631 291 702 Vale.
884 627 888 636 '

341 773 384 828 Ad
399 771 515 828 Fontem
531 770 643 842 Sorffiae.
661 769 699 826 tv
712 769 851 826 Kalendas
865 769 986 824 Martias.

704 999 780 1010 ——u-

626 1243 804 1309 urtstota
826 1243 859 1306 V.

136 1460 140 1470 ¹
223 1452 418 1504 FlleGiSCUS
435 1449 604 1504 satutant
621 1449 725 1500 PETRO
744 1449 860 1500 aeuum
877 1447 992 1498 stdctt
1008 1447 1130 1499 RElssGll
1146 1449 1172 1498 S.
1188 1449 1216 1499 P.
1231 1450 1262 1500 D.

212 1647 323 1706 Laudat
335 1649 395 1704 eius
410 1645 549 1704 scribendi
564 1646 713 1701 rationem:
731 1645 840 1718 attingit
854 1645 951 1701 leviter
965 1643 1000 1700 de
1015 1646 1136 1717 quadam
1149 1647 1264 1719 epistola

274 1737 406 1794 adversus
421 1735 557 1792 medicos:
574 1735 696 1808 itemque
710 1733 745 1790 de
760 1733 868 1791 Caesare
885 1734 919 1791 ab
933 1733 1013 1790 ltalia
1026 1733 1202 1794 abhorrente.

294 1974 382 2046 Miro
401 1974 543 2066 quidem
574 1984 611 2045 et
642 1994 735 2047 novo
767 1995 913 2068 prorsus
946 1974 1094 2048 artificio
1115 1997 1203 2048 usus
1228 1997 1279 2048 es.

193 2098 282 2169 Nam
303 2108 339 2168 et
358 2095 556 2169 tarditatem
582 2117 647 2168 seu
671 2094 790 2167 verius
816 2097 1061 2191 occupationes
1083 2107 1175 2182 tuas,
1202 2099 1281 2191 qui-

193 2219 262 2292 bus
281 2218 379 2305 mihi,
398 2240 477 2290 care
495 2226 602 2313 pater,
622 2220 809 2290 multarum
827 2217 964 2291 debitor
980 2219 1172 2291 litterarum
1187 2240 1277 2304 erus,

194 2340 263 2412 sub
288 2339 431 2412 obtentu
456 2339 639 2413 cuiusdam
664 2339 873 2413 reverentiae
894 2339 962 2411 stili
984 2341 1052 2411 mei
1078 2318 1280 2413 mirabiliter

193 2464 389 2549 excusasti,
422 2472 458 2535 et
489 2463 574 2535 dum
609 2484 715 2556 super
746 2464 879 2535 calamo
910 2483 987 2534 meo
1020 2461 1279 2535 admirationem

195 2596 288 2658 tuam
309 2586 427 2658 verbis
454 2584 726 2677 elegantissimis
751 2606 795 2656 ac·
817 2584 904 2656 mira
930 2582 1124 2656 urbanitate
1150 2583 1280 2657 coutin-

193 2709 261 2801 giS,
283 2709 359 2802 ipse
379 2731 435 2780 me
453 2708 488 2780 iu
506 2716 685 2803 stuporem
704 2707 753 2780 tui
770 2707 894 2779 calami
907 2728 977 2778 non
991 2705 1165 2779 modicum
1186 2729 1280 2781 oom—
1396 2697 1402 2706 ’

192 2831 321 2926 polisti.
335 2830 390 2902 Au
401 2839 518 2903 autem
536 2851 605 2902 nou
618 2830 788 2914 advertis,
807 2837 869 2902 aut
886 2851 1027 2902 menon
1046 2830 1278 2903 adversarum

195 2971 315 3043 speras
329 2962 363 3022 te
380 2972 487 3035 nunc,
503 2949 597 3043 quod
614 2950 732 3024 multis
754 2972 848 3047 saepe
868 2949 1010 3038 accidit,
1023 2950 1164 3048 proprio
1180 2953 1279 3043 iuge-

196 3072 251 3144 nio
268 3073 543 3145 circumveutum
561 3074 727 3167 nullaque
740 3095 778 3146 rc
792 3073 905 3167 magis
922 3097 1028 3168 quam
1047 3075 1279 3148 excusatione

194 3195 331 3289 propria
351 3217 449 3267 reum
471 3191 573 3266 lieri?
592 3195 749 3291 Epistola
769 3196 862 3268 enim
882 3203 940 3268 tua
958 3200 1055 3271 tostis
1076 3200 1143 3270 erit
1162 3198 1197 3269 iu
1217 3219 1278 3293 po-

194 3325 327 3388 sterum
361 3337 466 3410 posse
499 3326 532 3389 te
564 3315 608 3389 ad
636 3317 754 3389 omnia
774 3317 958 3411 magnifice
979 3320 1206 3412 respondere,
1234 3342 1278 3392 ue

192 3437 277 3511 dum
303 3439 388 3510 mihi
419 3437 482 3511 sed
511 3439 636 3512 Tullio:
666 3439 774 3512 etde
804 3441 983 3535 praeterito
1019 3442 1118 3511 testis
1147 3449 1216 3525 est,
1249 3443 1279 3512 si

195 3560 407 3655 respondere
426 3560 642 3654 neglexeris,
667 3560 715 3631 nil
737 3560 798 3632 tibi
827 3561 894 3632 uisi
929 3568 1067 3653 tempus
1101 3561 1189 3632 forte
1222 3563 1278 3631 vel

194 3681 346 3754 animum
368 3682 533 3756 defuisse.
556 3682 714 3755 Sciebam
733 3683 780 3755 ita
796 3705 888 3768 esse,
910 3683 973 3755 sed
989 3681 1138 3776 epistola
1158 3693 1278 3756 tuane

194 3801 415 3876 dissimulare
434 3826 589 3898 unquam
607 3806 726 3876 valeas
740 3805 828 3878 lecit.
844 3805 975 3876 Verum
993 3803 1049 3876 his
1067 3803 1101 3874 in
1118 3823 1276 3899 praeseus

195 3922 348 4010 omissis,
368 3925 429 3996 tibi
451 3948 543 3997 uuuc
562 3936 674 4022 pater,
691 3926 772 3998 olim
790 3929 905 4010 irater,
925 3947 988 4018 pro
1005 3923 1221 3997 transmissis
1238 3923 1278 3994 li-

195 4042 311 4131 bellis,
335 4048 399 4120 sed
420 4050 528 4120 multo
549 4049 702 4121 maxime
721 4071 785 4144 pro
806 4046 1040 4122 admonitione
1065 4041 1123 4120 illa
1142 4047 1278 4120 brevis-

197 4165 298 4253 sima,
321 4191 391 4261 qua
412 4193 467 4243 rue
487 4171 578 4243 circa
599 4181 731 4264 partem
751 4195 819 4246 uon
841 4171 1005 4264 exiguum
1026 4171 1099 4266 spei
1118 4192 1206 4244 meae
1223 4193 1277 4244 ar-
