2988 4800
380 357 473 406 trouu
494 352 684 406 uunucruus
697 351 895 404 -uutsrom
917 355 979 404 vui.
1162 339 1219 402 tut

132 499 271 590 ignoro:
302 496 390 568 illud
412 495 610 588 scio,.quod
636 495 671 564 in
697 493 919 564 aemulatione
941 493 1021 563 olim
1044 491 1134 586 pari,
1163 495 1225 566 sed

133 617 341 691 conditione
361 622 463 711 longe
490 619 622 715 impari,
649 618 732 690 dum
760 616 940 688 evertendi
962 615 1224 688 infestissimam

135 744 356 816 Athenarum
379 743 501 814 urbem
523 739 799 814 Lacedaemoniis
820 739 934 811 oblata
955 749 1052 810 esset
1077 741 1223 825 occasio,

136 890 198 939 nec
218 867 266 938 de
289 865 443 961 potentia
463 865 544 949 iam,
569 865 632 936 sed
652 865 695 936 de
717 864 896 934 voluntate
922 865 995 934 sola
1023 875 1226 956 superesset

135 989 306 1083 quaestio,
329 1011 349 1059 e
366 988 505 1060 duobus
525 987 671 1058 Graeciae
692 983 880 1056 luminibus
899 995 1059 1054 eruturos
1079 1007 1118 1056 se
1139 988 1222 1056 alte·

137 1136 212 1186 rum
236 1121 471 1204 negaverunt.
498 1107 805 1180 Praeclarissimum
834 1129 919 1178 saue
944 1128 1162 1201 responsum,
1189 1119 1224 1180 et

136 1235 252 1328 prisca
275 1235 334 1305 illa
361 1236 608 1328 Spartanorum
633 1230 876 1322 dignissimum
904 1229 1095 1326 disciplina.
1123 1231 1225 1316 Quod

138 1360 166 1430 si
185 1381 236 1430 ex
258 1380 320 1427 ore
338 1356 475 1426 illorum
494 1354 623 1437 sonuit,
643 1375 731 1444 quos
750 1352 972 1425 victoriarum
991 1353 1224 1448 principandi-

136 1503 204 1574 que
222 1479 380 1551 libidinis
401 1486 496 1550 notat
516 1477 625 1561 Plato,
648 1477 733 1570 quid
754 1475 855 1547 vobis
876 1476 1070 1548 mitissimis
1088 1498 1129 1548 ac
1148 1498 1223 1548 mo·

135 1603 350 1676 destissimis
372 1601 458 1672 viris
476 1599 593 1673 visum
616 1598 655 1670 iri
678 1598 850 1670 arbitror?
875 1599 973 1670 Certe
998 1622 1074 1692 ego,
1101 1600 1164 1692 qui
1187 1600 1221 1670 in

136 1725 241 1797 tantis
265 1723 418 1794 motibus
439 1744 509 1793 non
531 1721 664 1794 moveri
686 1741 836 1813 nequeo,
861 1731 898 1791 ut
919 1719 1070 1792 diversis
1091 1721 1222 1793 affecti-

135 1851 216 1934 bus,
232 1870 367 1931 amom,
384 1856 486 1932 metu,
508 1867 569 1939 spe
589 1867 697 1915 unum
712 1851 834 1937 pectus
856 1843 1061 1934 urgentibus
1085 1867 1221 1917 secum-

134 1996 200 2067 que
223 1969 450 2054 certantibus,
473 1989 556 2060 pace
578 1965 682 2036 animi
704 1989 818 2050 caree,
839 1966 930 2036 iusta
952 1989 1007 2036 me
1030 1969 1222 2060 reprehen-

135 2097 232 2168 sione
257 2093 449 2165 cariturum
475 2089 614 2175 credidi,
639 2091 777 2176 sicum
805 2089 840 2158 hi
868 2089 976 2160 silvas
1003 2089 1036 2157 in
1068 2093 1217 2160 classem

134 2219 325 2301 traherent,
341 2215 378 2284 hi
395 2213 528 2308 gladios
546 2223 711 2286 acuerent
732 2235 771 2284 ac
793 2213 953 2304 sagittas,
974 2214 1018 2282 illi
1039 2235 1156 2284 muros
1179 2236 1218 2285 ac

134 2341 274 2412 navalia
295 2339 562 2420 communirent,
584 2336 679 2431 quod
699 2359 807 2408 uuum
829 2335 915 2406 mihi
936 2339 1081 2408 telorum
1104 2358 1217 2429 genus

134 2477 220 2549 erat,
237 2465 284 2536 ad
302 2465 474 2533 calamum
487 2463 734 2552 confugissem,
750 2481 818 2531 nou
831 2459 912 2530 belli
925 2471 1045 2532 auctor
1060 2462 1124 2533 sed
1139 2483 1219 2534 sua*

134 2611 190 2660 sor
210 2588 321 2681 pacis.
343 2586 460 2656 Finem
479 2587 591 2656 lacere
611 2583 812 2656 iamdudum
836 2583 964 2675 cogito,
984 2607 1053 2656 non
1075 2586 1218 2678 ignarus

134 2720 264 2804 quanto
299 2709 486 2782 verborum
520 2709 618 2779 freno
649 2707 698 2778 uti
733 2707 855 2780 deceat
876 2731 955 2778 cum
983 2709 1221 2801 superioribus

134 2837 404 2927 colloquentem:
440 2831 501 2903 sed
533 2833 650 2902 nullus
684 2841 739 2901 est
772 2853 889 2903 amore
912 2830 1078 2924 superior.
1101 2832 1159 2900 llle
1186 2843 1219 2902 te

135 2965 237 3048 coget
259 2954 463 3027 adveniam
495 2954 553 3046 qui
587 2954 632 3026 ad
664 2953 919 3045 multiloquium
944 2977 1000 3025 me
1022 2952 1124 3046 cogit.
1148 2955 1219 3025 Hoc

133 3101 240 3149 unum
263 3077 298 3148 in
322 3077 426 3147 finem
446 3099 560 3150 coram
580 3077 727 3148 duorum
744 3080 947 3172 populorum
967 3077 1114 3150 ducibus
1131 3078 1220 3149 affu-

134 3221 195 3272 sus
217 3212 253 3273 et
274 3200 479 3273 lacrimosus
501 3201 665 3272 obsecro:
684 3201 813 3274 Infesta
833 3203 992 3274 manibus
1015 3225 1110 3275 arma
1128 3205 1220 3299 proi-

133 3327 223 3413 icite,
239 3329 321 3400 date
344 3328 523 3411 dexteraS,
540 3327 684 3398 miscete
705 3331 836 3414 oscula,
861 3331 994 3401 animos
1016 3329 1154 3413 animis,
1173 3329 1220 3400 si-

133 3451 213 3544 guis
247 3450 349 3542 signa
382 3449 591 3542 coniungite.
624 3449 679 3520 Sic
713 3454 959 3546 navigantibus
994 3455 1153 3525 Oceanus
1184 3463 1220 3524 et

132 3575 262 3644 Euxini
284 3574 391 3644 maris
411 3573 499 3644 ostia
521 3574 700 3666 patebunt,
720 3577 906 3669 nullusque
925 3597 1046 3668 regum
1073 3584 1133 3646 aut
1157 3595 1218 3666 po

132 3697 292 3787 polorum
316 3693 385 3763 nisi
409 3695 679 3768 venerabundus
710 3707 880 3768 occurret.
908 3697 963 3766 Sic
995 3718 1059 3768 vos
1095 3692 1214 3778 ludus,

133 3815 183 3886 sic
202 3816 390 3886 Britannus
415 3815 643 3912 AEthiopsque
662 3826 868 3912 permetuet.
894 3817 950 3887 Sic
972 3814 1215 3910 Taprobanen,

138 3937 188 4008 sic
228 3939 437 4010 Fortunatas
471 3941 604 4013 insulas
634 3945 872 4034 lamosamque
909 3941 971 4012 sed
1005 3939 1215 4032 incognitam

133 4061 267 4133 Thulen
288 4072 324 4134 et
348 4084 486 4134 omnem
508 4063 706 4135 Australem
728 4074 832 4156 atque
858 4063 1119 4159 Hyperboream
1142 4067 1216 4157 pla-

133 4205 212 4275 gam
234 4207 381 4260 securus
404 4197 520 4260 vester
540 4199 645 4260 nauta
664 4185 847 4260 transiliet:
866 4186 969 4280 modo
986 4187 1136 4260 invicem
1152 4187 1215 4259 tuti
