2958 4804
390 318 483 366 nrsua
505 315 928 366 necaremus-nmmum
949 317 1012 365 xrr.
1179 303 1235 364 lat

162 454 245 525 chus
257 461 293 523 el
306 453 448 523 Seneca.
468 450 554 522 Illud
568 447 627 521 tibi
641 447 859 532 brevissime,
878 448 973 541 quod
991 469 1092 518 nemo
1109 447 1232 519 doctus

161 576 302 665 ignorat,
322 572 561 643 inculcandum
580 589 672 654 reor,
688 569 746 642 ubi
760 571 940 662 passiones
961 569 1118 640 habitant
1134 569 1234 640 nubi-

160 697 228 766 lum
248 715 330 766 esse
349 694 572 776 teterrimum,
591 704 626 764 et
642 691 833 764 horrendas
851 693 976 764 animae
995 691 1170 777 tenebras,
1193 714 1233 765 ac

159 817 315 902 rationis,
339 828 377 888 ut
403 817 539 910 proprie
567 815 733 900 dixerim,
767 813 931 910 eclipsim.
953 814 1066 899 ,Quod
1088 835 1167 886 oum
1186 815 1231 888 de

158 941 319 1012 omnibus
358 951 429 1012 tum
467 939 511 1012 de
548 939 598 1011 ira
628 936 952 1010 convenientissime
977 937 1045 1008 dici
1070 935 1229 1012 arbitror.

159 1065 246 1135 Nihil
267 1075 321 1136 est
341 1063 432 1135 enim
454 1062 548 1156 quod
568 1084 668 1155 aeque
685 1059 964 1153 tranquillitatem
992 1062 1231 1132 serenitatem-

159 1209 223 1278 que
237 1183 426 1280 perturbet,
442 1184 526 1254 nihil
545 1182 603 1254 ubi
621 1191 688 1254 tam
708 1184 800 1254 clara
817 1181 1012 1254 testimonia
1024 1184 1120 1254 laesae
1134 1205 1230 1256 men-

160 1308 199 1378 tis
221 1315 426 1400 appareant:
447 1306 555 1399 pallor
575 1306 705 1389 vultus,
727 1305 871 1375 confusa
888 1326 972 1389 vox,
995 1304 1228 1377 membrorum

158 1438 296 1512 tremor,
324 1427 472 1500 obducta
495 1430 602 1512 frons,
637 1429 765 1498 elatum
797 1426 1034 1520 supercilium,
1066 1426 1227 1499 ardentes

157 1550 256 1638 oculi,
274 1552 365 1622 celer
382 1550 571 1624 anhelitus:
594 1550 671 1622 baec
704 1559 786 1621 sunt
817 1570 898 1642 quae
931 1549 1016 1622 iram
1043 1551 1077 1620 in
1102 1550 1227 1622 animis

157 1671 379 1758 habitantem,
406 1674 514 1744 veluti
539 1672 700 1744 eductum
724 1670 864 1744 latebris
886 1672 1026 1757 Cacum,
1053 1671 1088 1742 in
1114 1675 1226 1744 lucem

155 1794 292 1866 trabunt
309 1817 349 1867 ac
370 1796 607 1891 spectantibus
631 1794 800 1866 visibilem
830 1795 991 1867 reddunt.
1014 1797 1140 1866 Contra
1167 1796 1224 1868 ubi

154 1937 250 1988 mens
272 1915 413 1988 rationis
446 1915 590 2011 imperio
620 1915 775 1988 subiecta
804 1924 839 1988 et
868 1914 1092 2010 passionibus
1118 1917 1227 1990 libera

152 2051 218 2122 est,
241 2037 309 2110 illic
328 2039 470 2110 immota
496 2038 735 2131 tranquillitas
763 2038 830 2109 illic
855 2036 1005 2109 iucunda
1032 2039 1222 2124 serenitaS,

151 2161 215 2231 illic
235 2158 375 2231 demum
397 2160 548 2234 bumana
568 2161 712 2233 felicitas
725 2168 789 2231 est.
804 2159 945 2254 Oportet
962 2159 1081 2251 igitur,
1102 2159 1131 2230 si
1151 2161 1225 2232 leli-

148 2305 203 2354 ces
226 2286 502 2366 essevolumus
525 2305 565 2354 ea
591 2283 750 2354 felicitate
775 2303 879 2374 quam
906 2281 1025 2375 recipit
1043 2280 1115 2352 vita
1133 2304 1224 2353 mor-

148 2407 234 2490 talis,
250 2406 317 2476 etsi
329 2427 392 2500 per
404 2405 493 2478 bano
509 2405 555 2478 ad
567 2406 669 2476 aliam
688 2403 891 2499 aspiramus
906 2413 1051 2500 oportet,
1069 2405 1219 2499 inquam,

146 2529 237 2600 illam
259 2529 425 2602 aethereae
446 2527 572 2600 mentis
594 2529 797 2600 altissimam
817 2549 897 2598 esse
915 2528 1138 2622 particulam,
1163 2539 1218 2615 ut,

146 2653 237 2746 quod
258 2650 303 2722 de
324 2673 486 2746 supremo
506 2650 632 2723 dicitur
651 2651 787 2747 Olympi
810 2649 903 2744 iugo,
927 2653 1020 2723 nulla
1041 2673 1118 2724 eam
1139 2675 1221 2744 pas-

147 2773 283 2845 sionum
304 2771 415 2844 nubes
433 2771 544 2865 possit
559 2771 739 2863 attingere.
762 2772 876 2844 Talem
898 2792 965 2864 ego
986 2771 1046 2844 tibi
1064 2773 1217 2844 animum

144 2917 222 2967 esse
245 2918 313 2967 non
338 2895 475 2980 dubito;
497 2906 655 2966 naturam
681 2894 806 2987 quippe
832 2915 1017 2988 moresque
1038 2905 1115 2966 tuos
1136 2897 1217 2967 novi

143 3019 281 3112 optime,
304 3019 466 3112 quodque
487 3019 569 3092 mibi
587 3018 632 3090 de
649 3028 690 3102 te,
708 3017 753 3090 de
771 3039 896 3109 magno
917 3017 1015 3110 regni
1036 3017 1217 3092 siniscalco

142 3142 217 3214 aliis
234 3142 378 3215 credidi.
400 3143 497 3214 lllum
516 3143 617 3227 lama,
643 3150 675 3214 le
697 3141 780 3212 mibi
800 3139 1014 3235 experientia
1029 3149 1146 3212 notum
1166 3145 1183 3214 l
1202 3184 1216 3196 -

142 3263 195 3333 cit.
213 3264 290 3336 Non
306 3264 480 3336 effractam
492 3274 593 3349 certe,
609 3264 672 3336 sed
688 3284 885 3357 parumper,
906 3272 943 3332 ut
959 3263 1076 3348 audio,
1098 3263 1215 3336 dissu-

141 3395 209 3456 tam
226 3386 412 3459 amicitiam
431 3397 586 3459 veslram
610 3408 675 3460 acu
698 3384 818 3458 solidae
837 3384 1032 3456 devotionis
1053 3407 1093 3457 ac
1120 3387 1212 3458 tenui

141 3509 327 3580 verborum
347 3508 405 3582 filo
425 3531 587 3604 reparare
605 3508 775 3602 disposui,
795 3505 964 3580 ambobus
982 3507 1111 3601 pariter
1128 3508 1213 3580 scri-

140 3629 224 3704 bens
245 3654 371 3724 magna
388 3630 457 3703 fide
477 3653 540 3708 nec
560 3631 684 3704 minori
701 3630 840 3716 fiducia,
861 3651 930 3702 non
947 3629 981 3699 in
997 3629 1125 3723 eloquii
1142 3631 1210 3700 mei

140 3754 287 3840 viribus,
311 3753 428 3826 sedin
448 3753 510 3826 Dei
531 3753 661 3829 auxilio
677 3765 711 3826 et
730 3754 909 3846 utriusque
928 3764 1084 3825 vestrum
1105 3752 1210 3823 mori-

139 3873 204 3948 bus
225 3898 323 3970 spem
344 3877 489 3948 babens.
510 3874 661 3962 Quod-si
684 3898 801 3948 secum
821 3875 947 3960 audeo,
970 3874 1054 3969 quid
1077 3896 1132 3944 me
1159 3882 1209 3943 te-

140 4018 215 4068 cum
235 3999 397 4092 probibet
411 3998 562 4072 audere?
582 3997 729 4071 Proinde
747 3997 850 4068 unum
881 3998 946 4069 boc
970 4019 990 4068 a
1014 4009 1069 4080 te,
1103 3995 1209 4067 immo

139 4140 221 4193 vero
241 4121 286 4193 ab
306 4119 476 4196 ambobus
498 4124 646 4216 postulo,
666 4133 703 4194 ut
720 4120 763 4194 ad
780 4120 973 4194 communis
989 4119 1142 4216 epistolae
1159 4123 1208 4190 le-
