2988 4800
373 393 465 442 nrnan
487 391 673 442 uunsoruus.
686 393 887 442 -srrsroml
909 395 970 442 vm.
1153 382 1209 444 1⁰25

133 553 206 604 rum
244 553 283 602 se
316 531 481 623 imparem
518 550 771 620 recognoscens
798 531 933 602 animus
958 531 1209 622 quiescendum

134 651 363 725 tacendumne
388 650 582 736 denunciet,
602 661 761 743 erumpet
781 660 896 722 tamen
922 652 1064 754 annium
1087 663 1209 744 pectus

132 779 306 847 invoces.
328 775 402 843 Non
425 773 628 866 peregrinas
650 773 839 846 sententias
861 784 920 845 aut
940 775 1050 846 verba
1067 776 1210 848 venabi-

133 909 201 981 tur3
223 895 395 989 quidquid
415 897 460 968 ad
485 919 625 967 manum
652 897 802 981 venerit,
824 900 994 994 quidquid
1017 899 1116 972 dolor
1136 922 1209 971 me-

133 1032 258 1113 tusque
278 1020 452 1090 suaserint
469 1022 642 1111 loquetur:
661 1021 800 1105 festina,
821 1023 967 1117 trepida,
987 1022 1209 1095 tumultuaria

132 1153 165 1214 et
184 1141 282 1234 quod
301 1149 426 1213 natura
452 1163 565 1211 rerum
592 1142 669 1224 lert,
697 1140 869 1214 simillima
897 1145 1021 1214 mentis
1046 1143 1208 1216 fluetibus

132 1265 243 1336 exibit
264 1264 386 1335 oratio.
410 1264 448 1334 ld
470 1263 499 1333 si
519 1286 696 1354 nunquam
717 1264 817 1348 alias
840 1288 932 1336 nuno
958 1266 1041 1336 mibi
1062 1286 1209 1359 praeser-

132 1389 190 1457 tim
211 1386 357 1460 evenire
378 1385 528 1456 noveris.
551 1386 694 1456 bloveor
713 1386 890 1479 equidem,
913 1389 967 1458 vir
987 1387 1148 1471 illustriS,
1175 1399 1210 1460 et

130 1511 234 1583 valde
255 1531 482 1602 permoveor:
503 1519 550 1593 et,
575 1511 604 1580 si
625 1509 801 1603 proprium
824 1511 966 1582 allectus
994 1511 1058 1582 mei
1084 1533 1209 1582 nomen

131 1633 255 1724 exigis
273 1640 452 1724 permetuo
466 1633 649 1702 frementes
668 1631 863 1704 incircuitu
882 1635 1048 1726 proeellas
1067 1641 1103 1702 et
1119 1654 1208 1726 quos

132 1755 289 1848 undique
308 1752 483 1824 cernimus
505 1776 624 1824 rerum
645 1763 771 1826 motus.
794 1757 863 1827 Sed
885 1765 923 1827 ut
943 1755 1048 1827 totius
1067 1756 1209 1826 humani

131 1879 271 1971 generis
292 1879 444 1948 lamenta
463 1887 683 1969 praeteream,
712 1878 847 1948 italicus
869 1879 972 1950 bomo
997 1880 1042 1951 ad
1062 1878 1208 1950 italicam
1235 1933 1238 1941 .

130 2002 308 2092 querelam
331 1996 443 2068 venio.
465 1998 613 2089 Surgitis
640 2021 731 2071 nuno
759 2000 804 2071 ad
828 2022 922 2071 arma
947 2001 1018 2072 duo
1042 2001 1209 2092 potentis-

131 2123 209 2195 simi
231 2121 364 2216 populi,
399 2121 480 2192 duae
509 2121 762 2193 florentissimae
783 2123 904 2206 urbes,
927 2123 1011 2206 duo,
1035 2131 1072 2192 ut
1096 2123 1207 2194 dicam

128 2247 291 2329 breviter,
315 2246 424 2316 ltaliae
444 2245 588 2318 lumina:
614 2266 708 2337 quae,
733 2255 773 2314 ut·
790 2245 873 2314 mibi
894 2245 1033 2337 quidem
1056 2245 1206 2331 videtur,

127 2380 388 2464 peropportune
420 2368 507 2439 adeo
540 2366 620 2441 bine
652 2368 756 2450 illinc,
779 2368 907 2439 circum
938 2366 1081 2440 Ausonii
1114 2367 1208 2440 orbis

128 2494 282 2565 claustra
303 2490 479 2562 distribuit
498 2501 620 2562 natura
640 2512 779 2585 parenS,
800 2499 838 2560 ut
858 2490 959 2562 vobis
977 2491 1020 2562 ad
1039 2503 1156 2564 arcton
1174 2502 1209 2564 et

130 2612 173 2688 ad
190 2624 308 2687 ortum
328 2614 423 2696 solis,
443 2613 509 2684 illis
528 2613 572 2686 ad
591 2613 769 2686 meridiem
788 2623 822 2684 et
838 2614 883 2685 ad
901 2635 1064 2686 oceasum
1082 2616 1206 2700 versis

129 2738 230 2810 vobis
251 2759 417 2831 superum
436 2736 502 2808 illis
518 2736 663 2806 inferum
685 2757 782 2808 mare
800 2735 1028 2820 frenantibus
1050 2747 1130 2830 post
1147 2740 1210 2810 de-

129 2860 304 2931 bilitatum
345 2860 614 2950 inclinatumque
654 2858 736 2944 iam,
771 2881 814 2930 ne
852 2859 963 2931 dicam
997 2869 1208 2953 prostratum

131 3005 278 3078 prorsus
300 2991 336 3052 et
355 2982 560 3066 extinctum,
580 3002 760 3052 romanum
776 2981 969 3074 imperium,
985 2983 1100 3054 adbuc
1116 2981 1209 3074 regi-

130 3128 212 3178 nam
240 3105 372 3176 ltaliam
400 3105 671 3198 quadripartitus
703 3105 798 3176 orbis
825 3116 1036 3197 agnosceret.
1063 3107 1113 3178 De
1139 3130 1209 3199 qua

129 3250 183 3311 re,
204 3226 273 3298 etsi
295 3228 525 3320 quarumdam
551 3231 638 3299 forte
662 3229 817 3320 gentium
851 3228 1015 3323 superbia
1047 3231 1081 3300 in
1108 3229 1207 3302 terris

128 3351 221 3422 litem
255 3353 387 3422 lactura
416 3350 587 3434 videatur,
616 3350 651 3421 in
677 3354 745 3424 alto
770 3362 864 3424 nerle
894 3353 1021 3425 nullius
1054 3375 1208 3445 unquam

128 3473 342 3566 impudentia
361 3476 635 3546 controversiam
652 3476 814 3550 movebit.
835 3477 1007 3549 Caeterum
1026 3476 1056 3548 si
1073 3476 1107 3546 in
1124 3497 1207 3548 vos·

129 3595 313 3688 metipsos,
337 3597 432 3690 quod
461 3597 590 3668 nedum
625 3609 782 3690 spectare
804 3599 867 3670 sed
888 3597 1032 3669 ominari
1057 3597 1204 3679 horreo,

128 3717 282 3790 victricia
315 3741 407 3790 nuno
438 3741 534 3790 arma
566 3721 778 3808 convertitis,
814 3719 908 3790 baud
940 3718 1045 3792 dubie
1077 3718 1205 3789 vestris

128 3839 275 3934 propriis
298 3841 457 3914 manibus
479 3842 586 3914 saucii
606 3845 772 3936 perimus,
808 3843 934 3914 vestris
960 3840 1107 3935 propriis
1134 3861 1206 3910 ma-

127 3959 230 4032 nibus
253 3960 389 4056 spoliati
410 3973 445 4035 et
465 3985 589 4036 nomen
615 3973 651 4036 et
671 3963 789 4036 multis
815 3963 1001 4056 quaesitum
1027 3961 1204 4034 laboribus

126 4080 309 4178 imperium
337 4085 441 4158 maris
463 4087 667 4159 amittimus:
701 4087 747 4158 ita
777 4094 892 4157 tamen
919 4095 969 4170 ut,
997 4085 1090 4179 quod
1111 4106 1205 4178 saepe

124 4207 210 4280 alias
240 4211 409 4314 malorum
434 4213 587 4282 solamen
610 4211 808 4295 babuimus,
831 4232 898 4282 non
916 4209 1121 4304 perdemus:
1149 4230 1204 4280 ea—
