<?xml version="1.0" encoding="UTF-8"?>
<!DOCTYPE html PUBLIC "-//W3C//DTD XHTML 1.0 Transitional//EN"
    "http://www.w3.org/TR/xhtml1/DTD/xhtml1-transitional.dtd">
<html xmlns="http://www.w3.org/1999/xhtml" xml:lang="en" lang="en">
 <head>
  <title>
</title>
<meta http-equiv="Content-Type" content="text/html;charset=utf-8" />
  <meta name='ocr-system' content='tesseract 3.04.00' />
  <meta name='ocr-capabilities' content='ocr_page ocr_carea ocr_par ocr_line ocrx_word'/>
</head>
<body>
  <div class='ocr_page' id='page_1' title='image "./franciscipetrar01fracgoog_0467.png"; bbox 0 0 3062 4798; ppageno 0'>
   <div class='ocr_carea' id='block_1_1' title="bbox 245 295 1021 380">
    <p class='ocr_par' dir='ltr' id='par_1_1' title="bbox 245 295 1021 380">
     <span class='ocr_line' id='line_1_1' title="bbox 245 295 1021 380; baseline 0 -30"><span class='ocrx_word' id='word_1_1' title='bbox 245 295 301 354; x_wconf 81' lang='lat' dir='ltr'><strong>l5ll</strong></span> <span class='ocrx_word' id='word_1_2' title='bbox 581 305 621 350; x_wconf 87' lang='lat' dir='ltr'><strong>nu</strong></span> <span class='ocrx_word' id='word_1_3' title='bbox 644 304 744 352; x_wconf 82' lang='lat' dir='ltr'><strong>nunus</strong></span> <span class='ocrx_word' id='word_1_4' title='bbox 766 301 989 350; x_wconf 75' lang='lat' dir='ltr'><strong>rnuuuaruus</strong></span> <span class='ocrx_word' id='word_1_5' title='bbox 1018 375 1021 380; x_wconf 20' lang='grc' dir='ltr'>Ι</span> 
     </span>
    </p>
   </div>
   <div class='ocr_carea' id='block_1_2' title="bbox 163 437 1372 3850">
    <p class='ocr_par' dir='ltr' id='par_1_2' title="bbox 163 437 1350 2252">
     <span class='ocr_line' id='line_1_2' title="bbox 247 437 1324 534; baseline 0.006 -32"><span class='ocrx_word' id='word_1_6' title='bbox 247 469 263 503; x_wconf 70' lang='grc' dir='ltr'>ι</span> <span class='ocrx_word' id='word_1_7' title='bbox 290 451 326 510; x_wconf 87' lang='lat' dir='ltr'><strong>et</strong></span> <span class='ocrx_word' id='word_1_8' title='bbox 344 447 483 532; x_wconf 88' lang='lat' dir='ltr'><strong>paretur</strong></span> <span class='ocrx_word' id='word_1_9' title='bbox 503 438 636 520; x_wconf 88' lang='lat' dir='ltr'><strong>statim;</strong></span> <span class='ocrx_word' id='word_1_10' title='bbox 658 439 805 534; x_wconf 86' lang='lat' dir='ltr'><strong>imperat</strong></span> <span class='ocrx_word' id='word_1_11' title='bbox 824 439 963 510; x_wconf 86' lang='lat' dir='ltr'><strong>animus</strong></span> <span class='ocrx_word' id='word_1_12' title='bbox 984 437 1060 522; x_wconf 87' lang='lat' dir='ltr'><strong>sibi,</strong></span> <span class='ocrx_word' id='word_1_13' title='bbox 1081 449 1118 510; x_wconf 90' lang='lat' dir='ltr'><strong>et</strong></span> <span class='ocrx_word' id='word_1_14' title='bbox 1138 439 1324 511; x_wconf 74' lang='lat' dir='ltr'><strong>resistitur.</strong></span> 
     </span>
     <span class='ocr_line' id='line_1_3' title="bbox 248 539 1327 655; baseline 0.008 -32"><span class='ocrx_word' id='word_1_15' title='bbox 248 590 262 623; x_wconf 73' lang='grc' dir='ltr'>ι</span> <span class='ocrx_word' id='word_1_16' title='bbox 291 561 442 655; x_wconf 89' lang='lat' dir='ltr'><strong>imperat</strong></span> <span class='ocrx_word' id='word_1_17' title='bbox 461 560 599 632; x_wconf 88' lang='lat' dir='ltr'><strong>animus</strong></span> <span class='ocrx_word' id='word_1_18' title='bbox 617 569 657 630; x_wconf 92' lang='lat' dir='ltr'><strong>ut</strong></span> <span class='ocrx_word' id='word_1_19' title='bbox 674 571 855 632; x_wconf 85' lang='lat' dir='ltr'><strong>moveatur</strong></span> <span class='ocrx_word' id='word_1_20' title='bbox 872 580 1011 642; x_wconf 83' lang='lat' dir='ltr'><strong>manus,</strong></span> <span class='ocrx_word' id='word_1_21' title='bbox 1030 569 1067 630; x_wconf 89' lang='lat' dir='ltr'><strong>et</strong></span> <span class='ocrx_word' id='word_1_22' title='bbox 1086 557 1182 632; x_wconf 58' lang='lat' dir='ltr'><strong>duta</strong></span> <span class='ocrx_word' id='word_1_23' title='bbox 1201 539 1259 632; x_wconf 85' lang='lat' dir='ltr'><strong>est</strong></span> <span class='ocrx_word' id='word_1_24' title='bbox 1276 561 1327 632; x_wconf 86' lang='lat' dir='ltr'><strong>fa-</strong></span> 
     </span>
     <span class='ocr_line' id='line_1_4' title="bbox 248 658 1328 776; baseline 0.004 -26"><span class='ocrx_word' id='word_1_25' title='bbox 248 715 263 750; x_wconf 79' lang='lat'>»</span> <span class='ocrx_word' id='word_1_26' title='bbox 291 685 416 768; x_wconf 87' lang='lat' dir='ltr'><strong>ollitas,</strong></span> <span class='ocrx_word' id='word_1_27' title='bbox 434 694 471 755; x_wconf 94' lang='lat' dir='ltr'><strong>ut</strong></span> <span class='ocrx_word' id='word_1_28' title='bbox 483 685 546 755; x_wconf 85' lang='lat' dir='ltr'><strong>vix</strong></span> <span class='ocrx_word' id='word_1_29' title='bbox 559 706 580 755; x_wconf 87' lang='lat' dir='ltr'><strong>a</strong></span> <span class='ocrx_word' id='word_1_30' title='bbox 594 684 738 756; x_wconf 89' lang='lat' dir='ltr'><strong>servitio</strong></span> <span class='ocrx_word' id='word_1_31' title='bbox 754 683 974 760; x_wconf 77' lang='lat' dir='ltr'><strong>discernatur</strong></span> <span class='ocrx_word' id='word_1_32' title='bbox 990 682 1173 776; x_wconf 89' lang='lat' dir='ltr'><strong>imperium</strong></span> <span class='ocrx_word' id='word_1_33' title='bbox 1184 711 1192 752; x_wconf 80' lang='grc' dir='ltr'>ι</span> <span class='ocrx_word' id='word_1_34' title='bbox 1205 658 1328 755; x_wconf 71' lang='lat' dir='ltr'><strong>etaui-</strong></span> 
     </span>
     <span class='ocr_line' id='line_1_5' title="bbox 248 806 1328 901; baseline 0.006 -29"><span class='ocrx_word' id='word_1_35' title='bbox 248 835 264 872; x_wconf 75' lang='grc' dir='ltr'>ι</span> <span class='ocrx_word' id='word_1_36' title='bbox 292 828 371 878; x_wconf 90' lang='lat' dir='ltr'><strong>mus</strong></span> <span class='ocrx_word' id='word_1_37' title='bbox 391 807 529 878; x_wconf 87' lang='lat' dir='ltr'><strong>animus</strong></span> <span class='ocrx_word' id='word_1_38' title='bbox 553 818 622 892; x_wconf 85' lang='lat' dir='ltr'><strong>est,</strong></span> <span class='ocrx_word' id='word_1_39' title='bbox 654 827 778 878; x_wconf 86' lang='lat' dir='ltr'><strong>manus</strong></span> <span class='ocrx_word' id='word_1_40' title='bbox 804 817 918 878; x_wconf 84' lang='lat' dir='ltr'><strong>autem</strong></span> <span class='ocrx_word' id='word_1_41' title='bbox 944 826 1072 901; x_wconf 86' lang='lat' dir='ltr'><strong>eorpus</strong></span> <span class='ocrx_word' id='word_1_42' title='bbox 1091 816 1157 878; x_wconf 87' lang='lat' dir='ltr'><strong>est.</strong></span> <span class='ocrx_word' id='word_1_43' title='bbox 1178 806 1328 900; x_wconf 76' lang='lat' dir='ltr'><strong>Imperat</strong></span> 
     </span>
     <span class='ocr_line' id='line_1_6' title="bbox 248 929 1326 1014; baseline 0.006 -20"><span class='ocrx_word' id='word_1_44' title='bbox 248 957 264 995; x_wconf 72' lang='grc' dir='ltr'>ι</span> <span class='ocrx_word' id='word_1_45' title='bbox 293 930 430 1002; x_wconf 89' lang='lat' dir='ltr'><strong>animus</strong></span> <span class='ocrx_word' id='word_1_46' title='bbox 443 938 481 1000; x_wconf 94' lang='lat' dir='ltr'><strong>ut</strong></span> <span class='ocrx_word' id='word_1_47' title='bbox 494 929 579 1000; x_wconf 84' lang='lat' dir='ltr'><strong>velit</strong></span> <span class='ocrx_word' id='word_1_48' title='bbox 592 929 744 1012; x_wconf 79' lang='lat' dir='ltr'><strong>ammos,</strong></span> <span class='ocrx_word' id='word_1_49' title='bbox 760 949 825 1000; x_wconf 86' lang='lat' dir='ltr'><strong>nee</strong></span> <span class='ocrx_word' id='word_1_50' title='bbox 843 930 930 1000; x_wconf 88' lang='lat' dir='ltr'><strong>alter</strong></span> <span class='ocrx_word' id='word_1_51' title='bbox 942 935 1011 1014; x_wconf 87' lang='lat' dir='ltr'><strong>est,</strong></span> <span class='ocrx_word' id='word_1_52' title='bbox 1026 949 1090 1000; x_wconf 86' lang='lat' dir='ltr'><strong>nee</strong></span> <span class='ocrx_word' id='word_1_53' title='bbox 1104 930 1186 1000; x_wconf 86' lang='lat' dir='ltr'><strong>facit</strong></span> <span class='ocrx_word' id='word_1_54' title='bbox 1198 942 1326 1002; x_wconf 68' lang='lat' dir='ltr'><strong>umen.</strong></span> 
     </span>
     <span class='ocr_line' id='line_1_7' title="bbox 249 1051 1325 1146; baseline 0.006 -28"><span class='ocrx_word' id='word_1_55' title='bbox 249 1083 264 1118; x_wconf 71' lang='grc' dir='ltr'>ι</span> <span class='ocrx_word' id='word_1_56' title='bbox 294 1053 392 1126; x_wconf 87' lang='lat' dir='ltr'>Unde</span> <span class='ocrx_word' id='word_1_57' title='bbox 404 1055 471 1125; x_wconf 90' lang='lat' dir='ltr'><strong>hoo</strong></span> <span class='ocrx_word' id='word_1_58' title='bbox 484 1061 677 1125; x_wconf 89' lang='lat' dir='ltr'><strong>monstrum</strong></span> <span class='ocrx_word' id='word_1_59' title='bbox 691 1064 726 1124; x_wconf 87' lang='lat' dir='ltr'><strong>et</strong></span> <span class='ocrx_word' id='word_1_60' title='bbox 738 1074 849 1145; x_wconf 89' lang='lat' dir='ltr'><strong>quare</strong></span> <span class='ocrx_word' id='word_1_61' title='bbox 861 1051 978 1123; x_wconf 78' lang='lat' dir='ltr'><strong>istud?</strong></span> <span class='ocrx_word' id='word_1_62' title='bbox 990 1053 1154 1146; x_wconf 83' lang='lat' dir='ltr'><strong>Imperat,</strong></span> <span class='ocrx_word' id='word_1_63' title='bbox 1169 1053 1325 1146; x_wconf 87' lang='lat' dir='ltr'><strong>inquam,</strong></span> 
     </span>
     <span class='ocr_line' id='line_1_8' title="bbox 248 1160 1328 1268; baseline 0.002 -22"><span class='ocrx_word' id='word_1_64' title='bbox 248 1205 263 1237; x_wconf 70' lang='lat' dir='ltr'><strong>a</strong></span> <span class='ocrx_word' id='word_1_65' title='bbox 294 1187 333 1246; x_wconf 87' lang='grc' dir='ltr'><strong>ιιι</strong></span> <span class='ocrx_word' id='word_1_66' title='bbox 345 1160 441 1256; x_wconf 81' lang='lat' dir='ltr'><strong>uelit,</strong></span> <span class='ocrx_word' id='word_1_67' title='bbox 458 1174 518 1267; x_wconf 94' lang='lat' dir='ltr'><strong>qui</strong></span> <span class='ocrx_word' id='word_1_68' title='bbox 535 1196 605 1246; x_wconf 90' lang='lat' dir='ltr'><strong>uon</strong></span> <span class='ocrx_word' id='word_1_69' title='bbox 623 1175 811 1267; x_wconf 80' lang='lat' dir='ltr'><strong>imperaret</strong></span> <span class='ocrx_word' id='word_1_70' title='bbox 827 1174 895 1246; x_wconf 88' lang='lat' dir='ltr'><strong>nisi</strong></span> <span class='ocrx_word' id='word_1_71' title='bbox 912 1176 1026 1260; x_wconf 87' lang='lat' dir='ltr'><strong>vellet,</strong></span> <span class='ocrx_word' id='word_1_72' title='bbox 1044 1185 1081 1248; x_wconf 88' lang='lat' dir='ltr'><strong>et</strong></span> <span class='ocrx_word' id='word_1_73' title='bbox 1096 1197 1167 1248; x_wconf 90' lang='lat' dir='ltr'><strong>uon</strong></span> <span class='ocrx_word' id='word_1_74' title='bbox 1180 1173 1219 1248; x_wconf 86' lang='lat' dir='ltr'><strong>fit</strong></span> <span class='ocrx_word' id='word_1_75' title='bbox 1233 1175 1328 1268; x_wconf 89' lang='lat' dir='ltr'><strong>quod</strong></span> 
     </span>
     <span class='ocr_line' id='line_1_9' title="bbox 249 1297 1326 1393; baseline 0.007 -31"><span class='ocrx_word' id='word_1_76' title='bbox 249 1327 265 1362; x_wconf 71' lang='grc' dir='ltr'>ι)</span> <span class='ocrx_word' id='word_1_77' title='bbox 293 1301 450 1393; x_wconf 89' lang='lat' dir='ltr'><strong>imperat.</strong></span> <span class='ocrx_word' id='word_1_78' title='bbox 476 1325 490 1362; x_wconf 77' lang='grc' dir='ltr'>ι</span> <span class='ocrx_word' id='word_1_79' title='bbox 520 1299 602 1370; x_wconf 71' lang='lat' dir='ltr'><strong>Haeo</strong></span> <span class='ocrx_word' id='word_1_80' title='bbox 621 1307 676 1368; x_wconf 90' lang='lat' dir='ltr'><strong>est</strong></span> <span class='ocrx_word' id='word_1_81' title='bbox 695 1297 882 1390; x_wconf 78' lang='lat' dir='ltr'><strong>Augustini</strong></span> <span class='ocrx_word' id='word_1_82' title='bbox 900 1299 1084 1370; x_wconf 90' lang='lat' dir='ltr'><strong>admiratio</strong></span> <span class='ocrx_word' id='word_1_83' title='bbox 1104 1299 1149 1370; x_wconf 87' lang='lat' dir='ltr'><strong>de</strong></span> <span class='ocrx_word' id='word_1_84' title='bbox 1175 1321 1215 1370; x_wconf 91' lang='lat' dir='ltr'><strong>se</strong></span> <span class='ocrx_word' id='word_1_85' title='bbox 1239 1299 1326 1391; x_wconf 86' lang='lat' dir='ltr'><strong>ipsu.</strong></span> 
     </span>
     <span class='ocr_line' id='line_1_10' title="bbox 163 1420 1328 1514; baseline -0.001 -21"><span class='ocrx_word' id='word_1_86' title='bbox 163 1510 165 1514; x_wconf 23' lang='grc' dir='ltr'>Ι</span> <span class='ocrx_word' id='word_1_87' title='bbox 227 1434 230 1438; x_wconf 86' lang='grc'><strong>’</strong></span> <span class='ocrx_word' id='word_1_88' title='bbox 245 1421 390 1504; x_wconf 89' lang='lat' dir='ltr'><strong>Quodsi</strong></span> <span class='ocrx_word' id='word_1_89' title='bbox 405 1421 439 1492; x_wconf 92' lang='lat' dir='ltr'><strong>in</strong></span> <span class='ocrx_word' id='word_1_90' title='bbox 453 1439 495 1492; x_wconf 90' lang='lat' dir='ltr'><strong>eo</strong></span> <span class='ocrx_word' id='word_1_91' title='bbox 508 1420 619 1513; x_wconf 87' lang='lat' dir='ltr'><strong>potuit</strong></span> <span class='ocrx_word' id='word_1_92' title='bbox 631 1421 802 1504; x_wconf 83' lang='lat' dir='ltr'><strong>accidere,</strong></span> <span class='ocrx_word' id='word_1_93' title='bbox 817 1421 902 1514; x_wconf 93' lang='lat' dir='ltr'><strong>quid</strong></span> <span class='ocrx_word' id='word_1_94' title='bbox 918 1422 953 1492; x_wconf 91' lang='lat' dir='ltr'><strong>in</strong></span> <span class='ocrx_word' id='word_1_95' title='bbox 966 1443 1022 1494; x_wconf 92' lang='lat' dir='ltr'><strong>me</strong></span> <span class='ocrx_word' id='word_1_96' title='bbox 1039 1423 1107 1492; x_wconf 87' lang='lat' dir='ltr'><strong>tale</strong></span> <span class='ocrx_word' id='word_1_97' title='bbox 1120 1421 1252 1514; x_wconf 79' lang='lat' dir='ltr'><strong>aliqmd</strong></span> <span class='ocrx_word' id='word_1_98' title='bbox 1264 1423 1328 1493; x_wconf 90' lang='lat' dir='ltr'><strong>mi·</strong></span> 
     </span>
     <span class='ocr_line' id='line_1_11' title="bbox 246 1543 1328 1637; baseline 0.002 -21"><span class='ocrx_word' id='word_1_99' title='bbox 246 1547 385 1617; x_wconf 87' lang='lat' dir='ltr'><strong>remur‘l</strong></span> <span class='ocrx_word' id='word_1_100' title='bbox 397 1543 522 1616; x_wconf 83' lang='lat' dir='ltr'><strong>Adhuc</strong></span> <span class='ocrx_word' id='word_1_101' title='bbox 534 1553 662 1628; x_wconf 88' lang='lat' dir='ltr'><strong>tamen,</strong></span> <span class='ocrx_word' id='word_1_102' title='bbox 676 1554 716 1614; x_wconf 93' lang='lat' dir='ltr'><strong>ut</strong></span> <span class='ocrx_word' id='word_1_103' title='bbox 727 1544 838 1628; x_wconf 90' lang='lat' dir='ltr'><strong>vides,</strong></span> <span class='ocrx_word' id='word_1_104' title='bbox 853 1543 1071 1637; x_wconf 80' lang='lat' dir='ltr'><strong>subterfugio</strong></span> <span class='ocrx_word' id='word_1_105' title='bbox 1082 1554 1118 1616; x_wconf 89' lang='lat' dir='ltr'><strong>et</strong></span> <span class='ocrx_word' id='word_1_106' title='bbox 1130 1567 1252 1637; x_wconf 82' lang='lat' dir='ltr'><strong>vagor,</strong></span> <span class='ocrx_word' id='word_1_107' title='bbox 1265 1565 1328 1618; x_wconf 88' lang='lat' dir='ltr'><strong>neo</strong></span> 
     </span>
     <span class='ocr_line' id='line_1_12' title="bbox 245 1666 1350 1762; baseline -0.005 -19"><span class='ocrx_word' id='word_1_108' title='bbox 245 1671 330 1743; x_wconf 91' lang='lat' dir='ltr'><strong>dum</strong></span> <span class='ocrx_word' id='word_1_109' title='bbox 344 1679 404 1740; x_wconf 88' lang='lat' dir='ltr'><strong>aut</strong></span> <span class='ocrx_word' id='word_1_110' title='bbox 419 1677 498 1737; x_wconf 90' lang='lat' dir='ltr'><strong>tuus</strong></span> <span class='ocrx_word' id='word_1_111' title='bbox 514 1674 644 1760; x_wconf 83' lang='lat' dir='ltr'><strong>stupor,</strong></span> <span class='ocrx_word' id='word_1_112' title='bbox 661 1674 722 1737; x_wconf 88' lang='lat' dir='ltr'><strong>aut</strong></span> <span class='ocrx_word' id='word_1_113' title='bbox 734 1666 834 1738; x_wconf 85' lang='lat' dir='ltr'><strong>amici</strong></span> <span class='ocrx_word' id='word_1_114' title='bbox 852 1667 953 1752; x_wconf 90' lang='lat' dir='ltr'><strong>illius,</strong></span> <span class='ocrx_word' id='word_1_115' title='bbox 968 1677 1028 1739; x_wconf 90' lang='lat' dir='ltr'><strong>aut</strong></span> <span class='ocrx_word' id='word_1_116' title='bbox 1041 1689 1140 1739; x_wconf 87' lang='lat' dir='ltr'><strong>meus</strong></span> <span class='ocrx_word' id='word_1_117' title='bbox 1154 1668 1223 1762; x_wconf 85' lang='lat' dir='ltr'><strong>(me</strong></span> <span class='ocrx_word' id='word_1_118' title='bbox 1236 1667 1326 1738; x_wconf 92' lang='lat' dir='ltr'><strong>enim</strong></span> <span class='ocrx_word' id='word_1_119' title='bbox 1346 1714 1350 1726; x_wconf 68' lang='lat'><em>›</em></span> 
     </span>
     <span class='ocr_line' id='line_1_13' title="bbox 245 1790 1325 1884; baseline -0.004 -22"><span class='ocrx_word' id='word_1_120' title='bbox 245 1791 360 1884; x_wconf 84' lang='lat' dir='ltr'><strong>ipsum</strong></span> <span class='ocrx_word' id='word_1_121' title='bbox 392 1809 600 1879; x_wconf 87' lang='lat' dir='ltr'><strong>erroresque</strong></span> <span class='ocrx_word' id='word_1_122' title='bbox 632 1809 732 1860; x_wconf 90' lang='lat' dir='ltr'><strong>meos</strong></span> <span class='ocrx_word' id='word_1_123' title='bbox 763 1797 868 1880; x_wconf 88' lang='lat' dir='ltr'><strong>atque</strong></span> <span class='ocrx_word' id='word_1_124' title='bbox 901 1790 1007 1860; x_wconf 86' lang='lat' dir='ltr'><strong>animi</strong></span> <span class='ocrx_word' id='word_1_125' title='bbox 1038 1791 1108 1861; x_wconf 88' lang='lat' dir='ltr'><strong>mei</strong></span> <span class='ocrx_word' id='word_1_126' title='bbox 1134 1801 1325 1860; x_wconf 86' lang='lat' dir='ltr'><strong>monstrum</strong></span> 
     </span>
     <span class='ocr_line' id='line_1_14' title="bbox 245 1909 1327 2004; baseline -0.005 -18"><span class='ocrx_word' id='word_1_127' title='bbox 245 1913 338 1986; x_wconf 88' lang='lat' dir='ltr'><strong>aliud</strong></span> <span class='ocrx_word' id='word_1_128' title='bbox 362 1912 511 1984; x_wconf 87' lang='lat' dir='ltr'><strong>volentis</strong></span> <span class='ocrx_word' id='word_1_129' title='bbox 532 1919 567 1983; x_wconf 91' lang='lat' dir='ltr'><strong>et</strong></span> <span class='ocrx_word' id='word_1_130' title='bbox 591 1909 685 1982; x_wconf 84' lang='lat' dir='ltr'><strong>aliud</strong></span> <span class='ocrx_word' id='word_1_131' title='bbox 705 1913 842 2003; x_wconf 80' lang='lat' dir='ltr'><strong>agentis</strong></span> <span class='ocrx_word' id='word_1_132' title='bbox 863 1914 942 1985; x_wconf 92' lang='lat' dir='ltr'><strong>nolo</strong></span> <span class='ocrx_word' id='word_1_133' title='bbox 962 1912 1118 1984; x_wconf 77' lang='lat' dir='ltr'><strong>aestimes</strong></span> <span class='ocrx_word' id='word_1_134' title='bbox 1139 1933 1196 1982; x_wconf 89' lang='lat' dir='ltr'><strong>me</strong></span> <span class='ocrx_word' id='word_1_135' title='bbox 1217 1911 1327 2004; x_wconf 78' lang='lat' dir='ltr'><strong>magis</strong></span> 
     </span>
     <span class='ocr_line' id='line_1_15' title="bbox 245 2011 1328 2130; baseline 0 -24"><span class='ocrx_word' id='word_1_136' title='bbox 245 2011 394 2130; x_wconf 86' lang='lat' dir='ltr'><strong>aliquem</strong></span> <span class='ocrx_word' id='word_1_137' title='bbox 421 2033 597 2126; x_wconf 86' lang='lat' dir='ltr'><strong>admirari)</strong></span> <span class='ocrx_word' id='word_1_138' title='bbox 625 2033 725 2105; x_wconf 90' lang='lat' dir='ltr'><strong>brevi</strong></span> <span class='ocrx_word' id='word_1_139' title='bbox 758 2036 873 2130; x_wconf 86' lang='lat' dir='ltr'><strong>aliqua</strong></span> <span class='ocrx_word' id='word_1_140' title='bbox 897 2047 933 2108; x_wconf 86' lang='lat' dir='ltr'><strong>et</strong></span> <span class='ocrx_word' id='word_1_141' title='bbox 956 2045 1076 2128; x_wconf 87' lang='lat' dir='ltr'><strong>aperta</strong></span> <span class='ocrx_word' id='word_1_142' title='bbox 1101 2034 1328 2128; x_wconf 87' lang='lat' dir='ltr'><strong>responsione</strong></span> 
     </span>
     <span class='ocr_line' id='line_1_16' title="bbox 244 2156 1325 2252; baseline -0.002 -22"><span class='ocrx_word' id='word_1_143' title='bbox 244 2156 494 2251; x_wconf 84' lang='lat' dir='ltr'><strong>comprirnitur.</strong></span> <span class='ocrx_word' id='word_1_144' title='bbox 516 2157 608 2240; x_wconf 87' lang='lat' dir='ltr'><strong>Quid</strong></span> <span class='ocrx_word' id='word_1_145' title='bbox 625 2179 711 2250; x_wconf 78' lang='lat' dir='ltr'><strong>ergo</strong></span> <span class='ocrx_word' id='word_1_146' title='bbox 727 2159 822 2250; x_wconf 87' lang='lat' dir='ltr'><strong>quod</strong></span> <span class='ocrx_word' id='word_1_147' title='bbox 835 2159 976 2243; x_wconf 87' lang='lat' dir='ltr'><strong>Paulus,</strong></span> <span class='ocrx_word' id='word_1_148' title='bbox 989 2159 1084 2252; x_wconf 93' lang='lat' dir='ltr'><strong>quod</strong></span> <span class='ocrx_word' id='word_1_149' title='bbox 1098 2158 1325 2250; x_wconf 78' lang='lat' dir='ltr'><strong>Augustinus,</strong></span> 
     </span>
    </p>

    <p class='ocr_par' dir='ltr' id='par_1_3' title="bbox 244 2249 1372 3850">
     <span class='ocr_line' id='line_1_17' title="bbox 245 2249 1372 2374; baseline 0 -22"><span class='ocrx_word' id='word_1_150' title='bbox 245 2278 339 2372; x_wconf 91' lang='lat' dir='ltr'><strong>quod</strong></span> <span class='ocrx_word' id='word_1_151' title='bbox 357 2278 629 2352; x_wconf 88' lang='lat' dir='ltr'><strong>innumerabiles</strong></span> <span class='ocrx_word' id='word_1_152' title='bbox 646 2281 716 2366; x_wconf 85' lang='lat' dir='ltr'><strong>alii,</strong></span> <span class='ocrx_word' id='word_1_153' title='bbox 730 2290 766 2352; x_wconf 87' lang='lat' dir='ltr'><strong>el</strong></span> <span class='ocrx_word' id='word_1_154' title='bbox 779 2291 818 2352; x_wconf 89' lang='lat' dir='ltr'><strong>ut</strong></span> <span class='ocrx_word' id='word_1_155' title='bbox 831 2290 951 2355; x_wconf 87' lang='lat' dir='ltr'><strong>nostra</strong></span> <span class='ocrx_word' id='word_1_156' title='bbox 967 2295 1229 2374; x_wconf 86' lang='lat' dir='ltr'><strong>prosequamur,</strong></span> <span class='ocrx_word' id='word_1_157' title='bbox 1244 2279 1327 2374; x_wconf 92' lang='lat' dir='ltr'><strong>quid</strong></span> <span class='ocrx_word' id='word_1_158' title='bbox 1362 2249 1372 2270; x_wconf 57' lang='lat'><strong><em>¹</em></strong></span> 
     </span>
     <span class='ocr_line' id='line_1_18' title="bbox 244 2401 1328 2496; baseline 0.001 -24"><span class='ocrx_word' id='word_1_159' title='bbox 244 2411 311 2484; x_wconf 91' lang='lat' dir='ltr'><strong>est,</strong></span> <span class='ocrx_word' id='word_1_160' title='bbox 334 2402 490 2493; x_wconf 86' lang='lat' dir='ltr'><strong>inquam,</strong></span> <span class='ocrx_word' id='word_1_161' title='bbox 515 2402 609 2494; x_wconf 92' lang='lat' dir='ltr'><strong>quod</strong></span> <span class='ocrx_word' id='word_1_162' title='bbox 629 2403 763 2475; x_wconf 83' lang='lat' dir='ltr'><strong>amicus</strong></span> <span class='ocrx_word' id='word_1_163' title='bbox 784 2403 852 2488; x_wconf 88' lang='lat' dir='ltr'><strong>ille,</strong></span> <span class='ocrx_word' id='word_1_164' title='bbox 875 2401 971 2496; x_wconf 77' lang='lat' dir='ltr'><strong>quod</strong></span> <span class='ocrx_word' id='word_1_165' title='bbox 989 2425 1064 2495; x_wconf 82' lang='lat' dir='ltr'><strong>ego,</strong></span> <span class='ocrx_word' id='word_1_166' title='bbox 1086 2403 1182 2496; x_wconf 94' lang='lat' dir='ltr'><strong>quod</strong></span> <span class='ocrx_word' id='word_1_167' title='bbox 1202 2411 1239 2473; x_wconf 89' lang='grc' dir='ltr'><strong>ιιι</strong></span> <span class='ocrx_word' id='word_1_168' title='bbox 1259 2404 1328 2474; x_wconf 84' lang='lat' dir='ltr'><strong>for-</strong></span> 
     </span>
     <span class='ocr_line' id='line_1_19' title="bbox 245 2524 1325 2618; baseline 0 -22"><span class='ocrx_word' id='word_1_169' title='bbox 245 2524 335 2596; x_wconf 84' lang='lat' dir='ltr'><strong>sitan</strong></span> <span class='ocrx_word' id='word_1_170' title='bbox 356 2547 463 2595; x_wconf 88' lang='lat' dir='ltr'><strong>uoum</strong></span> <span class='ocrx_word' id='word_1_171' title='bbox 485 2525 650 2596; x_wconf 90' lang='lat' dir='ltr'><strong>volumus</strong></span> <span class='ocrx_word' id='word_1_172' title='bbox 669 2526 764 2598; x_wconf 87' lang='lat' dir='ltr'><strong>aliud</strong></span> <span class='ocrx_word' id='word_1_173' title='bbox 784 2527 936 2618; x_wconf 84' lang='lat' dir='ltr'><strong>agimus,</strong></span> <span class='ocrx_word' id='word_1_174' title='bbox 967 2548 1047 2599; x_wconf 86' lang='lat' dir='ltr'><strong>oum</strong></span> <span class='ocrx_word' id='word_1_175' title='bbox 1079 2526 1125 2598; x_wconf 90' lang='lat' dir='ltr'><strong>ad</strong></span> <span class='ocrx_word' id='word_1_176' title='bbox 1157 2525 1194 2596; x_wconf 91' lang='lat' dir='ltr'><strong>id</strong></span> <span class='ocrx_word' id='word_1_177' title='bbox 1224 2545 1325 2598; x_wconf 88' lang='lat' dir='ltr'><strong>nemo</strong></span> 
     </span>
     <span class='ocr_line' id='line_1_20' title="bbox 245 2646 1327 2745; baseline 0 -27"><span class='ocrx_word' id='word_1_178' title='bbox 245 2649 364 2740; x_wconf 89' lang='lat' dir='ltr'><strong>prooul</strong></span> <span class='ocrx_word' id='word_1_179' title='bbox 384 2646 491 2720; x_wconf 93' lang='lat' dir='ltr'><strong>dubio</strong></span> <span class='ocrx_word' id='word_1_180' title='bbox 511 2669 576 2718; x_wconf 91' lang='lat' dir='ltr'><strong>nos</strong></span> <span class='ocrx_word' id='word_1_181' title='bbox 596 2652 803 2745; x_wconf 84' lang='lat' dir='ltr'><strong>compellat?</strong></span> <span class='ocrx_word' id='word_1_182' title='bbox 826 2649 883 2722; x_wconf 86' lang='lat' dir='ltr'><strong>Ad</strong></span> <span class='ocrx_word' id='word_1_183' title='bbox 908 2650 974 2721; x_wconf 88' lang='lat' dir='ltr'><strong>hoo</strong></span> <span class='ocrx_word' id='word_1_184' title='bbox 997 2651 1127 2722; x_wconf 88' lang='lat' dir='ltr'><strong>Paulus</strong></span> <span class='ocrx_word' id='word_1_185' title='bbox 1150 2650 1227 2742; x_wconf 92' lang='lat' dir='ltr'><strong>ipse</strong></span> <span class='ocrx_word' id='word_1_186' title='bbox 1249 2649 1327 2742; x_wconf 91' lang='lat' dir='ltr'><strong>qui-</strong></span> 
     </span>
     <span class='ocr_line' id='line_1_21' title="bbox 244 2769 1367 2866; baseline 0.004 -26"><span class='ocrx_word' id='word_1_187' title='bbox 244 2769 325 2845; x_wconf 84' lang='lat' dir='ltr'><strong>deul</strong></span> <span class='ocrx_word' id='word_1_188' title='bbox 347 2769 532 2842; x_wconf 78' lang='lat' dir='ltr'><strong>obscurius</strong></span> <span class='ocrx_word' id='word_1_189' title='bbox 553 2782 592 2843; x_wconf 93' lang='lat' dir='ltr'><strong>ut</strong></span> <span class='ocrx_word' id='word_1_190' title='bbox 611 2769 702 2842; x_wconf 84' lang='lat' dir='ltr'><strong>dixi:</strong></span> <span class='ocrx_word' id='word_1_191' title='bbox 730 2772 794 2845; x_wconf 91' lang='lat' dir='ltr'><strong>sed</strong></span> <span class='ocrx_word' id='word_1_192' title='bbox 824 2771 1025 2866; x_wconf 85' lang='lat' dir='ltr'><strong>simplieitas</strong></span> <span class='ocrx_word' id='word_1_193' title='bbox 1052 2772 1190 2844; x_wconf 81' lang='lat' dir='ltr'><strong>veritati</strong></span> <span class='ocrx_word' id='word_1_194' title='bbox 1214 2784 1253 2844; x_wconf 86' lang='lat' dir='ltr'><strong>et</strong></span> <span class='ocrx_word' id='word_1_195' title='bbox 1277 2774 1326 2844; x_wconf 86' lang='lat' dir='ltr'><strong>fa·</strong></span> <span class='ocrx_word' id='word_1_196' title='bbox 1363 2770 1367 2775; x_wconf 80' lang='grc'><strong>’</strong></span> 
     </span>
     <span class='ocr_line' id='line_1_22' title="bbox 245 2895 1326 2990; baseline 0.004 -26"><span class='ocrx_word' id='word_1_197' title='bbox 245 2895 436 2966; x_wconf 87' lang='lat' dir='ltr'><strong>miliaribus</strong></span> <span class='ocrx_word' id='word_1_198' title='bbox 453 2895 563 2968; x_wconf 83' lang='lat' dir='ltr'><strong>amisa</strong></span> <span class='ocrx_word' id='word_1_199' title='bbox 578 2895 770 2989; x_wconf 85' lang='lat' dir='ltr'><strong>colloquiis.</strong></span> <span class='ocrx_word' id='word_1_200' title='bbox 792 2897 908 2990; x_wconf 88' lang='lat' dir='ltr'><strong>Ipsum</strong></span> <span class='ocrx_word' id='word_1_201' title='bbox 931 2895 1037 2986; x_wconf 83' lang='lat' dir='ltr'><strong>igitur</strong></span> <span class='ocrx_word' id='word_1_202' title='bbox 1053 2896 1236 2968; x_wconf 87' lang='lat' dir='ltr'><strong>audiamus</strong></span> <span class='ocrx_word' id='word_1_203' title='bbox 1253 2895 1326 2968; x_wconf 86' lang='lat' dir='ltr'><strong>Au·</strong></span> 
     </span>
     <span class='ocr_line' id='line_1_23' title="bbox 245 3017 1326 3114; baseline 0.005 -28"><span class='ocrx_word' id='word_1_204' title='bbox 245 3018 437 3107; x_wconf 82' lang='lat' dir='ltr'><strong>goslinum,</strong></span> <span class='ocrx_word' id='word_1_205' title='bbox 457 3030 663 3112; x_wconf 87' lang='lat' dir='ltr'><strong>etquenam</strong></span> <span class='ocrx_word' id='word_1_206' title='bbox 684 3018 715 3090; x_wconf 92' lang='lat' dir='ltr'><strong>is</strong></span> <span class='ocrx_word' id='word_1_207' title='bbox 736 3028 913 3114; x_wconf 90' lang='lat' dir='ltr'><strong>stuporem</strong></span> <span class='ocrx_word' id='word_1_208' title='bbox 934 3019 1031 3091; x_wconf 92' lang='lat' dir='ltr'><strong>illum</strong></span> <span class='ocrx_word' id='word_1_209' title='bbox 1052 3041 1153 3090; x_wconf 92' lang='lat' dir='ltr'><strong>suum</strong></span> <span class='ocrx_word' id='word_1_210' title='bbox 1176 3017 1244 3090; x_wconf 87' lang='lat' dir='ltr'><strong>fine</strong></span> <span class='ocrx_word' id='word_1_211' title='bbox 1264 3019 1326 3092; x_wconf 88' lang='lat' dir='ltr'><strong>de·</strong></span> 
     </span>
     <span class='ocr_line' id='line_1_24' title="bbox 246 3141 1326 3237; baseline 0.005 -28"><span class='ocrx_word' id='word_1_212' title='bbox 246 3141 415 3213; x_wconf 85' lang='lat' dir='ltr'><strong>terminet.</strong></span> <span class='ocrx_word' id='word_1_213' title='bbox 440 3171 456 3207; x_wconf 84' lang='grc' dir='ltr'>ι</span> <span class='ocrx_word' id='word_1_214' title='bbox 478 3141 548 3214; x_wconf 89' lang='lat' dir='ltr'><strong>Sed</strong></span> <span class='ocrx_word' id='word_1_215' title='bbox 567 3163 638 3212; x_wconf 90' lang='lat' dir='ltr'><strong>nou</strong></span> <span class='ocrx_word' id='word_1_216' title='bbox 658 3141 784 3235; x_wconf 88' lang='lat' dir='ltr'><strong>iuquit,</strong></span> <span class='ocrx_word' id='word_1_217' title='bbox 806 3164 853 3212; x_wconf 88' lang='lat' dir='ltr'><strong>ex</strong></span> <span class='ocrx_word' id='word_1_218' title='bbox 874 3152 946 3214; x_wconf 88' lang='lat' dir='ltr'><strong>toto</strong></span> <span class='ocrx_word' id='word_1_219' title='bbox 969 3145 1043 3215; x_wconf 90' lang='lat' dir='ltr'><strong>vult</strong></span> <span class='ocrx_word' id='word_1_220' title='bbox 1064 3141 1229 3237; x_wconf 78' lang='lat' dir='ltr'><strong>(animan).</strong></span> <span class='ocrx_word' id='word_1_221' title='bbox 1251 3144 1326 3216; x_wconf 93' lang='lat' dir='ltr'><strong>Non</strong></span> 
     </span>
     <span class='ocr_line' id='line_1_25' title="bbox 250 3265 1326 3359; baseline 0.002 -25"><span class='ocrx_word' id='word_1_222' title='bbox 250 3291 265 3324; x_wconf 75' lang='grc' dir='ltr'>ι</span> <span class='ocrx_word' id='word_1_223' title='bbox 293 3285 379 3354; x_wconf 80' lang='lat' dir='ltr'><strong>ergo</strong></span> <span class='ocrx_word' id='word_1_224' title='bbox 403 3287 450 3336; x_wconf 84' lang='lat' dir='ltr'><strong>ex</strong></span> <span class='ocrx_word' id='word_1_225' title='bbox 476 3273 547 3334; x_wconf 88' lang='lat' dir='ltr'><strong>toto</strong></span> <span class='ocrx_word' id='word_1_226' title='bbox 572 3265 728 3358; x_wconf 87' lang='lat' dir='ltr'><strong>imperat.</strong></span> <span class='ocrx_word' id='word_1_227' title='bbox 763 3265 849 3336; x_wconf 87' lang='lat' dir='ltr'><strong>Nam</strong></span> <span class='ocrx_word' id='word_1_228' title='bbox 883 3265 919 3336; x_wconf 92' lang='lat' dir='ltr'><strong>in</strong></span> <span class='ocrx_word' id='word_1_229' title='bbox 951 3275 1085 3336; x_wconf 83' lang='lat' dir='ltr'><strong>tantum</strong></span> <span class='ocrx_word' id='word_1_230' title='bbox 1118 3265 1326 3359; x_wconf 84' lang='lat' dir='ltr'><strong>imperatio</strong></span> 
     </span>
     <span class='ocr_line' id='line_1_26' title="bbox 251 3387 1326 3484; baseline 0 -26"><span class='ocrx_word' id='word_1_231' title='bbox 251 3415 265 3449; x_wconf 76' lang='lat' dir='ltr'><strong>u</strong></span> <span class='ocrx_word' id='word_1_232' title='bbox 292 3397 462 3480; x_wconf 90' lang='lat' dir='ltr'><strong>quantum</strong></span> <span class='ocrx_word' id='word_1_233' title='bbox 483 3389 570 3472; x_wconf 92' lang='lat' dir='ltr'><strong>vult,</strong></span> <span class='ocrx_word' id='word_1_234' title='bbox 592 3397 629 3458; x_wconf 90' lang='lat' dir='ltr'><strong>et</strong></span> <span class='ocrx_word' id='word_1_235' title='bbox 647 3388 682 3458; x_wconf 93' lang='lat' dir='ltr'><strong>in</strong></span> <span class='ocrx_word' id='word_1_236' title='bbox 704 3397 839 3461; x_wconf 87' lang='lat' dir='ltr'><strong>lautum</strong></span> <span class='ocrx_word' id='word_1_237' title='bbox 859 3409 928 3460; x_wconf 92' lang='lat' dir='ltr'><strong>uon</strong></span> <span class='ocrx_word' id='word_1_238' title='bbox 949 3387 988 3459; x_wconf 87' lang='lat' dir='ltr'><strong>fit</strong></span> <span class='ocrx_word' id='word_1_239' title='bbox 1007 3388 1103 3483; x_wconf 91' lang='lat' dir='ltr'><strong>quod</strong></span> <span class='ocrx_word' id='word_1_240' title='bbox 1123 3388 1326 3484; x_wconf 84' lang='lat' dir='ltr'><strong>imperatio</strong></span> 
     </span>
     <span class='ocr_line' id='line_1_27' title="bbox 250 3511 1326 3604; baseline -0.002 -22"><span class='ocrx_word' id='word_1_241' title='bbox 250 3539 265 3574; x_wconf 80' lang='grc' dir='ltr'>ι</span> <span class='ocrx_word' id='word_1_242' title='bbox 294 3520 461 3604; x_wconf 91' lang='lat' dir='ltr'><strong>quantum</strong></span> <span class='ocrx_word' id='word_1_243' title='bbox 482 3532 550 3582; x_wconf 91' lang='lat' dir='ltr'><strong>non</strong></span> <span class='ocrx_word' id='word_1_244' title='bbox 571 3513 661 3593; x_wconf 89' lang='lat' dir='ltr'><strong>vult;</strong></span> <span class='ocrx_word' id='word_1_245' title='bbox 682 3511 846 3602; x_wconf 90' lang='lat' dir='ltr'><strong>quoniam</strong></span> <span class='ocrx_word' id='word_1_246' title='bbox 867 3512 1030 3584; x_wconf 86' lang='lat' dir='ltr'><strong>voluutas</strong></span> <span class='ocrx_word' id='word_1_247' title='bbox 1050 3512 1198 3604; x_wconf 87' lang='lat' dir='ltr'><strong>imperat</strong></span> <span class='ocrx_word' id='word_1_248' title='bbox 1222 3521 1262 3582; x_wconf 89' lang='grc' dir='ltr'><strong>ιιι</strong></span> <span class='ocrx_word' id='word_1_249' title='bbox 1281 3511 1326 3582; x_wconf 88' lang='lat' dir='ltr'><strong>sit</strong></span> 
     </span>
     <span class='ocr_line' id='line_1_28' title="bbox 250 3633 1327 3729; baseline 0.004 -28"><span class='ocrx_word' id='word_1_250' title='bbox 250 3661 266 3701; x_wconf 78' lang='grc' dir='ltr'>ι</span> <span class='ocrx_word' id='word_1_251' title='bbox 292 3637 456 3706; x_wconf 83' lang='lat' dir='ltr'><strong>voluntas</strong></span> <span class='ocrx_word' id='word_1_252' title='bbox 477 3655 542 3704; x_wconf 89' lang='lat' dir='ltr'><strong>neo</strong></span> <span class='ocrx_word' id='word_1_253' title='bbox 561 3634 641 3718; x_wconf 88' lang='lat' dir='ltr'><strong>alia,</strong></span> <span class='ocrx_word' id='word_1_254' title='bbox 664 3633 728 3705; x_wconf 86' lang='lat' dir='ltr'><strong>ssd</strong></span> <span class='ocrx_word' id='word_1_255' title='bbox 748 3634 834 3729; x_wconf 88' lang='lat' dir='ltr'><strong>ipsa.</strong></span> <span class='ocrx_word' id='word_1_256' title='bbox 862 3633 937 3705; x_wconf 92' lang='lat' dir='ltr'><strong>Non</strong></span> <span class='ocrx_word' id='word_1_257' title='bbox 956 3635 1077 3727; x_wconf 88' lang='lat' dir='ltr'><strong>utique</strong></span> <span class='ocrx_word' id='word_1_258' title='bbox 1096 3635 1198 3728; x_wconf 88' lang='lat' dir='ltr'><strong>plena</strong></span> <span class='ocrx_word' id='word_1_259' title='bbox 1219 3633 1327 3729; x_wconf 89' lang='lat' dir='ltr'><strong>impe-</strong></span> 
     </span>
     <span class='ocr_line' id='line_1_29' title="bbox 252 3755 1328 3850; baseline 0 -24"><span class='ocrx_word' id='word_1_260' title='bbox 252 3783 266 3818; x_wconf 73' lang='lat'>»</span> <span class='ocrx_word' id='word_1_261' title='bbox 294 3756 551 3842; x_wconf 87' lang='lat' dir='ltr'><strong>ral‚.ideonon</strong></span> <span class='ocrx_word' id='word_1_262' title='bbox 571 3757 741 3848; x_wconf 85' lang='lat' dir='ltr'><strong>estquod</strong></span> <span class='ocrx_word' id='word_1_263' title='bbox 766 3755 928 3849; x_wconf 88' lang='lat' dir='ltr'><strong>imperat;</strong></span> <span class='ocrx_word' id='word_1_264' title='bbox 951 3779 1030 3828; x_wconf 90' lang='lat' dir='ltr'><strong>nam</strong></span> <span class='ocrx_word' id='word_1_265' title='bbox 1058 3756 1089 3827; x_wconf 92' lang='lat' dir='ltr'><strong>si</strong></span> <span class='ocrx_word' id='word_1_266' title='bbox 1110 3759 1211 3850; x_wconf 89' lang='lat' dir='ltr'><strong>pleua</strong></span> <span class='ocrx_word' id='word_1_267' title='bbox 1231 3764 1328 3828; x_wconf 85' lang='lat' dir='ltr'><strong>esset</strong></span> 
     </span>
    </p>
   </div>
   <div class='ocr_carea' id='block_1_3' title="bbox 97 3878 1327 3973">
    <p class='ocr_par' dir='ltr' id='par_1_4' title="bbox 97 3878 1327 3973">
     <span class='ocr_line' id='line_1_30' title="bbox 97 3878 1327 3973; baseline 0.006 -30"><span class='ocrx_word' id='word_1_268' title='bbox 97 3935 99 3943; x_wconf 27' lang='grc' dir='ltr'>ι</span> <span class='ocrx_word' id='word_1_269' title='bbox 131 3901 133 3904; x_wconf 95' lang='grc'><strong><em>·</em></strong></span> <span class='ocrx_word' id='word_1_270' title='bbox 252 3905 265 3938; x_wconf 78' lang='lat' dir='ltr'><strong>n</strong></span> <span class='ocrx_word' id='word_1_271' title='bbox 294 3878 359 3951; x_wconf 86' lang='lat' dir='ltr'><strong>neo</strong></span> <span class='ocrx_word' id='word_1_272' title='bbox 382 3883 568 3973; x_wconf 84' lang='lat' dir='ltr'><strong>imperaret</strong></span> <span class='ocrx_word' id='word_1_273' title='bbox 594 3891 631 3952; x_wconf 89' lang='lat' dir='ltr'><strong>ut</strong></span> <span class='ocrx_word' id='word_1_274' title='bbox 655 3888 764 3962; x_wconf 89' lang='lat' dir='ltr'><strong>esset,</strong></span> <span class='ocrx_word' id='word_1_275' title='bbox 792 3880 874 3973; x_wconf 89' lang='lat' dir='ltr'><strong>quia</strong></span> <span class='ocrx_word' id='word_1_276' title='bbox 898 3881 966 3950; x_wconf 88' lang='lat' dir='ltr'><strong>iam</strong></span> <span class='ocrx_word' id='word_1_277' title='bbox 991 3888 1096 3952; x_wconf 90' lang='lat' dir='ltr'><strong>esset.</strong></span> <span class='ocrx_word' id='word_1_278' title='bbox 1124 3879 1201 3949; x_wconf 92' lang='lat' dir='ltr'><strong>Non</strong></span> <span class='ocrx_word' id='word_1_279' title='bbox 1221 3879 1327 3971; x_wconf 84' lang='lat' dir='ltr'><strong>igitur</strong></span> 
     </span>
    </p>
   </div>
   <div class='ocr_carea' id='block_1_4' title="bbox 252 4001 1327 4218">
    <p class='ocr_par' dir='ltr' id='par_1_5' title="bbox 252 4001 1327 4218">
     <span class='ocr_line' id='line_1_31' title="bbox 252 4001 1327 4098; baseline 0.004 -28"><span class='ocrx_word' id='word_1_280' title='bbox 252 4027 266 4061; x_wconf 76' lang='grc' dir='ltr'>ι</span> <span class='ocrx_word' id='word_1_281' title='bbox 295 4012 487 4074; x_wconf 88' lang='lat' dir='ltr'><strong>monstrum</strong></span> <span class='ocrx_word' id='word_1_282' title='bbox 511 4004 636 4098; x_wconf 88' lang='lat' dir='ltr'><strong>partim</strong></span> <span class='ocrx_word' id='word_1_283' title='bbox 657 4004 762 4086; x_wconf 90' lang='lat' dir='ltr'><strong>velle,</strong></span> <span class='ocrx_word' id='word_1_284' title='bbox 785 4001 909 4096; x_wconf 86' lang='lat' dir='ltr'><strong>partim</strong></span> <span class='ocrx_word' id='word_1_285' title='bbox 931 4005 1040 4076; x_wconf 89' lang='lat' dir='ltr'><strong>nolle:</strong></span> <span class='ocrx_word' id='word_1_286' title='bbox 1066 4001 1131 4074; x_wconf 89' lang='lat' dir='ltr'><strong>sed</strong></span> <span class='ocrx_word' id='word_1_287' title='bbox 1154 4001 1327 4095; x_wconf 74' lang='lat' dir='ltr'><strong>agritudo</strong></span> 
     </span>
     <span class='ocr_line' id='line_1_32' title="bbox 252 4119 1326 4218; baseline 0.008 -31"><span class='ocrx_word' id='word_1_288' title='bbox 252 4147 266 4179; x_wconf 75' lang='grc' dir='ltr'>ι</span> <span class='ocrx_word' id='word_1_289' title='bbox 296 4122 398 4190; x_wconf 85' lang='lat' dir='ltr'><strong>animi</strong></span> <span class='ocrx_word' id='word_1_290' title='bbox 419 4135 486 4206; x_wconf 88' lang='lat' dir='ltr'><strong>est,</strong></span> <span class='ocrx_word' id='word_1_291' title='bbox 508 4125 589 4216; x_wconf 87' lang='lat' dir='ltr'><strong>quia</strong></span> <span class='ocrx_word' id='word_1_292' title='bbox 611 4147 678 4196; x_wconf 92' lang='lat' dir='ltr'><strong>nou</strong></span> <span class='ocrx_word' id='word_1_293' title='bbox 699 4119 793 4197; x_wconf 80' lang='lat' dir='ltr'><strong>totus&#39;</strong></span> <span class='ocrx_word' id='word_1_294' title='bbox 818 4128 972 4218; x_wconf 82' lang='lat' dir='ltr'><strong>assurgit</strong></span> <span class='ocrx_word' id='word_1_295' title='bbox 992 4126 1139 4200; x_wconf 88' lang='lat' dir='ltr'><strong>veritate</strong></span> <span class='ocrx_word' id='word_1_296' title='bbox 1162 4125 1326 4200; x_wconf 89' lang='lat' dir='ltr'><strong>subleva-</strong></span> 
     </span>
    </p>
   </div>
   <div class='ocr_carea' id='block_1_5' title="bbox 0 0 1539 4798">
    <p class='ocr_par' dir='ltr' id='par_1_6' title="bbox 0 0 1539 4798">
     <span class='ocr_line' id='line_1_33' title="bbox 0 0 1539 4798; baseline 0 0"><span class='ocrx_word' id='word_1_297' title='bbox 0 0 1539 4798; x_wconf 95' lang='lat' dir='ltr'><strong> </strong></span> 
     </span>
    </p>
   </div>
  </div>
 </body>
</html>
