3024 4802
248 344 307 403 aio
588 351 629 397 ne
651 349 752 396 ussus
773 345 995 396 rnururarusus

245 496 300 566 nis
321 513 450 588 genere
472 492 522 562 uti
543 487 694 562 solebat:
717 488 796 560 Pam
812 490 918 574 vobs,
945 489 1071 562 eodem
1095 490 1175 561 illos
1201 490 1252 562 uti
1272 491 1337 565 de-

246 619 330 690 bere
351 615 578 711 praecipiens3
601 624 777 707 postremo
798 613 859 707 qui
877 613 1024 697 eisdem,
1043 631 1134 707 quos
1153 614 1260 686 vaide
1282 615 1336 687 di-

246 745 384 814 lexerat
420 750 456 813 et
493 737 662 830 diligebat
690 738 726 807 in
759 735 880 820 finem,
907 735 977 808 iam
1010 735 1114 808 morti
1150 735 1335 828 proximus

246 884 412 958 supremo
439 863 554 954 elogio
588 881 710 954 pacem
742 859 841 931 dedit
872 881 913 932 aa
938 858 1101 951 reliquit?
1125 859 1176 930 Tu
1205 839 1335 953 populo

246 998 306 1059 tuo
332 985 417 1079 quid
444 986 492 1056 sis
519 984 677 1056 moriens
704 984 889 1056 relicturus
913 983 1050 1055 nescio:
1083 993 1179 1054 certe
1206 983 1334 1056 vivens

246 1109 377 1181 beilum
402 1109 450 1179 illi
476 1118 512 1179 et
538 1105 676 1179 labores
698 1115 734 1178 et
753 1106 930 1200 impensas
951 1115 987 1178 et
1012 1105 1223 1178 multiforme
1242 1107 1334 1201 peri-

247 1234 364 1303 culum
385 1230 570 1304 acervasti.
593 1229 771 1313 Quantum
796 1226 882 1299 mihi
906 1228 1041 1300 videris
1066 1225 1196 1300 oblitus
1216 1226 1334 1300 omnia

247 1375 482 1448 quaecumque
514 1355 672 1423 conferre
705 1360 867 1445 poterant
899 1351 944 1422 ad
976 1354 1138 1437 salutem,
1172 1351 1267 1422 illam
1300 1352 1333 1421 in

245 1476 369 1571 primis
384 1474 584 1569 parabolam
603 1473 806 1559 Salvatoris,
822 1495 928 1568 quam
945 1473 1107 1545 fortassis
1123 1473 1202 1546 ideo
1218 1473 1335 1569 despi-

247 1602 310 1686 cis,
330 1599 413 1695 quia
433 1599 546 1670 Lucas
567 1600 664 1685 solus¹
685 1619 765 1668 eam
787 1597 917 1691 posuit,
938 1617 1003 1670 sen
1024 1599 1147 1669 turrim
1164 1599 1332 1682 erectori,

247 1745 311 1796 seu
332 1723 378 1795 ad
403 1721 534 1793 bellum
560 1721 764 1814 profecturi,
792 1729 898 1813 atque
923 1728 1134 1816 antequam
1160 1741 1250 1816 opus
1273 1739 1335 1814 ag·

247 1846 436 1939 grediatur,
460 1853 621 1938 sumptus
655 1843 773 1935 operis
806 1851 868 1915 aut
899 1843 1059 1916 militiam
1087 1844 1331 1940 computantis.

246 1969 334 2053 Quae
354 1967 567 2060 negiigentia
587 1985 716 2060 quaeve
736 1965 970 2062 praecipitatio
989 1989 1060 2039 non
1085 1980 1268 2061 rogantem
1293 1991 1335 2041 ea

246 2111 327 2186 quae
347 2090 444 2186 pacis
470 2101 564 2176 sunt,
588 2089 651 2162 sed
677 2091 810 2162 maiora
835 2090 972 2164 viribus
998 2113 1126 2164 ausum
1152 2101 1186 2164 te
1209 2091 1335 2165 merito

246 2216 387 2311 perdet,
409 2225 448 2287 ut
468 2234 633 2306 auguror.
654 2215 750 2286 Bene
770 2213 933 2308 quidem:
956 2216 1061 2289 modo
1080 2239 1126 2289 ue
1146 2215 1251 2288 unius
1271 2216 1336 2288 ho·

246 2339 352 2410 minis
372 2337 474 2409 ruina
495 2339 663 2431 populum
684 2349 821 2432 premat
840 2339 1069 2426 immeritum,
1087 2361 1193 2433 quem
1213 2339 1335 2412 audire

246 2485 317 2534 non
338 2461 439 2546 sinis,
461 2481 532 2554 quo
554 2465 676 2534 salvus
701 2468 738 2534 et
762 2463 932 2534 innocens
959 2465 1227 2556 permansisset,
1251 2463 1335 2536 illud

246 2584 489 2678 Apostoiioum
515 2584 560 2656 ad
585 2583 772 2656 Haebreos:
794 2584 916 2656 Pacem
935 2588 1112 2678 sequimini
1134 2608 1209 2656 cnm
1229 2589 1336 2657 omni-

248 2707 306 2778 bus
326 2718 357 2777 at
376 2707 639 2792 sanctimoniam,
661 2709 735 2777 sine
752 2729 818 2798 qna
840 2729 937 2778 nemo
949 2706 1072 2780 videbit
1085 2708 1202 2782 Deum.
1218 2710 1266 2782 0!
1282 2710 1334 2780 in-

248 2851 337 2922 gens
358 2829 544 2903 aestimntio
565 2849 687 2924 parvae
712 2829 777 2914 rei,
800 2842 874 2904 tam
896 2833 1025 2902 multos
1052 2851 1134 2904 esse
1159 2829 1335 2904 calamito-

246 2972 322 3038 sos,
344 2962 384 3024 ut
404 2962 442 3023 tu
459 2952 615 3024 disertus
640 2971 824 3046 appareas,
858 2963 894 3024 ot
925 2954 1031 3026 unius
1058 2954 1187 3046 linguae
1211 2957 1334 3027 falsam

246 3073 392 3166 gloriam
409 3083 459 3144 tot
472 3071 643 3144 mortibus
657 3081 761 3164 atque
777 3075 985 3148 vul-neribus
1009 3090 1183 3152 constare.
1204 3079 1336 3163 Quam-

245 3217 351 3289 quam
373 3193 460 3287 quid
483 3215 550 3286 ego
575 3190 667 3266 hanc
691 3195 828 3266 frivolis
859 3207 895 3268 et
926 3198 1091 3272 inanibus
1124 3199 1334 3272 coniecturis

246 3320 421 3390 maiorum
441 3317 668 3412 praesentium
689 3339 833 3392 causam
853 3340 991 3412 quaero,
1013 3343 1095 3415 quaa
1113 3323 1142 3394 si
1166 3344 1252 3395 vera
1278 3339 1334 3393 es-

247 3451 314 3528 set,
330 3441 426 3513 haud
446 3441 553 3513 dubie
575 3442 653 3535 plus
675 3442 721 3512 sit
741 3443 907 3515 vanitatis
924 3443 1086 3518 habitura
1099 3468 1205 3539 quam
1218 3444 1335 3517 crimi-

246 3565 327 3636 nis?
348 3563 426 3636 Alia
447 3564 590 3657 quidem
616 3577 651 3638 et
674 3567 792 3638 verior
816 3577 852 3640 et
877 3569 1020 3660 gravior
1045 3590 1153 3643 causa
1179 3580 1242 3642 est.
1265 3569 1335 3642 nti-

211 3735 216 3744 ·
247 3695 382 3778 quanto
404 3685 510 3758 altius
526 3708 632 3778 quam
653 3686 698 3759 ad
716 3689 824 3758 solam
842 3691 1050 3783 eloquentiae
1066 3693 1193 3764 famam
1210 3690 1334 3764 tendis.

248 3807 354 3901 Atqui
377 3829 540 3880 romanos
571 3809 680 3882 duces
710 3821 949 3906 externasque
972 3815 1168 3887 considera.
1195 3816 1334 3887 Nullum

248 3931 342 4024 apud
361 3951 427 4002 nos
449 3932 615 4026 propositi
637 3933 716 4005 talis
738 3939 956 4029 exemplum,
975 3941 1107 4011 nulium
1130 3939 1254 4010 similis
1274 3959 1335 4009 au-

247 4051 359 4123 daciae
380 4051 505 4124 ducem
530 4055 649 4127 habes.
671 4057 758 4141 Quis
780 4058 873 4129 enim
891 4058 1033 4132 inermis
1057 4062 1191 4154 linguae·
1209 4057 1333 4132 fiducia

249 4173 316 4240 taio
351 4195 506 4264 unquam
540 4177 670 4269 aliquid
703 4201 896 4272 aggressus
925 4187 1004 4255 est?
1033 4184 1107 4258 Nisi
1135 4186 1335 4260 Ciceronem
