2958 4804
338 382 431 430 LIBER
452 381 950 434 nscruusrsarlus.-nrlsrona
971 387 1000 434 x.
1148 375 1203 438 261

131 519 243 592 dentis
264 519 299 589 in
322 519 437 591 medio
458 519 558 592 amici
579 519 717 592 llamma
743 542 809 592 non
836 521 957 614 attigit.
980 522 1127 597 Praestet
1144 525 1209 597 boc

131 643 329 715 humanitas
355 651 489 728 vestra,
519 666 586 714 non
613 645 695 714 mihi
717 643 871 737 quidem,
908 643 970 715 sed
1003 645 1082 718 fidei
1107 671 1207 738 mete,

131 775 168 836 ut
188 789 254 838 vos
275 767 410 850 ambos
427 767 456 838 si
469 766 645 860 Neapolim
666 767 812 850 veniam,
829 767 1017 854 inveniam,
1035 769 1065 840 si
1084 771 1208 855 minus,

131 891 272 962 audiam
295 913 403 962 unum
421 911 513 961 esse.
535 891 610 960 Non
632 890 752 960 sinatis
774 893 852 985 plus
870 889 959 961 inter
978 902 1130 964 armatas
1148 895 1211 965 ho-

132 1013 236 1085 stiurn
255 1013 349 1085 acies
370 1012 468 1084 iratae
486 1011 625 1084 licuisse
642 1013 812 1097 Voturiae,
832 1035 935 1106 quarn
954 1014 1042 1086 inter
1060 1015 1211 1087 inermes

132 1115 263 1207 amicos
277 1135 361 1205 mihi
380 1135 541 1231 supplici,
558 1143 618 1207 aut
634 1139 711 1228 plus
730 1136 862 1232 sparsis
879 1137 1032 1210 crinibus
1051 1138 1209 1224 Sabinas

132 1281 237 1351 quam
258 1257 379 1329 effusis
400 1277 455 1327 me
476 1257 625 1329 lacrimis
645 1259 845 1352 profecisse.
864 1261 902 1332 ld
921 1263 950 1332 si
967 1284 1031 1333 vos
1051 1261 1211 1354 precibus

133 1381 220 1453 meis
241 1381 407 1454 annuisse
427 1401 638 1473 cognovero,
658 1383 740 1454 lelix
756 1381 878 1454 luerim
896 1394 931 1455 et
949 1383 1087 1456 abunde
1108 1383 1212 1455 vixe-

134 1529 182 1578 ro.
198 1506 291 1590 Quid
308 1527 392 1577 vero
409 1528 501 1576 nuno
518 1506 642 1597 agitis?
655 1507 746 1590 Quid
757 1506 923 1579 differtis?
940 1509 1030 1592 Quid
1047 1515 1212 1602 expecta-

135 1631 191 1715 tis,
216 1629 282 1702 viri
304 1628 560 1722 sapientissimi,
586 1640 621 1702 et
646 1631 824 1703 veteribus
849 1632 1027 1726 obsequiis
1054 1631 1213 1704 adstricti

134 1766 168 1827 et
187 1754 358 1826 virtutum
378 1755 471 1825 cultu
490 1765 525 1825 et
545 1777 680 1825 morum
702 1753 875 1828 suavitate
896 1755 1076 1828 simillimi?
1101 1755 1211 1840 Ruite,

135 1899 269 1972 precor,
289 1877 325 1946 in
342 1878 526 1972 amplexus
553 1887 588 1948 et
612 1877 783 1971 perditum
806 1891 941 1973 tempus
963 1879 1057 1966 ssete,
1080 1903 1214 1975 parque

136 2024 241 2073 unum
262 1999 455 2071 illustribus
489 1998 647 2072 amicitiis
679 2002 782 2073 nolite
812 2001 1022 2085 subducere;
1052 2003 1213 2093 quotiens

136 2125 373 2197 adolescentes
395 2121 480 2213 regii
498 2123 637 2219 Tydeus
663 2133 698 2195 et
721 2125 914 2220 Polynices,
934 2126 1091 2196 Theseus
1108 2133 1144 2196 et
1159 2125 1214 2195 Pi-

136 2245 281 2332 rithous,
305 2247 472 2317 Hercules
499 2255 535 2316 et
556 2247 776 2331 Philoctetes,
804 2248 952 2342 Pylades
985 2257 1021 2318 et
1049 2249 1210 2320 Orestes:

137 2370 296 2463 quotiens
309 2368 514 2464 pythagorei
531 2369 678 2442 iuvenes
691 2370 823 2440 Damon
835 2377 871 2440 et
881 2369 1037 2466 Pythias,
1053 2369 1214 2463 quotiens

138 2515 290 2566 romanae
312 2493 450 2564 virtutis
474 2501 510 2563 et
532 2491 693 2564 amicitiae
713 2514 887 2565 summum
904 2493 1012 2564 decus
1031 2494 1160 2566 Laelius
1178 2505 1213 2567 et

139 2618 249 2710 Scipio
281 2617 318 2687 in
351 2615 502 2687 medium
532 2616 687 2700 venient,
722 2615 910 2710 permittite
943 2616 1136 2720 posteritati
1170 2639 1215 2689 ne

138 2738 403 2832 praeclarissima
422 2738 561 2810 nomina
580 2738 758 2822 sileantur,
777 2738 937 2811 Nicolaus
955 2747 990 2811 et
1008 2738 1191 2812 lohannes.

279 2877 359 2934 Nono
374 2876 512 2933 Kalendas
527 2877 610 2932 lunii.
626 2877 670 2932 Ad
685 2877 790 2934 sontem
806 2879 918 2951 Sergia.

558 3317 735 3384 uersabat
757 3319 801 3382 ΧΙ.

142 3493 334 3544 ruuuclscus
354 3491 523 3542 PE'l'Rhlle
537 3481 660 3541 ‘hasart
681 3490 847 3541 GORVARlAE
869 3485 1076 3538 BONONIENSIS
1098 3487 1123 3536 S.
1143 3485 1172 3536 P.
1189 3487 1221 3536 D.

144 3662 226 3720 Suam
240 3663 337 3719 libenti
352 3664 444 3719 animo
462 3663 561 3718 litteris
579 3662 721 3718 tradendis
740 3678 852 3734 operam
871 3660 985 3734 profert.
1006 3659 1173 3714 Excusatum
1192 3674 1221 3712 se

229 3755 326 3809 haberi
344 3759 422 3826 rogat
440 3752 514 3826 quod
533 3769 615 3808 suum
639 3752 673 3806 de
698 3751 795 3805 Africa
809 3767 907 3822 poema
931 3754 1027 3820 utpote
1051 3764 1109 3803 non
1133 3746 1224 3803 adhuc

231 3844 385 3916 perlectum
399 3856 489 3916 neque
503 3844 654 3932 expolitum
669 3839 873 3897 communicare
888 3854 951 3894 curn
966 3853 999 3894 eo
1012 3840 1142 3910 nequeat.

246 4083 324 4154 Non
343 4081 442 4169 lacile
463 4080 556 4153 dictu
577 4089 633 4154 est
658 4101 762 4175 quarn
788 4082 867 4150 laete
891 4074 1031 4149 audiam
1058 4090 1092 4147 te
1116 4075 1221 4146 talem

152 4203 262 4278 virum
283 4227 361 4278 earn
382 4227 497 4280 rerum
517 4179 674 4278 m'earum
693 4202 819 4278 sentire
837 4199 1071 4287 dulcedinem,
1092 4208 1129 4271 ut
1146 4203 1226 4291 post
