3078 4798
411 309 505 358 nrnnn
525 309 1026 367 oururusnnoruus.-nn1sron.l
1049 313 1090 360 rx.
1233 299 1292 362 sla

205 463 368 518 romanas
385 445 459 539 pari
472 444 612 516 infamia
627 445 736 539 premi
753 465 858 539 posse
876 467 943 517 non
961 465 1057 537 nego,
1077 445 1291 541 Coeliumque

205 569 427 664 conspectius
449 576 601 641 montem
618 591 689 641 non
707 577 831 661 suopte
850 568 991 661 quidem
1011 568 1207 654 infortunio,
1231 591 1290 640 ne·

206 713 277 784 que
297 689 378 763 odio
395 690 623 775 fulminantis,
644 690 707 762 sed
723 690 878 762 claritate
897 690 1075 782 patientis,
1098 711 1178 784 qnae
1196 711 1292 783 saepe

206 813 359 885 futuram
380 811 415 882 in
436 812 546 884 altero
566 811 775 884 mediocrem
796 812 945 896 cladem,
969 813 1140 906 insignem
1162 813 1241 885 iecit
1257 813 1292 884 in

208 938 330 1008 altero.
365 935 464 1004 lllurn
498 933 603 1024 igitur
636 932 681 1006 de
713 955 782 1029 quo
815 936 937 1028 loquor
955 935 1078 1006 collem
1104 934 1300 1006 infamasse¹

208 1058 320 1153 potuit
341 1057 398 1128 vel
420 1077 511 1128 unus
532 1055 671 1128 abunde
693 1065 842 1129 moestus
862 1066 897 1129 et
914 1054 1098 1127 horrificus
1112 1055 1211 1128 Tullii
1224 1056 1294 1128 Ho-

210 1178 291 1250 stilii
313 1179 446 1251 romani
464 1178 559 1270 regis
582 1186 747 1263 eventus,
767 1199 872 1273 quem
890 1160 969 1272 post
985 1179 1214 1271 impetuosam
1234 1199 1294 1248 ve·

210 1322 318 1394 reque
335 1298 536 1372 fulmineam
556 1299 790 1392 vitemusque
808 1297 853 1370 ad
869 1309 1067 1371 extremum
1087 1320 1157 1371 unc
1175 1307 1295 1372 tenore

211 1422 402 1494 traductam
424 1420 474 1516 (ol
492 1424 576 1495 vitae
594 1421 771 1494 bominum
789 1412 1060 1494 consentaneum
1079 1420 1209 1516 finem),
1230 1424 1294 1493 ful-

211 1545 312 1616 minis
328 1542 488 1616 incendio
507 1553 577 1618 tota
594 1543 641 1617 ibi
659 1567 738 1616 cum
756 1544 861 1617 domo
877 1542 1115 1636 conflagrasse
1132 1545 1293 1636 legimns.

211 1667 309 1740 Mitto
329 1667 415 1738 alios
440 1689 580 1740 romano
602 1667 732 1740 nomini
753 1666 971 1739 insultantes.
990 1666 1065 1739 Non
1083 1667 1184 1761 pauci
1202 1667 1294 1738 enim

212 1799 295 1862 sunt
317 1800 353 1862 et
378 1801 518 1863 veteres
542 1797 578 1860 et
598 1790 680 1861 novi
701 1800 736 1860 et
755 1797 888 1861 nostrae
908 1790 1012 1862 etiarn
1034 1790 1147 1861 aetatis
1173 1790 1293 1886 aliqui,

210 1933 360 2004 quorum
381 1911 549 1995 nonnulli,
573 1909 667 2004 quod
697 1909 783 2004 ipsis
816 1911 851 1982 in
882 1911 1000 1984 verbis
1022 1914 1199 2000 elucescit,
1227 1935 1296 1986 non

212 2043 284 2103 tam
307 2033 379 2105 veri
401 2032 531 2118 studio,
555 2054 658 2125 quam
679 2033 755 2102 veri
776 2032 857 2105 odio
877 2042 913 2104 et
933 2033 1064 2106 invidia
1090 2035 1294 2121 trabuntur,

211 2140 342 2246 quibus
362 2153 446 2224 nihil
469 2153 748 2248 respondendum
770 2162 866 2249 put0;
890 2155 975 2226 satis
995 2165 1051 2228 est
1067 2156 1143 2227 illos
1162 2177 1297 2229 veneno

213 2295 278 2347 suo
301 2274 433 2347 eonlioi.
456 2276 491 2346 Si
511 2276 653 2348 litterati
675 2275 835 2348 homines
857 2284 1000 2350 suntet
1024 2275 1131 2348 libros
1157 2278 1295 2369 legunt,

212 2398 333 2482 credo,
356 2397 535 2493 suspirare
554 2396 631 2470 illos
652 2409 755 2492 coget
770 2419 837 2492 per
864 2398 1020 2492 singulas
1047 2399 1155 2471 lineas
1177 2421 1296 2471 occur-

213 2539 295 2590 rens
316 2519 550 2592 clarissimum
567 2521 688 2592 Romae
702 2541 844 2604 nomen,
864 2519 983 2614 idque,
1003 2521 1149 2615 nequid
1167 2524 1298 2594 calum-

214 2642 365 2728 nientur,
388 2641 423 2714 in
444 2642 541 2716 libris
562 2663 631 2716 non
652 2664 797 2716 romana
817 2665 924 2716 manu
945 2643 1081 2737 scriptis
1102 2645 1163 2716 sed
1180 2654 1298 2717 exter·
1356 2705 1358 2712 ,

214 2785 269 2835 na.
303 2764 432 2859 Populo
464 2766 555 2838 enim
589 2787 745 2850 romanu,
778 2774 816 2838 ut
845 2766 893 2837 ait
925 2764 1085 2857 crispus,
1109 2787 1297 2858 numquam

216 2886 422 2979 scriptorum
456 2886 555 2984 copia
580 2889 659 2972 iuit3
685 2888 814 2984 quippe
841 2888 1020 2962 honestius
1047 2887 1088 2959 ac
1112 2886 1299 2980 gloriosius

214 3008 388 3081 ducebant
408 3009 557 3082 aliosde
585 3032 637 3098 se,
663 3035 770 3106 quam
798 3033 837 3084 se
862 3010 907 3084 de
933 3011 1010 3085 aliis
1040 3011 1213 3097 scribere,
1241 3031 1299 3082 res

215 3134 311 3227 ipsas
333 3153 522 3225 rerumque
540 3136 669 3206 lamam
691 3146 890 3228 quaerentes
911 3137 1027 3229 potius
1049 3157 1152 3228 quam
1175 3134 1301 3206 verbo-

216 3277 304 3327 rnm.
340 3252 432 3339 Quid
465 3255 596 3324 multa?
617 3253 785 3348 Quisquis
818 3254 941 3327 nrbem
977 3257 1118 3326 Romam
1151 3265 1300 3326 eventus

212 3374 410 3470 exceperit,
433 3377 559 3446 nome'n
581 3375 679 3447 vivet
698 3374 864 3468 quamdiu
885 3396 1081 3468 graecarum
1099 3385 1160 3446 aut
1180 3376 1301 3447 latina-

217 3520 293 3570 rum
315 3497 483 3594 memoria
515 3497 709 3570 litterarum
743 3499 813 3570 ulla
846 3496 1033 3590 supererit,
1055 3516 1121 3566 neo
1148 3517 1300 3588 unquam

217 3618 327 3694 deerit
359 3618 487 3693 invidis
520 3621 666 3693 materia
695 3617 908 3692 tabescendi.
931 3615 1129 3710 Augustino
1151 3637 1236 3688 sane
1262 3637 1302 3689 ac

220 3741 441 3838 Hieronymo,
463 3764 553 3836 quos
573 3753 795 3816 contemnere
826 3744 879 3813 las
915 3762 983 3811 non
1015 3750 1084 3824 est,
1107 3740 1174 3811 hoo
1200 3738 1303 3811 modo

218 3885 427 3957 responsum
461 3865 514 3936 sit.
550 3849 707 3938 Romam
729 3865 826 3937 velut
858 3867 1000 3937 alteram
1027 3860 1240 3958 Babylonem
1267 3862 1302 3933 in

218 3986 395 4061 occidente
408 3988 585 4062 fundatam
600 4010 668 4060 non
682 3986 830 4073 inficior,
847 3999 885 4060 ut
903 3986 1041 4071 scilicet,
1062 3985 1202 4060 iubente
1220 3985 1301 4068 Dec,

220 4109 398 4202 imperium
420 4113 601 4195 orientale,
622 4112 720 4207 quod
751 4114 785 4184 in
816 4111 993 4222 Babylone
1022 4111 1139 4184 multis
1167 4106 1304 4180 saeculis
