3062 4798
239 463 244 517 l

267 335 326 398 394
605 345 647 394 oa
668 343 769 393 ussus
790 344 1011 396 ruuruuruuus
1066 355 1074 368 ·

266 506 346 556 uem
366 483 606 577 exemplorum
627 483 796 554 malorum
818 482 1008 576 promptior
1032 504 1139 574 quam
1160 481 1341 569 bonorum,

231 604 235 656 s
267 606 483 704 tyrannidem
497 614 731 688 exercuerunt
744 605 846 678 solito
859 605 964 676 ctiam
977 606 1164 677 duriorem.
1178 583 1267 677 Dum
1283 628 1343 678 an-

266 730 432 802 tilucanas
450 727 588 797 Christo
604 727 726 800 laudes
743 739 880 811 canunt,
898 749 980 800 ecoe
996 727 1207 799 lacrimosus
1225 737 1342 822 pastor

265 853 426 926 abactum
464 873 604 944 gregem
638 851 800 922 nuntiat:
836 850 921 922 dum
959 849 1141 922 dominicae
1178 852 1342 924 memoria

265 975 438 1071 passionis
459 973 567 1047 sacris
587 985 777 1046 renovatur
796 973 976 1058 altaribus,
993 995 1074 1045 ecce
1092 993 1237 1063 gemens
1254 963 1343 1044 villi-

265 1120 328 1170 cus
350 1108 514 1189 segetem,
537 1097 684 1180 vineam,
707 1104 853 1188 pratum,
877 1097 1015 1168 hortum
1037 1106 1262 1191 tyrannorum
1288 1119 1343 1168 ar-

264 1222 390 1293 mentis
427 1221 579 1293 clamitat
614 1220 782 1291 lacerari:
819 1219 902 1290 dum
940 1219 1156 1311 parcissimae
1181 1224 1339 1307 coeuulae,

262 1345 418 1439 dumque
439 1342 550 1416 somni
572 1341 772 1414 brevissimi
795 1351 930 1435 tempus
951 1342 1112 1427 advenit,
1135 1344 1340 1416 famulorum

264 1467 392 1538 Christi
412 1469 561 1538 famulus
582 1467 638 1536 vel
660 1465 810 1537 aedituus
832 1486 942 1536 sacrae
967 1465 1094 1536 domus
1114 1467 1275 1558 pulsatus
1299 1467 1342 1538 ab

263 1589 511 1660 executoribus
534 1599 771 1682 tyrannorum,
796 1590 918 1680 plenus
945 1589 1163 1678 querelarum
1197 1589 1341 1660 veniens

264 1710 512 1782 monachorum
535 1708 708 1780 silentium
729 1708 957 1804 interrumpit.
976 1708 1128 1800 Fugiunt
1145 1708 1190 1780 ad
1202 1711 1343 1803 antiqua

264 1832 418 1904 remedia
438 1841 473 1904 et
493 1831 600 1923 regiis
621 1830 728 1902 armis
751 1851 831 1903 sese
851 1839 984 1922 tegunt.
1007 1831 1175 1903 Irridetur
1195 1833 1343 1926 antiqui-

265 1966 340 2026 tas:
361 1954 499 2050 ipsique
518 1975 587 2025 nou
604 1953 707 2048 aliam
724 1953 770 2024 ob
790 1975 919 2026 noxam
940 1953 1007 2026 nisi
1024 1954 1107 2048 quia
1128 1977 1166 2026 se
1185 1955 1342 2028 libertate

264 2077 332 2149 sub
356 2076 488 2148 Christi*
508 2077 590 2168 iugo
616 2075 743 2168 dignos
767 2087 993 2162 censuerunt,
1020 2076 1173 2169 graviori
1201 2079 1342 2152 servitio

264 2196 592 2293 premuntueruid
615 2209 647 2269 te
666 2195 797 2268 diutius
822 2199 961 2270 morer?
979 2197 1017 2266 Si
1037 2217 1118 2290 quae
1142 2197 1261 2274 audivi
1282 2222 1343 2270 au-

265 2321 357 2404 dias,
380 2342 448 2391 uon
475 2319 588 2412 magis
613 2319 773 2392 lacrimas
802 2329 921 2392 terreas
947 2342 1052 2412 quam
1077 2320 1183 2392 tenui.
1208 2321 1274 2392 Est
1296 2321 1342 2392 ihi

262 2444 417 2527 calicum,
439 2442 628 2514 amictuum
649 2452 685 2514 et
706 2443 872 2514 librorum
892 2441 983 2514 bona
1002 2442 1115 2536 eopia,
1138 2465 1228 2536 quos
1248 2465 1343 2536 aegre

263 2590 325 2662 per
345 2568 411 2639 hoc
429 2576 566 2661 tempus
588 2587 608 2637 a
630 2564 854 2658 praedonibus
873 2562 1114 2637 defenderunt.
1134 2564 1227 2634 Nihil
1245 2564 1343 2638 deui-

262 2711 331 2783 que
356 2689 430 2781 spei
454 2696 511 2759 est
536 2687 691 2780 nihilque
721 2687 878 2772 remedii,
905 2685 972 2758 nisi
998 2709 1064 2758 rex
1081 2694 1201 2759 noster
1219 2687 1266 2758 ad
1290 2687 1342 2759 di·

263 2823 399 2905 reptum
421 2811 545 2883 Christi
565 2810 742 2903 tugurium
760 2811 879 2881 oculos
897 2808 1004 2902 regiae
1024 2809 1162 2902 pietatis
1179 2807 1339 2895 inflectat,

262 2943 297 3004 ct
315 2935 618 3028 praedecessorum
641 2953 795 3014 suorum,
819 2931 876 3002 avi
897 2953 938 3003 ac
952 2931 1065 3027 patrui
1080 2932 1271 3026 privilegiis
1286 2955 1342 3005 re·

208 3093 210 3098 ·
262 3055 414 3140 novatis,
434 3055 556 3125 alienis
576 3052 737 3125 manibus
758 3051 941 3124 fundatum
962 3057 1075 3126 locum
1101 3075 1164 3126 sua
1184 3053 1341 3147 benigni-

262 3187 331 3250 tate
351 3177 474 3248 liberet
490 3187 595 3270 atque
616 3175 797 3259 restituat3
816 3197 885 3248 nou
905 3175 1049 3248 minoris
1068 3176 1181 3248 meriti
1202 3179 1339 3250 tuturus

260 3324 367 3395 quam
387 3301 446 3396 qui
466 3300 634 3385 condidit,
657 3300 747 3372 sicut
773 3321 841 3371 non
863 3299 975 3371 minor
995 3310 1050 3370 est
1064 3299 1173 3372 »Bruti
1198 3303 1255 3372 vel
1276 3301 1340 3372 Ca-

184 3521 194 3536 ·
262 3425 344 3498 milli
365 3425 474 3518 gloria
493 3447 598 3517 quam
622 3423 765 3506 Romuli,
789 3421 819 3494 si
839 3443 924 3494 vera
944 3420 1067 3494 horum
1089 3421 1202 3494 virtus
1220 3432 1255 3493 et
1271 3443 1340 3494 uon

261 3549 352 3620 illius
377 3550 465 3620 salsa
490 3547 656 3619 divinitas
680 3546 882 3618 aestimetur.
908 3544 980 3614 Hoc
1004 3564 1025 3613 a
1046 3565 1102 3616 mc
1131 3544 1236 3636 igitur
1260 3549 1352 3618 cum'

261 3669 413 3742 lacrimis
434 3667 619 3763 petierunt,
643 3677 680 3737 ut
699 3668 757 3738 vel
785 3663 932 3738 satellite
959 3668 1054 3759 regio
1079 3669 1255 3753 restituto,
1282 3670 1341 3740 vel

261 3801 456 3886 protectore
477 3791 594 3886 aliquo
613 3790 703 3874 dato,
725 3790 772 3861 ab
791 3789 915 3862 iniuria
935 3790 999 3862 tuti
1019 3799 1148 3863 esseut.
1165 3791 1340 3884 Respondi

261 3937 317 3987 me
343 3926 471 4010 praeter
497 3914 729 3988 reverentiam
753 3935 794 3986 ac
814 3913 933 3998 fidem,
955 3912 1001 3986 de
1021 3935 1106 4006 rege
1130 3913 1217 3984 nihil
1237 3912 1340 3984 meri·
1437 4010 1440 4018 δ

262 4048 354 4110 tum:
376 4040 506 4112 hahere
528 4049 644 4114 tamen
662 4038 708 4111 ibi
727 4038 918 4110 maximum
935 4050 970 4110 et
986 4037 1082 4109 illum
1098 4037 1268 4130 optimum
1285 4033 1338 4105 vi-

263 4179 340 4228 rum
357 4161 418 4250 qui
437 4161 554 4233 omnia
573 4159 686 4256 possit
706 4161 799 4254 apud
818 4181 947 4251 regem.
963 4158 1014 4230 llli
1026 4159 1130 4230 etiam
1146 4177 1209 4232 sua
1224 4155 1338 4251 potius
