2988 4800
423 347 512 394 unna
535 347 961 402 oeconomos-nammis
985 355 1034 403 vu.
1204 345 1261 406 185

594 623 770 689 Erlsront
794 627 848 691 Vll.

252 843 449 896 FRANCISGUS
469 847 639 896 barbaflot
659 847 808 898 BARBATO
830 850 1028 902 SULMONENSI
1049 853 1074 902 S.
1097 856 1125 902 P.
1148 857 1177 905 n.

165 1040 293 1098 Litteras
316 1043 376 1098 eius
400 1061 460 1098 sero
483 1043 566 1098 nimis
592 1044 644 1098 sibi
668 1044 789 1100 redditas
814 1046 949 1117 queritur.
973 1045 1080 1102 Laudat
1102 1049 1256 1104 Robertum

241 1150 341 1204 regem
363 1139 391 1188 et
411 1134 490 1204 regni
513 1139 616 1188 sortem
641 1133 733 1188 deflet.
760 1135 836 1188 Bene
855 1135 958 1190 sactum
981 1139 1134 1209 essequod
1160 1139 1256 1196 Romae

241 1239 318 1278 anno
332 1223 436 1278 iubilaei
448 1224 531 1280 simul
550 1241 606 1278 non
624 1223 737 1278 suerint.
757 1224 797 1280 De
815 1225 909 1280 Africa
928 1242 977 1280 sua
1001 1226 1256 1299 inpraesentiarum

243 1330 345 1368 senon
361 1313 489 1384 cogitare.

270 1597 358 1664 Dum
385 1595 429 1668 ad
457 1617 523 1680 me,
561 1615 642 1687 pars
672 1595 739 1666 mei
768 1595 897 1690 optima
930 1597 1093 1683 Barbate,
1129 1600 1253 1670 titterae

166 1729 240 1791 tuae
260 1720 375 1812 longis
396 1719 607 1791 anfractibus
626 1720 717 1794 viam
739 1730 916 1813 quaerunt,
935 1729 970 1792 et
987 1721 1021 1790 in
1038 1721 1157 1794 Galliis
1178 1723 1254 1793 lati-

167 1853 301 1914 tantem
319 1865 381 1935 per
401 1842 530 1914 Italiam
551 1852 759 1936 sequuntur,
779 1865 891 1914 annus
910 1866 1016 1936 prope
1035 1845 1170 1936 integer
1187 1847 1254 1916 cir-

166 1975 350 2037 cumactus
374 1974 449 2036 est:
476 1966 524 2036 ita
548 1988 617 2037 non
646 1970 758 2036 sotum
786 1975 904 2036 nostro
931 1968 1024 2037 vivae
1049 1967 1160 2050 vocis,
1190 1967 1253 2038 sod

167 2097 302 2161 mutuae
328 2088 431 2160 etiam
459 2089 639 2181 scripturae
670 2088 790 2160 solatio
816 2089 1052 2182 prohibemur.
1075 2093 1145 2160 Hoc
1166 2089 1252 2162 iuris

166 2210 201 2280 in
222 2209 327 2281 nobis
349 2208 470 2280 habuit
495 2210 631 2281 fortuna
652 2231 696 2279 ex
720 2231 788 2302 quo
814 2208 870 2278 die
896 2231 960 2280 nos
981 2211 1127 2280 intactos
1161 2232 1252 2304 prae-

167 2333 299 2403 teriens
317 2333 489 2423 glutinum
503 2332 603 2403 nobis
618 2331 868 2404 suavissimum
887 2341 991 2425 atque
1009 2332 1250 2404 dulcissimum

167 2455 308 2527 inimica
328 2478 423 2527 mors
445 2456 573 2549 rapuit,
600 2478 719 2547 regem
741 2453 898 2538 siculum,
921 2477 991 2548 quo
1011 2455 1096 2525 nihil
1123 2454 1248 2538 maius,

166 2577 250 2647 nihil
272 2579 428 2649 ornatius
450 2579 576 2648 tulerat
593 2587 679 2648 aetas
701 2587 828 2649 nostra.
856 2578 916 2648 llte
948 2575 1009 2668 qui
1033 2599 1096 2647 nos
1124 2577 1250 2648 vivens

167 2699 283 2770 animo
302 2702 541 2793 copulaverat,
564 2721 708 2792 corpore
729 2698 900 2771 disiunxit
927 2698 1094 2782 morienS,
1121 2707 1250 2770 totum-

167 2843 234 2914 que
255 2823 472 2914 propositum
498 2823 582 2893 vitae
606 2833 738 2894 nostrae
764 2815 891 2894 moesta
915 2843 1032 2892 rerum
1058 2821 1249 2893 mutatione

166 2945 357 3038 praevertit.
385 2947 591 3021 Omittamus
623 2954 740 3018 autem
773 2955 920 3017 tractare
955 2965 1034 3037 quae
1068 2944 1248 3015 retractari

167 3079 263 3139 vetat
280 3069 505 3139 inexorabilis
526 3071 586 3138 tex
606 3077 755 3151 naturae,
778 3076 813 3138 et
840 3068 942 3140 tacita
976 3067 1139 3161 patientia
1159 3069 1248 3140 tera-

167 3211 245 3261 mus
265 3189 359 3282 quod
377 3191 521 3282 gravius
539 3190 577 3260 fit
594 3192 764 3262 lamentis
783 3193 860 3260 Rex
877 3201 996 3262 noster
1013 3193 1101 3264 coeio
1118 3191 1246 3281 dignus

166 3325 257 3392 erat:
287 3314 345 3385 tali
366 3336 449 3406 rege
471 3317 571 3385 tellus
598 3313 750 3406 indigna.
778 3313 849 3384 Sibi
879 3315 1019 3406 requies
1049 3323 1128 3409 post
1152 3313 1247 3385 tabo-

167 3459 258 3508 rem:
286 3438 386 3509 nobis
413 3450 492 3532 post
518 3439 626 3510 risum
653 3439 819 3520 lacrimae,
848 3438 946 3509 dolor
970 3449 1049 3530 post
1080 3437 1245 3528 gaudium

168 3559 398 3645 debebantur,
426 3583 565 3655 unoque
586 3570 680 3646 actu,
708 3561 844 3652 etipse
870 3582 934 3632 suo
960 3560 1158 3650 iungendos
1184 3583 1246 3632 au-

167 3685 265 3767 ctori,
286 3693 321 3753 et
338 3703 401 3755 nos
420 3707 560 3756 cramus
579 3684 623 3755 ab
640 3685 788 3756 invicem
803 3682 1026 3774 segregandi.
1042 3684 1152 3767 Quam
1171 3707 1243 3755 rem

167 3803 276 3877 brevi'
294 3829 403 3899 nuper
435 3808 586 3879 carmine
615 3817 761 3901 questus
793 3827 885 3891 sum,
917 3804 1012 3896 quod
1032 3804 1068 3874 in
1088 3805 1243 3898 epistolis

167 3937 262 3998 tuum
283 3951 410 4000 nomen
431 3929 641 4002 habentibus
661 3930 820 4023 prooemii
841 3932 953 4000 locum
981 3938 1082 4000 tenet.
1110 3929 1241 4000 Eodem

166 4050 307 4121 consitio
325 4052 416 4123 iilam
439 4053 594 4144 epistotae
615 4061 685 4123 tuae
708 4063 839 4147 partam
862 4062 1014 4135 transe0,
1037 4050 1098 4121 ubi
1120 4051 1241 4143 patriae

168 4183 310 4258 statum,
342 4175 500 4247 miserias
532 4177 648 4248 vorbis
682 4176 901 4270 aequantibus
939 4176 992 4271 pic
1026 4197 1171 4270 prorsus
1203 4199 1240 4246 ac
