2958 4804
248 387 308 448 aab
587 396 628 443 ou
650 393 751 443 nanus
773 388 995 440 rnuuunmos

248 555 317 626 quo
335 533 416 602 veni
434 532 501 601 iam
521 530 709 623 perlectum
729 528 789 611 sit,
806 549 851 596 an
868 547 955 596 vero
972 523 1093 621 perfici
1110 547 1181 598 non
1199 529 1342 620 possit‘l

249 657 401 747 Utraque
429 651 596 723 redeundi
631 650 807 721 sufficiens
840 670 948 719 causa
976 657 1041 718 est.
1076 651 1214 722 Rursus
1247 651 1341 744 quid

249 778 364 848 sciunt
389 798 433 846 an
459 783 495 844 et
520 774 576 844 hic
600 795 681 844 esse
708 771 839 843 diutius
868 780 903 840 et
929 791 991 841 eos
1017 771 1153 841 interim
1187 770 1341 844 irridere

248 899 462 992 propositum
489 896 555 968 sit?
581 897 650 965 lam
677 893 806 965 doloris
827 914 985 977 causam,
1015 893 1083 963 iam
1103 893 1195 964 clavi
1218 894 1340 965 locum

249 1020 372 1114 reperi.
393 1021 464 1090 Hoc
481 1028 550 1102 est,
566 1016 780 1098 mihicrede,
795 1013 891 1106 quod
908 1013 985 1084 illos
1006 1015 1147 1106 premit,
1162 1036 1230 1085 non
1251 1015 1340 1107 quia

249 1165 303 1214 me
329 1142 431 1212 istinc
456 1140 638 1211 absentem
664 1140 816 1220 doleant,
845 1135 908 1207 sed
933 1135 1015 1228 quia
1040 1135 1095 1206 hic
1120 1146 1336 1228 praesentem

248 1273 418 1335 metuunt.
452 1263 532 1333 Istic
560 1260 652 1331 enim
678 1281 783 1330 aures
808 1280 928 1329 eorum
956 1268 1060 1349 atque
1086 1259 1206 1328 oculos
1232 1259 1338 1330 durn-

248 1395 346 1456 taxat
365 1384 517 1468 offendo,
540 1383 620 1453 hinc
638 1404 684 1452 ex
702 1404 758 1452 me
780 1380 944 1473 graviora
966 1378 1174 1472 concipiunt.
1197 1381 1248 1451 lta
1268 1403 1336 1472 ego

247 1529 318 1578 non
352 1505 589 1578 solumfbonis
615 1504 791 1590 amabilis,
817 1503 912 1596 quod
946 1524 1085 1595 semper
1115 1513 1332 1597 optaveram,

249 1630 326 1713 sed,
349 1629 443 1722 quod
469 1627 609 1697 minime
630 1627 840 1709 voluissem,
864 1625 978 1696 stultis
1003 1646 1144 1718 quoque
1171 1627 1335 1699 sormida-

248 1751 327 1821 bilis
348 1752 458 1820 sactus
481 1771 570 1819 sum.
597 1750 734 1820 Novum
763 1771 849 1821 vero
876 1748 1018 1818 malitiae
1042 1771 1157 1839 genus
1178 1749 1332 1821 attende:

248 1870 354 1942 habet
373 1871 465 1941 enim
483 1879 518 1940 et
535 1870 709 1941 dementia
728 1892 830 1943 suum
846 1893 994 1941 acumen
1009 1874 1221 1964 aculeosque
1242 1893 1331 1972 suos.

248 1995 380 2063 Moram
403 2015 516 2063 meam
538 2015 641 2086 quam
664 1993 857 2084 longiorem
878 2003 1089 2064 execrantur
1106 2015 1147 2065 ac
1165 2003 1330 2078 metuunt,

248 2113 446 2184 breviorem
468 2115 631 2184 simulant
652 2135 692 2184 se
713 2113 848 2198 timere,
869 2122 907 2183 ut
925 2116 979 2184 vel
1002 2114 1052 2184 sic
1071 2113 1222 2186 efficiant
1242 2115 1334 2207 quod

248 2234 444 2317 intendunt,
467 2257 534 2306 non
563 2233 674 2325 ignari
703 2255 758 2303 me
785 2233 922 2303 illorum
950 2255 1088 2326 semper
1113 2233 1333 2327 opinionibus

248 2364 320 2427 toto
346 2357 462 2427 animo
485 2364 752 2449 repugnantem,
776 2366 811 2427 et
838 2355 900 2425 niti
928 2355 1066 2426 solitum
1095 2379 1157 2451 per
1184 2357 1333 2429 adversa

249 2478 376 2551 iudicia
396 2478 630 2562 delirantium,
648 2487 685 2549 ut
702 2479 762 2570 qui
779 2479 874 2547 nullo
890 2479 977 2548 calle
995 2476 1129 2548 felicius
1147 2475 1191 2549 ad
1210 2500 1333 2549 verum

248 2601 424 2696 perveniri
457 2600 617 2683 arbitror,
641 2623 745 2693 quam
772 2599 968 2694 praecipites
1003 2608 1038 2669 et
1071 2599 1232 2692 obliquas
1257 2601 1333 2672 vias

248 2745 352 2795 caecae
385 2743 559 2815 vagaeque
588 2721 818 2792 multitudinis
856 2720 1062 2793 deserendo.
1102 2723 1211 2806 Quem
1253 2745 1336 2796 sane

248 2850 396 2920 colorem
416 2843 582 2935 figmento
601 2843 819 2936 praetendant
834 2843 1030 2915 videamus.
1042 2846 1134 2916 ·Nam
1154 2867 1197 2915 ne
1215 2845 1253 2915 in
1270 2847 1336 2916 hoc

249 2969 391 3061 quidem
405 2966 632 3047 conveniunt;
645 2987 714 3036 non
732 2964 908 3036 insolitum
923 2966 1037 3038 turbae
1055 2968 1199 3037 malurn:
1215 2989 1335 3039 secum

233 3088 326 3180 „ipsa
350 3084 527 3156 discordat
552 3084 712 3156 amentia.
745 3085 893 3168 Quidam
920 3111 1005 3181 ergo
1032 3088 1180 3160 reditum
1202 3111 1334 3171 meum,

229 3206 309 3317 pqui
330 3204 485 3276 nondum
508 3216 576 3290 est,
598 3217 702 3300 atque
724 3209 855 3279 utinam
877 3233 969 3280 nunc
985 3218 1099 3294 esset,
1116 3232 1185 3280 non
1204 3219 1241 3281 ut
1262 3211 1336 3279 illo-

251 3351 326 3398 rum
347 3336 478 3412 metuS,
504 3329 566 3400 sed
586 3339 622 3400 ut
643 3327 747 3401 animi
766 3330 832 3402 mei
851 3331 1065 3402 desiderium
1085 3331 1266 3416 leniretur,
1286 3331 1337 3401 in-

249 3451 453 3523 constantiae
487 3451 695 3537 attribuunt,
725 3453 826 3545 quasi
854 3475 922 3524 non
949 3453 1109 3524 omnibus
1136 3463 1258 3522 notum
1293 3452 1338 3524 sit

249 3573 377 3666 quibus
399 3595 466 3666 ego
486 3585 589 3646 notus
619 3596 711 3661 sum,
744 3578 872 3646 nullam
907 3574 1023 3647 minus
1049 3567 1336 3645 maculam'meis

249 3696 406 3767 moribus
427 3695 628 3779 convenire,
645 3697 892 3788 aliquantoque
910 3696 1038 3786 magis,
1057 3695 1124 3766 nisi
1142 3697 1187 3767 ab
1207 3697 1336 3790 iniquis

251 3840 367 3888 rerum
402 3816 717 3901 existimatoribus
747 3817 945 3908 pertinaciae
971 3817 1204 3912 suspicionem
1231 3839 1337 3910 quam

250 3939 494 4011 inconstantiae
519 3940 781 4011 formidandam.
816 3939 964 4025 Quidam
992 3963 1076 4012 vero
1102 3940 1194 4011 idem
1221 3940 1338 4011 festini

250 4057 383 4130 reditus
405 4060 554 4144 crimen,
571 4070 610 4130 ut
629 4059 761 4145 scribis,
782 4060 939 4132 avaritiae
957 4061 1177 4144 adscribunt,
1193 4060 1336 4152 quibua,

250 4179 351 4248 tacito
371 4203 440 4264 mc,
464 4182 535 4251 vita
556 4182 748 4276 respondet
768 4206 855 4256 mea.
874 4185 961 4268 Quis
979 4207 1133 4277 unquam
1150 4183 1257 4254 huius
1276 4203 1339 4273 ge-
