3062 4798
282 327 341 391 432
624 339 664 385 un
682 339 783 388 onnus
804 338 1028 396 runrrtmmnus

283 479 342 549 bat
360 473 562 566 indignatio,
581 477 690 546 multa
703 475 958 546 consolationis
976 475 1087 546 oratio
1110 473 1362 559 concursabat,

283 622 430 694 eamque
462 597 548 668 mihi
581 597 743 669 fiduciam
779 596 886 669 dabat
924 597 1029 668 animi
1063 596 1290 688 simplicilaS‚
1328 607 1367 667 ut

284 747 399 794 meum
427 743 516 816 opus
553 721 748 804 crederem,
790 723 879 792 sicut
908 721 953 791 ab
985 720 1081 791 initio
1113 729 1149 790 et
1180 741 1364 812 sempera

283 846 373 915 bello
394 845 506 915 italico
519 843 722 915 dehortatus
740 865 835 913 eram
849 869 856 926 ;
871 842 999 914 deinde
1017 854 1132 914 autem
1153 843 1198 914 de
1219 854 1364 914 externo

283 967 384 1039 hoste
408 967 568 1061 quaesitae
597 967 754 1038 victoriae
786 968 998 1061 plauserant,
1040 966 1089 1036 sic
1118 989 1210 1037 nunc
1230 965 1365 1038 animos

284 1091 441 1161 labantes
459 1089 612 1161 oratione
627 1087 777 1160 firmare.
792 1089 871 1173 Sed,
889 1098 926 1159 ut
942 1086 1054 1174 video,
1078 1088 1192 1160 iacent
1212 1087 1366 1180 victique

284 1224 365 1284 sunt
378 1213 505 1306 quibus
522 1212 694 1284 stantibus
708 1223 743 1283 et
756 1211 894 1284 invictis
909 1211 954 1284 de
972 1213 1230 1283 nulla‘fortunae
1243 1211 1368 1282 iniuria

284 1337 540 1432 desperandum
575 1344 660 1408 erat.
691 1335 859 1406 Volebam
887 1343 923 1405 et
952 1335 1020 1405 iam
1045 1355 1220 1426 coeperam
1242 1341 1369 1427 praeter

284 1462 435 1532 rationes
453 1471 557 1552 atque
583 1461 802 1530 hortamenta
819 1457 1011 1541 virtutum,
1037 1450 1193 1528 omnium
1212 1454 1368 1556 ‘gentium

284 1587 447 1678 exempla
467 1604 655 1674 congerere
676 1591 781 1673 atque
807 1580 842 1650 in
863 1579 983 1674 primis
1009 1582 1256 1662 Romanorum,
1285 1599 1368 1670 quo

285 1729 362 1776 rum
383 1707 417 1775 in
439 1704 531 1776 omni
554 1705 749 1796 praesertim
777 1702 900 1775 bellica
926 1702 1056 1774 virtute
1081 1703 1214 1795 primns
1241 1710 1298 1774 est
1321 1703 1368 1772 lo

285 1849 366 1898 cus:
388 1827 447 1918 qui
468 1836 547 1919 post
565 1835 614 1896 tot
636 1836 773 1917 strages
798 1836 834 1896 et
853 1835 933 1918 post
952 1824 1051 1908 illud,
1072 1833 1110 1894 ut
1126 1823 1284 1894 historici
1308 1845 1367 1895 vo-

284 1959 376 2031 cant,
405 1971 494 2044 pene
520 1948 679 2020 ultimum
700 1951 836 2034 vulnus
850 1947 986 2041 imperii
1015 1947 1142 2036 Cannis
1175 1957 1365 2040 acceptum,

284 2072 477 2144 imminutis
498 2093 621 2166 nempe
643 2071 793 2156 viribus,
818 2073 881 2143 sed
902 2071 1027 2142 animis
1042 2070 1236 2142 calamitate
1260 2091 1367 2164 prope

286 2195 413 2278 auctis,
437 2215 575 2287 semper
600 2194 635 2265 in
660 2194 770 2264 aciem
798 2194 987 2265 redeuntes
1008 2192 1172 2282 ,victores
1207 2214 1293 2265 suos
1326 2213 1367 2262 eo

286 2320 415 2388 maiore
437 2318 547 2410 gloria
563 2317 736 2401 vicerunt,
757 2339 826 2409 quo
843 2317 971 2388 abesse
984 2317 1122 2408 longius
1141 2339 1162 2388 a
1182 2338 1244 2408 spe
1260 2316 1369 2388 victo

286 2441 348 2511 riae
380 2440 600 2511 videbantur.
636 2439 829 2531 lungebam
862 2439 1136 2513 Lacedaemones
1162 2437 1366 2510 indomitum

286 2582 399 2652 genus
419 2572 454 2633 et
474 2561 713 2653 magnitudine
731 2561 926 2632 animorum
939 2562 1094 2632 Romano
1110 2559 1230 2652 generi
1251 2561 1368 2653 proxi-

286 2708 395 2770 mum,
416 2687 476 2779 qui
493 2685 537 2757 ad
549 2685 801 2781 Thermopylas
819 2685 864 2755 ab
877 2684 1047 2757 immenso
1061 2685 1243 2756 Persarum
1265 2706 1368 2755 exer·

286 2808 354 2880 citu
385 2807 514 2890 obruti,
549 2829 619 2879 non
652 2812 761 2881 multo
786 2818 865 2900 post
893 2807 927 2878 in
954 2805 1073 2880 Asiam
1109 2807 1221 2878 ultrici
1255 2809 1367 2881 classe

286 2931 477 3000 transvecti
503 2940 598 3014 sunt,
628 2953 722 3025 saepe
747 2929 887 3023 quidem
913 2930 958 3001 ab
983 2941 1142 3002 extrema
1167 2953 1283 3004 rerum
1305 2931 1366 3002 de-

288 3051 484 3142 speratione
497 3053 658 3123 victores.
673 3051 853 3124 Addebam
866 3051 1098 3126 Athenienses
1112 3054 1172 3147 qui
1185 3054 1276 3125 bello
1289 3077 1365 3126 cum

287 3173 561 3244 Lacedaemoniis
587 3185 761 3269 suscepto,
787 3177 922 3248 afflictis
943 3178 988 3248 ad
1012 3177 1173 3248 ultimum
1199 3177 1364 3260 fortunis,

286 3295 426 3367 amissis
452 3295 599 3368 ducibus
634 3300 860 3394 exercituque
889 3300 1019 3382 deleto,
1054 3311 1089 3371 et
1118 3300 1304 3396 Syracusio
1333 3301 1365 3370 in

286 3441 428 3512 aequore
445 3429 517 3492 tota
533 3443 620 3515 pene
637 3425 751 3494 classe
768 3432 987 3517 consumpta,
1007 3423 1102 3516 quod
1117 3445 1224 3494 unum
1246 3443 1368 3518 super-

286 3553 375 3626 erat,
405 3565 595 3616 servavere
624 3545 776 3618 animos:
807 3544 976 3638 brevique
1000 3555 1080 3638 post
1100 3556 1193 3616 terra
1210 3535 1366 3637 marique

223 3681 224 3684 ’
286 3687 350 3760 per
368 3667 483 3738 omnia
505 3689 585 3739 sese
605 3669 790 3760 magnifice
809 3667 869 3739 ulti
887 3677 978 3739 sunt.
993 3669 1064 3740 Nec
1078 3667 1223 3740 silebam
1240 3668 1366 3739 Poenos

287 3789 448 3881 quamvis
469 3788 595 3862 infidos
616 3802 651 3861 et
671 3791 805 3877 varios,
827 3793 933 3863 fortes
956 3801 1087 3876 mmeu,
1116 3789 1176 3882 qui
1197 3809 1293 3884 saepe
1314 3809 1367 3858 re·

286 3909 423 3979 tentatis
447 3911 553 3981 armis
571 3921 606 3982 et
626 3912 671 3983 de
692 3911 827 4003 magnis
856 3912 994 3983 casibus
1025 3921 1266 4003 resurgentes,
1294 3919 1368 3980 tan-

286 4028 365 4098 dem
388 4033 500 4122 perire
533 4037 730 4106 maluerunt
759 4057 864 4128 quam
895 4035 1040 4108 servire.
1075 4037 1120 4107 Et
1154 4043 1192 4106 ut
1220 4030 1367 4128 puhlicis

285 4153 454 4242 exemplis
476 4158 613 4246 privata
645 4158 879 4244 succederent,
902 4160 1117 4252 puderetque
1138 4155 1233 4251 quod
1258 4171 1367 4226 ausus
