3062 4798
407 364 501 414 uraca
523 364 1042 417 surrruusuucruus.-urrsrcun
1064 369 1083 415 r.
1224 355 1279 417 tar

207 501 318 570 alieno
340 518 447 591 supra
470 521 600 571 morem
618 521 732 572 meum
753 501 956 573 interseruit
971 523 1192 596 quamquam,
1209 512 1284 576 uta

206 624 317 696 doctis
338 621 425 694 viris
446 623 653 716 accepimus
676 621 846 715 quidquid
867 623 912 694 ab
939 626 1005 694 ullo
1036 623 1125 696 bene
1151 625 1281 698 dictum

207 756 262 817 est
281 734 439 818 nostrum
461 745 522 824 sit,
546 747 601 816 vel
622 743 752 817 utendo
772 756 865 818 certe
887 755 1045 819 nostrum
1066 747 1140 820 fieri
1162 749 1282 842 possit.

207 869 271 938 Est
290 869 383 939 enim
403 877 442 938 ut
462 889 579 939 rerum
601 867 652 940 sic
671 855 909 940 c'tverhorum
929 869 1108 963 usucapio.
1129 872 1207 942 Feci
1223 893 1286 942 au·

159 1067 162 1074 ,
208 1002 277 1062 tem
305 1003 343 1063 ut
371 992 449 1082 plus
474 989 554 1062 fidei
579 990 681 1062 dictis
709 990 795 1062 meis
821 1001 918 1064 esset
944 992 1038 1085 apud
1059 1003 1091 1064 te
1113 1002 1285 1065 tantorum

208 1113 386 1187 homiuum
404 1114 598 1186 testimonio
619 1113 786 1207 probatis,
806 1113 899 1207 apud
915 1136 1019 1208 quem
1042 1124 1159 1188 tamen
1178 1118 1286 1188 fateor

209 1248 247 1310 ut
263 1259 389 1329 magna
406 1237 490 1309 mihi
509 1257 647 1330 semper
663 1237 852 1309 auctoritas
869 1239 987 1323 suerit,
1002 1239 1098 1332 quod
1116 1239 1190 1312 sine
1208 1235 1286 1311 ullis

207 1359 363 1432 externis
389 1360 605 1432 adminiculis
632 1381 701 1430 non
723 1359 884 1430 meritum
906 1360 1046 1453 quidem
1080 1383 1193 1434 meum
1223 1361 1287 1432 sed

210 1494 267 1556 tua
290 1505 374 1556 vere
404 1483 523 1577 utique
551 1503 717 1573 germana
742 1480 895 1554 charitas
927 1483 1014 1554 lecit.
1046 1483 1090 1554 Et
1115 1484 1285 1556 hactenus
1330 1491 1332 1498 '

208 1606 363 1699 quidem,
386 1608 505 1690 irater,
525 1603 706 1676 laetissimo
724 1603 857 1696 stupori
875 1625 955 1677 mco
967 1605 1030 1698 ¹qui
1048 1627 1095 1696 err
1113 1603 1287 1700 insperata

209 1718 400 1802 litterarum
421 1738 559 1801 tuarum
581 1726 738 1800 ubertate
759 1726 876 1812 oritur,
897 1749 1105 1822 responsum
1122 1726 1176 1799 sit.
1195 1727 1287 1797 Nihil

210 1852 312 1923 modo
325 1873 471 1944 prorsus
489 1851 533 1923 ad
551 1851 699 1944 reliqua,
714 1850 779 1921 uisi
791 1848 885 1945 quod
902 1873 1133 1944 quaecumque
1147 1851 1285 1923 libellus

208 1975 264 2045 ille
283 1982 364 2050 tuus
381 1974 546 2058 continet,
566 1983 746 2065 quaesunt
763 1976 884 2056 multa,
904 1995 1032 2066 magno
1052 1977 1176 2067 plausu
1194 1995 1288 2045 com-

208 2097 353 2188 plector,
373 2102 408 2163 et
421 2093 536 2178 laudo,
558 2091 842 2187 supplicibusque
855 2093 948 2166 votis
961 2097 1099 2187 postulo
1113 2115 1156 2165 ue
1173 2093 1287 2164 minus

208 2217 376 2288 adiuvent
396 2215 549 2286 animum
570 2193 681 2308 quam
697 2215 880 2287 delectant.
901 2217 1000 2302 Vale,
1022 2216 1131 2287 decus
1163 2236 1287 2286 meum.

355 2355 582 2426 Modoetiae,v11
598 2355 664 2412 Idus
678 2356 853 2412 Novembris.

634 2859 810 2924 EPlSTOLA
832 2861 863 2923 ll.

321 3053 514 3104 FllrlNGISCUS
535 3054 705 3106 PETRARGA
726 3055 947 3106 tuouuscuttrt
968 3052 1027 3102 SUO
1050 3052 1075 3101 S.
1097 3052 1125 3100 P.
1147 3051 1177 3100 D.

321 3215 543 3271 Adolescentiam
557 3217 616 3272 eius
629 3209 709 3274 malis
721 3218 846 3275 moribus
857 3221 1030 3292 inquinatam
1044 3219 1182 3291 obiurgat,

485 3312 512 3362 et
527 3307 691 3362 honestioris
705 3309 767 3364 vitae
782 3309 892 3364 initium
905 3309 1013 3365 suadet.

309 3572 484 3642 Hactenus
505 3571 574 3641 huc
594 3570 722 3640 infame
743 3569 878 3640 nomen
894 3577 929 3640 et
948 3569 1130 3641 obscurior
1155 3570 1188 3638 in
1212 3569 1289 3640 dies

211 3717 326 3766 rerum
345 3705 484 3766 tuarum
502 3695 593 3764 sama
611 3701 829 3789 pervenerat.
847 3692 1012 3764 llolebam
1031 3691 1168 3777 tacitus,
1188 3690 1290 3763 dum-

211 3839 279 3909 que
304 3839 417 3908 genus
444 3813 538 3888 aliud
564 3815 720 3909 supplicii
746 3816 948 3912 parabatur,
972 3815 1134 3907 graviora
1154 3835 1291 3907 prome-

211 3938 314 4011 ritum
342 3961 466 4012 severo
497 3938 634 4011 silentio
658 3937 861 4038 puniebam3
888 3937 1051 4030 quamvis
1076 3929 1111 4008 et
1130 3935 1290 4008 latentior

211 4059 347 4131 interim
369 4062 561 4154 poena'non
581 4060 735 4143 deloret3
758 4059 787 4130 si
808 4057 949 4151 quidem
976 4058 1052 4152 pias
1073 4058 1175 4129 nimis
1206 4078 1291 4148 erga

213 4195 245 4254 te
266 4204 403 4267 manus,
427 4184 493 4255 etsi
512 4189 651 4278 propter
670 4185 824 4256 locorum
845 4181 1043 4254 distantiam
1070 4205 1091 4254 a
1113 4182 1222 4253 serula
1242 4181 1258 4250 s
1275 4220 1291 4230 -
