2958 4804
327 337 425 386 mnan
446 334 955 394 euuurusnnemus-amsrouu
977 339 1007 388 u.
1149 329 1208 390 llll

112 471 222 542 facilia
244 471 389 556 omnia,
412 469 562 542 difficilia
583 473 786 566 inexpertis.
816 501 830 540 r
857 475 938 557 Fac,
967 474 1092 568 inquit,
1116 488 1153 549 ut
1179 487 1211 549 te

114 594 186 663 sine
213 592 349 664 labore
376 615 496 664 omnes
522 593 723 686 intelligant.
751 621 765 658 r
794 595 856 666 Cui
877 595 961 668 illud
982 596 1120 684 obicio,
1143 599 1212 671 vile

114 713 255 807 penitus
278 722 318 782 et
341 712 515 785 abiectum
538 714 733 806 essequod
755 714 829 786 sinc
856 716 923 786 ulla
950 717 1077 789 mentis
1102 721 1213 811 agite-

116 836 205 904 tione
241 835 451 930 percipitur.
486 834 586 908 Addo
620 846 654 906 ot
683 858 764 929 quae
791 837 958 908 Clementi
983 841 1029 910 Vl
1056 841 1213 914 similiter

41 997 47 1012 ·
118 957 259 1028 instanti
281 957 364 1028 dixi
386 959 467 1030 olim
488 959 609 1040 multa,
632 957 715 1051 quin
737 968 773 1028 et
792 959 858 1031 alia
880 981 1110 1054 quaecumque
1132 983 1212 1034 sese

120 1077 266 1150 offerunt
295 1079 334 1148 in
362 1101 437 1150 rem
464 1087 672 1172 praesentem
693 1080 861 1166 efficacia,
885 1091 990 1175 atque
1015 1083 1098 1154 illud
1124 1083 1213 1156 inter

121 1209 257 1284 caetera,
273 1204 382 1272 malle
401 1223 456 1272 me
476 1223 495 1271 a
517 1202 637 1294 paucis
658 1201 803 1295 intelligi
824 1227 929 1296 quam
950 1205 1091 1297 probari
1111 1229 1131 1277 a
1154 1228 1213 1276 ne-

124 1323 222 1394 mine.
244 1323 352 1394 Docti
373 1323 464 1393 enim
488 1343 626 1417 semper
646 1324 760 1416 pauci,
779 1334 899 1396 nostra
919 1337 1022 1398 aetate
1042 1327 1214 1422 paucissi-

123 1443 181 1527 mi,
207 1445 278 1515 cito
306 1453 441 1527 autem,
470 1443 537 1514 nisi
572 1443 738 1536 sapientia
763 1446 881 1518 divina
908 1445 1101 1540 provideat,
1130 1449 1213 1518 nulli

125 1577 231 1637 erunt.
254 1569 380 1639 Donec
400 1588 486 1658 ergo
507 1567 605 1660 pauci
627 1579 723 1652 sunt,
744 1571 968 1662 nequeenim
993 1573 1133 1654 multos,
1154 1573 1212 1664 qui

128 1711 301 1782 nunquam
324 1691 480 1776 fuerunt,
496 1690 707 1784 quandoque
731 1692 798 1763 iam
820 1695 955 1766 tuturos
978 1714 1094 1787 spero,
1111 1702 1149 1764 ut
1169 1694 1215 1766 ab

127 1809 188 1879 illis
208 1810 348 1883 iudicer
371 1834 440 1884 non
460 1833 601 1883 recuso:
624 1815 810 1886 multorum
832 1839 929 1902 vero,
953 1817 1020 1888 hoe
1040 1827 1096 1889 est
1116 1816 1214 1910 vulgi

130 1930 304 2020 iudicium,
329 1936 383 2007 sie
403 1935 532 2006 nullius
554 1937 718 2008 momenti
739 1937 802 2010 leci
829 1959 967 2032 semper
987 1963 1027 2011 ac
1048 1939 1148 2024 laoio,
1177 1949 1215 2010 ut

132 2051 172 2122 ab
200 2054 241 2125 iis
275 2056 398 2129 malim
424 2079 493 2128 non
519 2057 661 2149 intelligi
688 2082 792 2150 quam
819 2060 971 2144 laudari;
999 2062 1095 2152 vulgi
1121 2061 1214 2132 enim

132 2175 201 2248 laus
217 2179 311 2270 apud
328 2181 454 2252 doctos
472 2155 610 2250 infamia
628 2193 692 2251 est.
712 2181 812 2273 Saepe
828 2180 973 2274 insuper
990 2182 1215 2253 Ciceroniana

134 2295 183 2369 illa
203 2303 373 2375 sententia
397 2325 483 2376 usus
506 2324 597 2386 sum,
616 2323 697 2395 quae
718 2301 753 2371 in
774 2302 970 2375 Tusculano
990 2303 1068 2374 eius
1087 2303 1215 2396 scripta

135 2430 194 2504 est,
213 2426 411 2496 maximum
433 2435 679 2517 argumentum
699 2444 781 2495 esse
805 2445 875 2494 non
896 2423 1066 2496 subtiliter
1086 2447 1128 2496 ea
1148 2424 1216 2498 dici

137 2561 208 2631 quae
238 2546 342 2618 facile
374 2548 558 2619 discuntur
591 2555 626 2617 et
660 2545 850 2638 probantur
887 2545 932 2616 ab
965 2545 1123 2619 indoctis,
1161 2547 1217 2619 Ad

139 2674 325 2740 extremum
347 2669 487 2762 quidem
508 2667 713 2740 auctoritate
734 2667 800 2738 viri
827 2689 1029 2760 praegravor
1049 2671 1216 2742 luctatus-

141 2807 200 2877 que
219 2791 278 2864 diu
299 2792 505 2877 succumbo,
527 2801 563 2864 et
584 2812 679 2885 saepe
700 2791 868 2862 rationem
893 2811 1007 2862 meam
1030 2791 1218 2862 subiiciens

141 2911 298 2986 voluntati
319 2936 411 2998 suae,
436 2924 474 2984 ut
494 2912 560 2984 sibi
581 2914 753 3005 placeam,
773 2909 855 2981 mihi
878 2909 1067 3005 displiceo:
1090 2911 1153 2982 sed
1174 2931 1217 2980 ue

143 3029 329 3125 displiceam
358 3036 490 3121 multis,
514 3057 607 3108 novo
634 3056 730 3106 more
759 3055 863 3117 usuS,
891 3034 941 3106 sio
965 3035 1013 3106 illi
1040 3033 1155 3106 scriho
1181 3041 1218 3105 ut

143 3161 344 3250 exemplaria
364 3181 433 3230 nun
450 3179 639 3230 reservem.
662 3157 762 3228 Nunc
779 3179 866 3227 vero
884 3160 998 3250 longae
1016 3179 1057 3228 ec
1073 3156 1219 3228 fervidae

145 3271 225 3349 illius
245 3281 433 3364 instantiae,
459 3280 495 3350 in
514 3280 671 3382 eoquod
691 3301 746 3350 me
766 3280 898 3350 clarum
922 3277 997 3350 fieri
1014 3279 1137 3363 voluit,
1156 3277 1219 3348 ali-

146 3401 273 3485 quando
297 3405 347 3477 sio
372 3404 473 3497 parui
500 3414 538 3474 ut
562 3424 688 3474 verear
712 3423 756 3472 ne
783 3400 850 3472 sibi
876 3399 981 3471 nimis
1001 3399 1220 3493 obtempera-

148 3521 212 3590 tum
236 3525 336 3598 dicat.
364 3527 557 3617 Utcumque
582 3524 639 3595 ille
665 3523 881 3596 iudicaturus
904 3520 961 3604 sit,
986 3532 1022 3592 tu
1044 3522 1217 3612 ingentem

149 3635 228 3714 hano
259 3649 324 3722 sibi
357 3650 538 3744 epistolam
564 3647 680 3732 dabis,
703 3668 807 3739 quam
830 3645 958 3716 idcirco
984 3641 1045 3714 tibi
1070 3643 1219 3736 primum

150 3757 353 3856 dirigendam
371 3769 514 3857 credidi,
536 3780 574 3842 ut
588 3780 684 3842 esset
706 3769 766 3840 tibi
787 3767 925 3840 occasio
943 3766 1037 3837 illum
1056 3763 1218 3850 adeundi,

151 3899 249 3978 aquo
269 3916 371 3966 nemo
392 3917 547 3989 unquam
568 3893 635 3966 nisi
658 3901 719 3966 aut
738 3891 859 3963 molior
884 3887 1050 3964 discessit
1074 3897 1135 3960 aut
1158 3887 1222 3980 lae·

154 4001 219 4079 tior.
239 4015 331 4090 Vale.

281 4164 322 4218 Ad
336 4166 442 4222 fontem
455 4165 568 4237 Sergia.
584 4165 696 4226 Decimo
711 4161 848 4219 Kalendas
864 4159 999 4216 Octobris.
