3024 4802
364 393 457 456 ninnn
479 391 983 443 ournvusunoruus.-nnrsront
1004 395 1033 442 x.
1189 381 1248 443 495

170 550 274 602 mone
289 527 363 600 utili
379 548 587 620 amoenoque
600 528 674 600 sine
691 528 923 612 contentione,
944 530 1019 600 sine
1036 527 1157 620 iurgio,
1174 529 1249 600 sine

170 651 352 736 anxietate,
376 649 451 722 sine
472 650 643 736 molestia,
666 651 920 744 deniqueduloi
936 650 1097 722 convictu
1115 660 1151 722 et
1166 650 1249 724 affa-

170 773 299 849 bilitate
320 771 506 844 conditum.
540 771 627 856 Quae
659 773 753 846 dioto
782 757 874 847 levia
906 793 976 844 non
1008 772 1121 844 facile
1141 771 1248 847 rebus

112 930 114 934 ·
169 895 255 991 ipsis
275 894 475 988 implentur,
495 893 563 966 nisi
582 895 670 966 lenis
691 906 727 968 et
744 896 886 968 immota
908 873 1077 974 serenitas
1098 915 1250 988 praeoes-

170 1018 255 1090 serit
274 1017 467 1089 animorum
492 1020 612 1090 vultus
638 1040 679 1090 ac
704 1017 814 1091 verba
833 1019 1067 1090 formantium.
1089 1016 1181 1100 Quid
1205 1016 1249 1090 de

169 1139 268 1211 aliis‘l
287 1140 399 1224 Quam
419 1139 571 1225 famulis,
593 1161 698 1232 quam
720 1139 871 1213 convivii
892 1141 1035 1212 domino
1053 1144 1166 1234 legem
1188 1161 1250 1234 po-

168 1283 263 1345 nam,
279 1259 345 1331 nisi
363 1269 401 1331 ut
417 1259 463 1330 illi
478 1260 593 1354 pauci,
609 1260 773 1345 humiles,
790 1261 926 1345 soliciti,
943 1261 1000 1333 ille
1016 1284 1102 1335 vero
1121 1264 1166 1333 sit
1182 1262 1252 1333 lar-x

169 1401 245 1476 gns,
261 1381 325 1454 sed
343 1380 494 1467 sobrius,
514 1382 579 1454 sed
596 1383 710 1468 laetus,
727 1383 790 1454 sed
808 1383 1003 1470 modestus,
1018 1379 1167 1493 denique
1184 1385 1250 1456 oir-

168 1512 405 1598 oumspectus,
428 1505 568 1591 suavis,
592 1505 761 1608 urbanus
784 1495 953 1590 disertus3
973 1507 1037 1579 sed
1054 1507 1114 1600 qui
1134 1515 1251 1582 tacere

167 1627 316 1716 noverit,
344 1635 380 1699 et
404 1649 467 1722 pro
494 1629 660 1721 qualitate
683 1629 863 1702 hominum
889 1638 950 1700 aut
975 1641 1168 1724 temporum
1189 1639 1251 1704 aut

168 1752 336 1836 locorum,
356 1750 454 1824 iactis
475 1750 565 1824 inter
582 1752 751 1824 eonvivas
768 1749 958 1825 verborum
977 1753 1170 1826 seminibus
1187 1775 1250 1826 aue

166 1874 242 1947 dire
261 1874 346 1969 quid
365 1875 422 1946 alii
439 1879 699 1970 colloquantur?
719 1879 802 1950 Haec
822 1887 857 1948 et
878 1873 907 1950 si
927 1889 1009 1971 queo
1031 1871 1169 1952 su'ntid
1189 1899 1251 1972 ge-

166 2019 235 2071 nus
252 1997 345 2068 nulla
362 2019 409 2067 ex
425 2008 527 2091 parte
541 2019 686 2091 prorsus
709 2001 813 2070 attioo
833 2019 990 2092 uereque
1009 1999 1250 2096 philosophico

166 2117 330 2192 convivio
346 2124 406 2189 tuo
426 2117 582 2190 defuisse
603 2119 824 2204 crediderim,
842 2119 910 2191 nisi
932 2121 1026 2213 quod
1044 2131 1082 2193 tu
1098 2124 1249 2195 fortasse

166 2239 292 2314 lautior
307 2230 564 2332 quam'rustioa
580 2248 702 2311 nosset
718 2239 922 2333 antiquitas:
939 2249 1153 2334 quamquam
1170 2252 1250 2315 tuas

166 2362 318 2436 lautitias
343 2361 474 2434 eximia
507 2358 694 2432 sobrietate
729 2371 764 2433 et
795 2362 967 2436 modestia
987 2365 1107 2456 plenas
1130 2363 1246 2436 seiam.

168 2485 238 2558 Sed
259 2484 317 2558 ubi
335 2507 402 2579 ego
423 2493 506 2557 tunc
526 2485 646 2556 eram?
661 2484 794 2557 Eadem
813 2493 907 2557 certe
928 2506 1008 2578 quat
1029 2498 1067 2558 ut
1086 2485 1248 2558 abessem

167 2609 327 2695 iusserat,
350 2631 420 2701 quo
440 2627 511 2679 uno
531 2607 626 2679 licuit
639 2607 754 2692 modo,
774 2618 814 2680 ut
832 2608 908 2704 ipse
925 2629 1065 2703 quoque
1089 2599 1248 2704 praesens

166 2751 295 2818 essem,
321 2733 459 2804 lortuna
489 2730 654 2824 providit:
685 2732 824 2826 quando
854 2738 936 2803 tuno
960 2731 1136 2825 praecipue
1166 2755 1249 2805 caro

167 2853 268 2927 oaetui
289 2877 383 2929 meas
405 2855 541 2928 invexit
560 2853 738 2949 epistolas,
764 2855 892 2947 quibus
919 2854 1133 2948 geminatum
1160 2877 1248 2946 gau-

166 2975 262 3049 dium
283 2988 439 3051 vestrum
463 2977 597 3050 scribis.
622 2978 733 3051 Credo
750 2979 922 3078 equidem,
942 2999 1056 3072 neque
1073 2976 1173 3050 aliter
1190 2997 1248 3050 su-

167 3098 292 3192 spioari
312 3099 423 3172 fidelis
444 3101 603 3172 amioitiae
623 3102 752 3174 candor
773 3103 863 3176 sinit.
886 3104 979 3177 Vale.
