2958 4804
361 309 973 358 111111111111115111111111.-1111111111
997 313 1026 359 n.
1174 303 1233 362 blo

580 619 756 683 trustem
778 621 808 682 ll.

233 815 613 864 111111118011811111111111
635 815 804 866 atlanteo
827 817 1005 866 VEllONENSl
1027 820 1052 865 S.
1076 820 1102 866 l’.
1127 821 1155 866 b.

277 979 459 1034 Commendat
475 979 675 1035 adolescentem
691 997 773 1034 suum
789 981 956 1037 Veronensis
972 981 1100 1038 Ecclesia

496 1070 658 1124 canonicum
677 1071 877 1126 renunciatum.

249 1315 464 1386 Adolescens
502 1337 605 1408 quem
640 1313 683 1386 ad
724 1327 756 1386 te
790 1316 883 1399 misi,
923 1339 1027 1408 quarn
1067 1319 1151 1388 mihi
1187 1321 1231 1390 sit

152 1441 287 1510 iunctus
309 1437 478 1528 sanguine
500 1448 582 1532 puto
604 1436 663 1507 tibi
685 1459 752 1508 non
774 1438 943 1528 ignotum,
968 1438 1033 1509 nisi
1059 1442 1145 1510 sorte
1168 1463 1224 1512 su-

152 1562 256 1632 bitum
280 1560 357 1630 eius
383 1561 649 1643 incrementum,
672 1558 766 1651 quod
785 1559 819 1627 in
842 1568 945 1630 aetate
968 1583 1030 1632 sua
1053 1582 1146 1654 saepe
1172 1583 1230 1633 ac-

149 1684 242 1769 cidit,
267 1683 328 1754 tibi
348 1681 507 1777 discipuli
530 1681 579 1752 tui
599 1681 754 1752 notitiam
774 1680 967 1754 abstulerit.
990 1683 1088 1754 Hune
1116 1684 1145 1755 si
1166 1707 1229 1756 no-

150 1810 202 1894 sti,
232 1831 278 1880 ne
308 1806 391 1878 illud
415 1805 570 1897 qui-dem,
593 1827 698 1899 quam
720 1805 804 1876 mihi
832 1807 876 1877 sit
897 1829 1013 1887 carus,
1037 1817 1097 1878 aut
1122 1830 1227 1900 quam

149 1931 278 2002 bonum
300 1927 374 2000 fieri
396 1928 546 2022 cupiam,
570 1929 719 2020 ignoras.
745 1931 777 2000 ls
798 1931 937 2023 quidem
965 1931 1133 2002 aschalis
1160 1933 1227 2004 tuis

148 2057 214 2126 lato
242 2076 309 2125 suo
331 2063 428 2124 tener
454 2051 640 2123 admodum
675 2051 890 2137 abstractuS,
927 2054 1019 2147 apud
1051 2053 1226 2128 Gibertum

147 2171 371 2243 Parmensem
393 2191 461 2240 non
482 2169 668 2261 ignobilem
690 2168 951 2259 grammaticum
973 2170 1225 2262 aliquantulum

149 2293 313 2387 temporis
338 2292 468 2384 exegit.
504 2293 660 2384 Ingenia,
682 2300 719 2362 ut
750 2291 920 2385 suspicor,
944 2313 1012 2362 non
1036 2295 1139 2376 malo,
1164 2293 1228 2388 (iu-

147 2418 263 2489 dicare
296 2415 389 2486 enim
422 2416 569 2508 nequeo)
604 2415 650 2485 ite
677 2414 752 2486 sive
779 2415 896 2484 vultus
927 2415 995 2488 mei
1023 2417 1224 2509 praesentia,

148 2541 221 2610 sive
242 2538 450 2630 ignorantiae
472 2557 547 2608 suae
568 2537 778 2608 conscientie
801 2537 971 2622 turbatur,
995 2548 1033 2610 ut
1054 2538 1121 2610 sub
1145 2561 1227 2612 oeu-

148 2663 186 2734 lis
206 2661 299 2734 meis
318 2682 457 2753 semper
472 2659 683 2732 obstinatum
704 2670 818 2754 teneat
836 2661 1021 2733 silentium.
1041 2665 1152 2735 Unum
1173 2675 1228 2736 est

148 2787 178 2856 in
204 2808 276 2879 quo
309 2807 366 2856 me
399 2807 468 2856 non
498 2785 627 2877 patitur
646 2807 775 2856 errare.
798 2784 981 2857 Hominem
1002 2786 1132 2857 nullum
1154 2786 1227 2859 vidi

147 2913 258 3002 magis
279 2909 439 2981 alitteris
458 2908 715 2991 abhorrentem
737 2907 910 2980 neminem
928 2908 1000 2980 odit
1019 2909 1225 2994 ammalarii,

146 3044 273 3128 praeter
294 3034 436 3104 librum:
459 3033 553 3104 illum
575 3034 712 3104 unicum
735 3034 872 3106 hostem
898 3035 1015 3107 habet.
1041 3036 1145 3120 Male,
1174 3036 1227 3106 in-

147 3158 264 3250 quies,
289 3156 457 3249 incepisti.
482 3156 585 3240 Male,
608 3157 763 3248 inquam,
789 3158 850 3230 sed
871 3180 970 3229 vere:
991 3180 1105 3251 neque
1134 3159 1225 3230 enim

147 3281 324 3353 heroicum
345 3301 485 3351 carmen
506 3279 539 3348 in
563 3279 724 3350 manibus
748 3291 812 3352 est.
840 3281 915 3352 Non
940 3280 1122 3373 egregium
1144 3281 1228 3355 ado-

147 3405 333 3475 lescentem
355 3401 555 3475 describere
575 3412 630 3472 est
650 3403 796 3487 animus,
817 3403 881 3474 sed
900 3411 1069 3473 nostrum.
1091 3404 1226 3474 Parmae

147 3549 183 3598 ac
209 3530 360 3599 Veronae
392 3535 427 3597 et
460 3525 634 3598 interdum
657 3526 789 3597 Patavii
813 3527 904 3596 altus
931 3534 995 3596 est.
1031 3526 1130 3619 Saepe
1159 3547 1226 3616 ego

148 3671 263 3721 seeum
290 3649 495 3720 mordaciter
521 3649 625 3720 iocari
660 3652 766 3720 soleo:
789 3649 869 3720 vide
902 3669 945 3722 ne
978 3650 1102 3718 leniam
1126 3669 1225 3718 suem

147 3770 290 3862 Virgilio
311 3769 438 3862 eripias
459 3769 574 3840 visino
595 3779 664 3842 tuo.
698 3772 756 3842 llle
773 3780 888 3840 autem
906 3770 1025 3840 oeulos
1043 3768 1078 3838 iu
1096 3778 1225 3839 terram

148 3893 310 3964 deiiciens
333 3891 448 3964 subito
470 3893 595 3964 rubore
622 3893 852 3986 pertunditur:
875 3891 941 3964 boc
967 3895 1090 3964 saltem
1119 3890 1227 3962 simu-

149 4016 215 4086 lare
237 4035 308 4085 non
329 4021 454 4105 potest.
478 4016 551 4086 Una
577 4013 682 4104 igitur
710 4035 788 4106 spes
815 4023 881 4084 est:
904 4013 1225 4086 verecundissimus

150 4139 298 4223 videtur,
321 4148 356 4208 et
376 4138 490 4209 adhue
510 4129 719 4224 sorensem,
743 4148 777 4210 et
803 4148 904 4232 aptus
932 4138 975 4210 ad
1001 4159 1137 4210 omnem
1164 4138 1226 4210 ba-
