3078 4798
440 346 533 394 uranu
555 345 1039 402 ssxrusunoruus-errsroul
1063 353 1092 401 u.
1250 341 1306 402 367

224 489 334 556 restas
354 483 412 552 illa
436 482 611 567 terribilis,
641 482 780 555 misisse
807 493 841 556 te
867 483 912 555 ad
939 487 1098 580 proxima
1125 507 1306 559 servorum

224 603 354 675 Christi
380 604 453 674 loca
476 612 515 673 ut
541 602 665 695 aliquis
688 602 756 674 tibi
781 604 843 676 loci
871 605 920 676 tui
947 618 1066 677 custos
1093 607 1308 690 mitteretur;

223 747 296 820 quo
315 728 405 796 facto
425 724 535 797 ivisse
556 724 794 812 Carthusiam,
817 736 852 798 et
869 726 914 797 ab
935 725 992 799 illo
1013 730 1189 821 religionis
1216 751 1309 801 nuno

223 851 356 921 cultore
373 849 474 920 unico
491 847 526 917 in
547 848 657 933 terris,
677 847 791 943 priore
808 849 881 934 looi,
897 849 987 921 inter
1001 861 1070 923 tres
1084 861 1120 922 et
1136 851 1309 945 octoginta
1362 939 1369 946 ἱ

224 972 361 1068 priores
378 971 602 1063 alienigenas,
620 980 654 1041 le
671 991 740 1041 non
759 972 906 1064 priorem
926 971 1094 1066 singulari
1116 983 1152 1044 et
1171 973 1308 1046 insolito

224 1095 357 1166 honore
380 1102 582 1185 susceptum
600 1093 802 1179 obtinuisse,
827 1104 863 1165 ut
883 1095 944 1166 tibi
967 1097 1061 1189 prior
1081 1119 1122 1168 ac
1147 1097 1307 1169 monachi

225 1214 400 1298 darentur,
420 1234 509 1306 quos
526 1236 547 1284 e
563 1213 717 1285 diversis
733 1214 963 1286 conventibus
982 1215 1159 1306 elegisses
1179 1216 1307 1309 quihus

225 1337 403 1409 desertum
419 1346 529 1408 morte
549 1347 683 1409 tuorum
704 1337 951 1407 monasterium
968 1339 1188 1423 reformares,
1203 1348 1307 1431 teque

225 1461 292 1532 hcc
323 1461 422 1532 velut
452 1459 582 1530 eximio
610 1454 785 1551 triumpho
819 1458 1037 1530 laetissimum
1064 1458 1233 1531 rediisse:
1260 1461 1307 1531 ite

224 1593 286 1655 tua
297 1605 390 1668 oure,
405 1591 463 1653 tua
481 1579 658 1673 sapientia,
674 1591 733 1651 tua
747 1577 815 1653 lide
829 1583 953 1654 Montis
971 1583 1051 1654 Rivi
1063 1583 1306 1656 'venerandum

225 1704 306 1777 olim
327 1713 448 1797 postea
467 1699 647 1776 desertum
667 1702 862 1774 coenobium
884 1705 1125 1788 instauratum,
1145 1705 1305 1797 interque

225 1825 444 1900 difficultates
465 1824 550 1897 istas
578 1833 682 1917 atque
703 1825 789 1898 alias
816 1829 943 1899 multas
965 1829 1025 1900 tibi
1046 1840 1082 1900 et
1104 1827 1212 1899 robur
1231 1847 1307 1899 cor-

225 1949 319 2043 poris
354 1945 502 2020 solidum
536 1955 572 2017 et
597 1947 833 2019 valetudinem
866 1932 1031 2042 optimam
1061 1960 1238 2034 constare,
1272 1961 1307 2021 et

224 2073 328 2164 quale
353 2069 554 2163 religiosum
581 2069 682 2140 decet
706 2072 829 2142 formae
854 2070 973 2147 decus.
996 2073 1083 2157 Quae
1111 2093 1168 2144 res
1192 2093 1246 2142 me
1271 2071 1305 2142 in

225 2204 401 2288 stuporem
422 2202 543 2285 ageret
563 2191 630 2264 nisi
649 2191 785 2276 scirem,
804 2202 842 2263 ut
862 2193 910 2264 ait
929 2192 1086 2285 quidam,
1110 2194 1204 2264 viros
1226 2215 1307 2264 san—

224 2329 299 2390 ctos
311 2317 460 2388 virtutes
473 2315 579 2386 etiam
593 2313 789 2388 aedificasse
804 2316 874 2410 (rio)
889 2335 1090 2410 corporeas:
1106 2316 1196 2387 bona
1209 2315 1307 2408 equi-

223 2438 301 2511 dem
316 2437 479 2511 valetudo
492 2438 597 2508 animi
613 2457 706 2530 saepe
719 2438 956 2541 valetudinem
971 2437 1126 2530 corporis
1140 2437 1306 2530 viresque

223 2559 459 2634 membrorum
477 2572 528 2633 'ao
552 2563 671 2631 vultus
694 2560 847 2653 speciem
878 2570 1002 2632 tuetur.
1029 2561 1202 2632 Caeterum
1229 2561 1305 2630 haec

223 2682 291 2754 illis
316 2693 352 2754 et
382 2684 449 2756 alia
481 2683 525 2755 de
552 2694 584 2754 le
617 2684 725 2755 multa
753 2682 975 2755 narrantibus
1011 2705 1089 2755 cum
1120 2683 1305 2774 episcopus

225 2806 314 2878 laetis
335 2807 487 2878 lacrimis
508 2806 654 2878 madeus
682 2828 736 2878 me
761 2806 945 2901 aspiceret,
967 2816 1003 2877 et
1027 2827 1094 2897 ego
1114 2803 1234 2877 nescio
1259 2827 1304 2875 an
1342 2843 1344 2848 ·

227 2930 327 3002 siccis
344 2930 453 3002 oculis
470 2929 533 3001 sed
551 2938 644 3000 certe
662 2927 753 3003 sicco
771 2928 875 3002 corde
891 2951 960 3001 non
978 2951 1104 3012 essem,
1124 2928 1170 2998 illi
1190 2928 1305 3000 subito

223 3050 259 3120 in
271 3066 329 3122 me
341 3050 438 3121 versi
456 3069 519 3120 seu
537 3051 657 3122 divino
675 3052 817 3134 monitu,
842 3073 904 3124 seu
921 3052 1073 3145 quodam
1096 3049 1222 3122 mentis
1243 3072 1305 3120 au-

224 3171 326 3264 gurio
352 3171 387 3240 in
412 3171 510 3240 vultu
539 3191 617 3241 meo
650 3181 683 3242 te
706 3183 888 3244 cernentes
921 3174 979 3268 pio
1012 3195 1068 3244 me
1101 3174 1232 3266 gemitu
1265 3195 1305 3244 ao

224 3293 353 3388 gaudio
364 3293 553 3387 complexi:
572 3291 600 3362 0
618 3293 709 3377 felix,
725 3294 893 3385 inquiunt,
912 3293 1029 3366 fratris
1047 3296 1183 3386 pietate.
1198 3296 1305 3366 Multa

225 3419 387 3512 deinceps
408 3414 474 3486 alia
499 3411 666 3486 dixerunt
685 3435 766 3505 qum
793 3413 941 3486 tacendo
967 3413 1092 3485 melius
1118 3437 1306 3508 expresse-

226 3541 302 3611 rim.
320 3541 371 3611 Tu
389 3541 483 3621 vale;
501 3549 536 3609 et
553 3547 693 3632 propter
713 3535 807 3628 quod
828 3535 904 3607 haeo
925 3536 1041 3608 omnia
1061 3536 1189 3627 scripta
1210 3547 1303 3620 sunt,

223 3663 277 3733 fao
296 3661 451 3744 obsecro,
471 3661 518 3731 mi
539 3662 653 3746 irater,
677 3669 714 3730 ut
730 3661 868 3751 qualem
890 3659 1034 3751 ooepisti
1051 3661 1152 3731 talem
1169 3668 1201 3730 te
1216 3681 1304 3752 prae-

225 3793 297 3868 stes
318 3784 352 3854 in
374 3783 490 3855 linem.
