3078 4798
394 380 486 429 trouu
508 377 1003 437 uururusnncurus.·-rrrsronr
1024 379 1085 428 xrr.
1225 373 1281 435 357

201 513 401 608 suspicione
435 511 582 584 liberant
615 535 682 586 non
709 512 879 604 ignobiles
915 515 1079 586 historici.
1112 517 1285 588 Caeterum

200 639 347 711 dubium
369 645 514 708 nonest
539 638 647 708 multo
668 636 847 708 ardentius
872 637 1065 709 desiderari
1088 640 1201 710 solere
1224 640 1286 711 de-

200 765 397 833 functorum
424 759 588 830 virtutem
621 781 685 854 per
717 759 892 852 ignaviam
922 779 1189 845 successorum
1215 783 1286 854 quo

201 883 295 954 enim
326 881 440 974 magis
470 880 593 952 horum
622 881 693 953 vita
718 881 925 977 deprimitur
948 903 991 954 eo
1017 883 1120 955 altius
1147 885 1281 956 illorum

202 1008 281 1077 lans
299 1006 473 1077 attollitur.
490 987 569 1075 lure
587 1025 673 1094 ergo
691 1003 889 1076 laudandus
911 1005 1190 1101 Philopoemenen
1210 1007 1285 1078 dux

201 1127 354 1200 Achaeus
373 1127 434 1221 qui
455 1127 499 1198 ab
517 1126 678 1198 hostibus
705 1126 779 1197 suis
800 1137 936 1219 captus,
959 1150 1039 1198 cum
1066 1149 1201 1202 veneno
1226 1151 1286 1202 ne-

200 1262 339 1322 caretur
356 1250 424 1322 iam
442 1249 656 1320 mortiferum
674 1250 835 1342 poculum
853 1247 888 1318 in
907 1272 1011 1321 manu
1029 1249 1163 1322 habens
1180 1249 1287 1324 inter-

203 1373 340 1464 rogavit
361 1394 406 1443 an
426 1370 681 1462 bleonus-qui
706 1378 789 1441 tunc
814 1373 899 1442 alter
924 1370 1131 1441 Achaeorum
1157 1382 1288 1466 prator

200 1503 285 1575 erat,
307 1491 453 1574 viveret,
468 1489 524 1560 vir
540 1501 619 1583 post·
635 1511 716 1561 eum
739 1491 773 1560 in
791 1489 921 1562 Achaia
938 1489 1162 1576 fortissimum
1179 1515 1284 1585 quem

201 1625 241 1685 ut
261 1613 383 1685 vivere
400 1611 547 1698 audivit,
574 1599 590 1678 'a
614 1615 693 1682 haue
715 1624 761 1682 est
778 1612 904 1705 inquit:
930 1613 1064 1696 bonurn,
1079 1617 1206 1708 patric,
1226 1614 1287 1685 du-

201 1759 272 1806 cem
292 1737 412 1805 habes:
439 1764 452 1797 n
477 1745 583 1828 atque
601 1736 648 1805 ita
665 1743 848 1806 contentus
873 1746 909 1805 et
934 1735 1128 1828 intrepidus
1147 1738 1287 1830 expira-

199 1859 263 1930 vit.
284 1859 442 1930 Proleoto
462 1870 577 1930 autem
602 1860 731 1951 praesul
752 1869 886 1944 noster,
911 1869 949 1930 ut
969 1860 1013 1932 ad
1035 1881 1107 1931 rem
1130 1862 1284 1946 redeam,

202 1981 297 2073 quod
311 2001 375 2051 nec
388 1991 511 2052 natura
525 2003 590 2052 nec
607 1980 792 2075 adoptione
809 1981 1028 2074 permittitur,
1045 2005 1285 2056 successorem

204 2103 270 2174 sihi
296 2103 458 2199 precibus
485 2103 578 2188 facit,
606 2125 675 2174 non
703 2125 779 2175 suae
805 2103 944 2196 quidem
973 2105 1093 2196 gloriae
1120 2108 1185 2179 sed
1210 2124 1285 2177 suae

189 2228 360 2301 ecclesiae
382 2227 571 2299 studiosus.
594 2227 664 2298 Neu
681 2229 750 2298 ulla
770 2227 853 2297 mihi
874 2225 1045 2298 dubitatio
1064 2237 1120 2298 est
1139 2228 1232 2320 quin,
1255 2229 1284 2302 si

204 2350 238 2419 in
266 2371 372 2420 manu
399 2371 461 2421 sua
488 2350 637 2442 positum
672 2349 728 2434 sit,
756 2370 825 2420 non
855 2349 1004 2443 aliquem
1030 2351 1130 2422 cuius
1163 2350 1285 2424 inertia

204 2473 368 2545 laudibus
389 2473 464 2544 suis
482 2471 628 2557 adiiciat,
654 2473 716 2544 sed
738 2493 974 2544 successorem
999 2473 1065 2545 sihi
1085 2474 1283 2546 redivivum

204 2597 310 2666 vellet
330 2593 553 2667 Ambrosium
572 2605 631 2666 aut
652 2593 766 2687 ipsum
784 2603 878 2666 certe
895 2593 1165 2681 Prosdooimum,
1183 2597 1284 2668 cuius

205 2718 379 2790 fundatam
406 2730 627 2812 erectamque
652 2717 819 2790 doctrinis
845 2717 1028 2790 ecclesiam
1061 2719 1153 2791 illam
1186 2719 1286 2791 novit

205 2840 250 2911 ab
269 2841 355 2935 ipsis
373 2839 453 2912 fidei
472 2850 601 2911 nostrae
619 2838 817 2932 primordiis
838 2839 1010 2911 floruisse.
1029 2839 1127 2912 Nunc
1147 2839 1228 2932 quia
1246 2850 1285 2912 ut

205 2963 381 3035 credimus
403 2961 563 3034 inclinata
580 2962 647 3033 iam
670 2963 788 3035 saeculi
808 2962 885 3034 dias
905 2973 968 3046 est,
987 2983 1032 3034 ex
1053 2962 1096 3034 iis
1116 2983 1206 3056 quos
1223 2985 1284 3058 po

207 3085 275 3156 tes't
295 3083 455 3156 serotinis
476 3083 642 3178 operariis
664 3084 776 3156 vineae
802 3085 955 3156 Sabaoth
975 3085 1141 3178 optimum
1161 3107 1285 3180 quem·
1309 3163 1311 3168 ,

205 3229 275 3301 qua
288 3209 429 3290 mavult,
444 3215 479 3276 et
498 3227 519 3276 a
537 3205 674 3278 Christo
692 3216 771 3302 post
791 3208 973 3300 quaesitam
991 3209 1283 3282 immortalitatem

207 3330 355 3424 primum
389 3331 454 3400 hoc
491 3350 618 3400 munus
652 3329 824 3421 exposcit,
862 3332 962 3403 talem
999 3330 1064 3400 sihi
1102 3353 1285 3404 successo-

206 3474 279 3524 rem
301 3453 385 3536 dari,
408 3451 466 3544 qni
487 3452 590 3524 claris
610 3450 774 3545 operibns
799 3465 835 3524 et
854 3453 936 3524 vitae
961 3455 1037 3524 luce
1056 3456 1180 3524 lamam
1208 3457 1285 3526 eius

207 3573 371 3646 obscuret
392 3575 630 3668 potiusquam
651 3575 813 3658 illustret,
835 3575 930 3667 quod
949 3577 1081 3647 frustra
1101 3585 1220 3670 optare
1244 3576 1285 3646 il-

207 3697 277 3766 lum
299 3696 458 3768 arbitror.
480 3697 593 3768 Mittat
612 3685 702 3768 enim
725 3698 898 3768 Zenonem
921 3719 1022 3768 suum
1044 3699 1195 3782 Verona,
1217 3699 1286 3770 Ge-

207 3819 397 3891 miniacum
419 3820 559 3903 Mutina,
583 3820 747 3890 Ravenna
773 3819 993 3905 Severinum,
1015 3819 1196 3916 Paulinum
1217 3820 1285 3892 No-

208 3944 252 4027 la,
288 3943 404 4037 Capua
436 3943 663 4026 Germanum,
695 3941 879 4035 Aquitania
913 3944 1147 4036 Prosperum:
1179 3942 1286 4032 donet

208 4062 323 4136 Africa
345 4064 557 4157 Cipriauum,
585 4063 735 4158 Hispalis
756 4063 938 4136 isidorum.
961 4063 1060 4158 Elige
1087 4064 1147 4135 tibi
1168 4063 1285 4138 Padoa

207 4205 254 4254 ex
275 4186 341 4257 hoo
362 4207 461 4258 sacro
482 4207 626 4257 numero
647 4208 751 4279 quem
778 4188 875 4257 voles
902 4187 1114 4281 episcopum,
1139 4188 1204 4260 erit
1230 4188 1285 4262 ille
