3078 4798
431 401 523 450 uranu
545 398 1031 449 murmuremus-uersuum
1053 400 1092 449 lv.
1237 387 1296 448 373

214 551 336 612 ternus
357 538 448 608 Patri
470 536 585 620 Filius,
613 538 657 607 ad
679 547 712 607 te
733 536 950 608 liberandum
972 536 1077 607 venit.
1099 536 1237 608 Poterat
1261 545 1297 605 et

164 667 169 678 '
213 663 260 734 de
281 659 472 733 maiestatis
499 679 575 729 suae
601 659 687 730 solio
713 658 833 730 iubere
852 666 888 729 et
909 681 1054 730 necesso
1078 667 1297 750 eratparere

215 785 251 856 in
269 786 357 856 coelo
373 794 408 854 et
428 782 463 853 in
483 793 595 853 terra:
618 779 794 852 efficacius
812 802 915 871 agere
933 780 1044 852 voluit
1064 791 1098 851 et
1116 779 1296 851 humilius:

216 919 319 978 totum
344 907 509 976 homiuem
540 906 704 996 suscipere
729 901 884 996 dr‘quulus
909 914 969 987 est,
996 913 1034 974 ut
1059 903 1107 972 ait
1132 899 1299 993 Augusti-

215 1051 296 1114 uuS,
332 1037 368 1100 et
393 1027 528 1097 uerbum
561 1047 637 1097 coro
661 1029 785 1115 suctum
810 1036 857 1096 est
890 1037 920 1095 et
944 1025 1103 1096 habitavit
1128 1026 1164 1094 r'n
1189 1021 1297 1106 uobis,

215 1161 252 1225 et
270 1152 427 1244 sequitur
448 1149 557 1221 ratio:
579 1151 626 1219 ito
644 1149 742 1232 cuim,
765 1147 888 1239 inquit,
916 1145 1155 1217 demonstrauit
1179 1167 1298 1215 coruo-

216 1275 301 1345 lilrus
329 1283 359 1343 et
388 1295 455 1343 uon
481 1271 666 1341 volentibus
692 1271 818 1340 intueri
840 1281 947 1339 mente
972 1271 1159 1352 ueritatem,
1186 1288 1300 1360 corpo-

217 1398 344 1489 reisque
388 1394 534 1466 sensibus
572 1392 689 1464 deditis
726 1415 826 1486 quom
864 1393 1031 1462 emcelsum
1069 1393 1176 1461 locccm
1212 1394 1300 1460 iuter

218 1529 385 1590 creaturos
410 1516 527 1587 hubent
551 1517 699 1586 lcumena
724 1526 860 1598 uoturo,
887 1513 971 1605 quod
996 1537 1064 1584 non
1089 1515 1193 1584 solum
1218 1514 1300 1583 uisi·

222 1643 342 1726 lrr'liter,
371 1663 449 1711 nom
474 1637 510 1710 id
531 1649 659 1732 poterat
684 1650 714 1708 et
740 1641 775 1708 iu
801 1639 911 1730 aliquo
936 1639 1074 1707 cethereo
1099 1657 1233 1730 corpore
1257 1635 1300 1706 cd

218 1766 323 1834 nostri
359 1773 506 1855 aspectus
542 1763 765 1833 tollerantiam
804 1771 998 1854 temperato,
1030 1759 1087 1831 sed
1115 1761 1214 1829 etiam
1241 1760 1300 1828 lro-

218 1886 361 1957 miuibus
386 1888 423 1955 in
452 1907 531 1954 vero
562 1885 694 1954 homine
724 1885 896 1977 apparuit:
927 1884 1027 1955 cuius
1052 1905 1192 1976 quoque
1217 1883 1300 1956 dicti

219 2008 307 2080 ratio
339 2007 587 2100 subsequitur:
619 2008 691 2098 ipso
721 2008 825 2090 euim,
856 2005 917 2089 ait,
945 2017 1068 2075 notura
1092 2005 1300 2098 suscapiendu

220 2141 304 2214 erut,
331 2151 403 2219 quse
429 2125 611 2198 liberando.
640 2127 817 2199 Hactenus
850 2126 1082 2219 Augustinus.
1111 2126 1167 2196 Sic
1191 2147 1297 2217 erge,

220 2253 337 2336 amice,
361 2273 441 2323 cum
464 2259 496 2321 te
517 2250 767 2342 periclitantem
789 2252 882 2320 Deus
903 2260 1069 2333 cerneret,
1094 2248 1207 2342 perire
1232 2268 1301 2317 non

219 2385 275 2448 est
307 2395 449 2468 passus,
481 2392 630 2464 cumque
657 2379 868 2465 prostratum
899 2369 1009 2444 verbo
1027 2383 1168 2464 posset,
1195 2391 1301 2441 mauu

221 2499 340 2572 maluit
360 2499 532 2582 attollere,
555 2504 603 2580 et,
626 2497 685 2589 qui
706 2496 878 2580 ardenter,
900 2493 1089 2566 amantium
1112 2515 1200 2577 mos
1221 2513 1300 2564 sese

219 2623 255 2693 in
284 2633 407 2694 terram
436 2620 616 2692 inclinavit
637 2619 702 2691 ubi
733 2630 769 2691 tu
797 2619 949 2704 iacebas,
977 2629 1082 2714 atque
1108 2620 1198 2690 ulnis
1228 2641 1302 2688 am-

221 2747 347 2838 plexus
370 2742 525 2826 sustulit,
539 2753 574 2814 et
587 2763 657 2836 quo
679 2741 887 2834 gravissime
910 2741 1137 2842 premebaris
1166 2742 1302 2836 pondus

223 2866 328 2939 subiit
349 2867 593 2960 transtulitque
610 2865 645 2937 in
664 2883 702 2938 se
720 2873 897 2959 peccat-um
918 2875 1026 2936 tuum.
1047 2865 1229 2957 Impletum
1249 2873 1304 2933 est

223 2989 308 3062 illud
340 2987 568 3060 Dauidicum:
599 3000 762 3080 quantum
798 2986 897 3058 distat
936 2992 1025 3057 o'rtus
1061 2986 1103 3056 ab
1141 2984 1305 3056 occidente

223 3117 319 3201 lonqe
338 3113 455 3199 lecito
477 3111 568 3180 uobis
588 3113 775 3203 iur'qur'totes
800 3123 938 3182 nostros.
965 3113 1123 3196 Poterat,
1153 3121 1189 3181 ut
1214 3109 1302 3193 dixi,

223 3230 334 3304 verbo
354 3230 482 3309 sacere;
505 3229 675 3319 sanguine
697 3252 762 3301 suo
782 3232 869 3315 lecit,
892 3242 927 3302 et
948 3243 984 3302 ut
1003 3233 1051 3303 ait
1067 3232 1226 3325 quidam:
1248 3232 1306 3299 lroc

225 3364 330 3423 tecum
345 3370 537 3444 percussum
558 3359 604 3419 est
620 3351 781 3438 sanquine
800 3349 915 3440 foedus.
938 3353 1011 3422 Noli
1042 3365 1079 3423 tu
1105 3353 1189 3424 illud
1214 3355 1308 3424 lran-

225 3497 328 3567 gere:
368 3473 443 3566 ipse
481 3471 573 3542 enim
617 3470 904 3542 servantissimus
945 3473 1197 3566 promissorum
1241 3479 1306 3542 est.

224 3597 387 3668 Potuisse
407 3596 501 3665 illum
526 3605 559 3664 te
578 3592 727 3663 liberare
747 3603 863 3665 certus
881 3615 943 3678 es;
966 3595 1120 3667 voluisse
1141 3594 1225 3687 quid
1242 3593 1308 3665 du-

226 3715 338 3792 bitas?
358 3717 442 3810 quid
469 3715 610 3788 credere
636 3715 783 3788 haesitas
807 3717 901 3810 quod
927 3729 961 3789 et
981 3718 1219 3789 necessarium
1248 3715 1308 3786 tibi

225 3851 279 3913 est
303 3851 339 3913 et
365 3840 464 3912 facile
489 3837 646 3932 largienti
673 3847 709 3908 et
739 3861 803 3910 sua
829 3839 1074 3932 dignissimum
1107 3840 1310 3911 maiestate?

226 3964 317 4048 Quid
337 3963 452 4048 times
476 3962 572 4054 quod
592 3962 695 4034 valde
715 3961 898 4034 desideras
919 3965 954 4034 in
976 3963 1128 4034 animum
1150 3963 1310 4037 admitte-

226 4089 288 4158 re?
312 4086 381 4158 uisi
407 4087 498 4178 quia,
528 4095 564 4156 ut
589 4085 678 4170 dixi,
698 4094 733 4156 et
753 4106 920 4178 maguum
945 4086 1111 4179 gaudium
1131 4108 1229 4158 meus
1247 4109 1310 4158 an·

226 4215 330 4300 gusta
351 4231 419 4280 non
443 4208 570 4302 recipit,
594 4219 628 4280 et
649 4217 683 4280 te
703 4217 796 4282 tanto
815 4231 957 4282 munere
977 4209 1083 4282 sentis
1105 4209 1305 4303 indignum?
