3062 4798
228 289 286 349 lb8
564 303 604 348 nu
628 301 727 348 nunus
749 298 970 345 ruutnrunraus

228 435 303 527 ipse
323 455 391 504 uon
412 433 627 527 dissimulas)
650 437 758 518 Deus,
774 435 931 526 inquam,
952 454 1020 503 non
1040 443 1120 504 tuus
1137 432 1311 505 laborant

228 555 371 626 ambitio
399 553 537 648 Imperii
563 564 684 626 auctor
709 565 773 625 est.
801 553 917 624 Times
944 553 1000 624 illo
1025 553 1114 634 duce
1139 552 1311 647 proficisci

228 697 298 767 quo
313 675 453 746 iubente
471 686 507 747 et
523 675 699 748 Abrabam
716 675 854 746 unicum
870 674 977 746 filium
996 687 1148 748 mactare
1164 686 1200 747 et
1215 677 1312 769 Moy-

229 820 288 868 ses
310 810 429 890 pastor
446 799 667 870 incomitatus
685 797 805 868 faciem
826 797 966 892 superbi
984 805 1020 870 et
1037 797 1200 869 obstinati
1217 797 1312 888 regis

228 920 325 991 adire
344 942 412 990 non
432 921 566 990 timuit‘l
587 920 679 991 Scio:
703 922 811 991 multa
829 930 861 990 te
883 919 1056 1006 vellicant,
1073 919 1200 1012 quibus
1220 941 1312 992 com-

228 1042 353 1134 positis
375 1042 441 1113 alia
462 1053 566 1133 atque
588 1043 653 1113 alia
675 1052 907 1134 emergerent.
929 1043 1048 1114 Credis
1071 1064 1115 1112 ue
1134 1051 1173 1122 lu
1196 1042 1313 1114 Caesar

229 1167 263 1233 in
286 1166 430 1258 imperio
452 1164 528 1236 sine
549 1166 641 1236 curis
663 1164 770 1235 vitam
793 1187 910 1256 agere,
932 1186 1037 1259 quam
1058 1174 1177 1257 pastor
1197 1165 1232 1234 in
1259 1177 1313 1234 tu-

230 1288 330 1378 gurio
352 1309 419 1356 non
446 1288 539 1378 agit?
559 1289 645 1358 Nam
664 1288 720 1358 illa
746 1287 862 1380 qualia
883 1299 965 1360 sunt
983 1288 1110 1382 quibus
1131 1288 1312 1359 inniteris‘.l

228 1411 350 1480 Nonne
370 1419 455 1502 quot
476 1409 624 1504 publicae
645 1411 770 1482 mundi
790 1412 924 1493 cladeS,
948 1420 998 1481 tol
1022 1412 1184 1505 privatim
1209 1413 1312 1482 iamae
1430 1471 1435 1482 .

230 1545 300 1604 tuae
320 1535 483 1622 vulnera,
506 1542 662 1625 quotque
687 1532 768 1603 binc
801 1533 1049 1606 excusationes
1083 1532 1220 1603 efficere
1253 1533 1312 1604 tibi

231 1657 286 1728 vis
307 1667 355 1728 tot
374 1657 409 1725 in
433 1665 464 1725 te
486 1653 628 1726 conficis
650 1657 877 1745 argumenta?
897 1655 1005 1726 Cuius
1030 1654 1123 1726 enim
1143 1655 1311 1747 pudorem

229 1777 297 1847 nisi
319 1777 412 1867 regis
434 1785 658 1869 praegravant
688 1775 786 1866 regui
820 1778 932 1847 mala?
961 1778 1080 1847 Diruta
1099 1787 1164 1862 est,
1186 1776 1309 1871 inquis,

193 1907 196 1910 ’
229 1901 361 1995 imperii
389 1899 541 1970 libertas.
565 1901 617 1969 Tu
637 1907 735 1992 pater
756 1898 892 1992 imperii
913 1899 1065 1970 dirutam
1083 1898 1310 1970 restaurabis.

230 2024 375 2117 Sumpta
408 2021 522 2093 latinis
558 2022 723 2093 servitus:
764 2031 801 2092 tu
834 2020 927 2092 illam
955 2029 1093 2094 luorum
1115 2021 1311 2094 cervicibus

228 2147 395 2218 excuties.
418 2144 473 2215 Ad
493 2144 651 2214 avaritiae
672 2145 820 2236 lupanar
840 2143 1025 2237 prostituta
1045 2143 1193 2228 iustitia3
1216 2156 1253 2216 tn
1272 2144 1309 2214 il-

230 2271 296 2337 lam
318 2268 363 2338 ad
385 2289 449 2338 sua
471 2289 568 2338 sacra
590 2266 782 2360 penetralia
799 2265 994 2338 revocabis:
1013 2289 1084 2360 pax
1100 2288 1120 2338 e
1135 2266 1312 2338 mentibus

231 2393 327 2485 lapsa
349 2390 560 2462 mortalium:
580 2400 617 2461 tn
634 2391 726 2462 illam
746 2391 779 2460 in
798 2412 863 2460 sua
881 2389 966 2461 sede
983 2389 1158 2460 restitues.
1177 2388 1232 2460 Aa
1248 2389 1313 2460 boo

233 2515 324 2586 enim
345 2525 462 2596 natus,
486 2515 566 2587 huic
587 2513 698 2585 officio
715 2514 910 2586 destinatus
923 2533 963 2584 es
977 2522 1016 2584 ut
1028 2509 1240 2606 Reipublicae
1252 2511 1314 2583 de-

230 2636 424 2717 formitates
446 2635 586 2709 aboleas
612 2646 648 2708 et
671 2637 853 2732 pristinam
878 2636 1000 2706 faciem
1022 2635 1154 2706 mundo
1175 2633 1313 2706 reddas,

232 2761 327 2830 Tunc
349 2782 455 2831 verus
478 2759 561 2830 mibi
583 2760 702 2832 Caesar
719 2781 898 2851 verusque
918 2758 1096 2830 videberis
1116 2757 1311 2853 imperator,

231 2905 309 2953 cum
332 2883 481 2953 officium
501 2892 599 2953 tuum
619 2882 834 2974 impleveris,
856 2881 932 2952 sine
949 2904 1027 2974 quo,
1048 2903 1091 2950 ue
1112 2879 1198 2951 dum
1219 2879 1312 2972 prin-

232 3026 330 3098 cepe,
354 3005 417 3074 sed
434 3025 478 3073 ne
495 3003 652 3096 privatus
673 3003 846 3096 quispiam
868 3002 943 3073 iure
964 3001 1173 3075 laudabitur.
1201 3000 1311 3072 Addls

231 3133 345 3196 autem
366 3124 502 3218 (stupeo
520 3124 651 3219 auditu)
670 3124 822 3196 nesciam
843 3135 923 3196 tunc
942 3125 1153 3196 secessionis
1167 3122 1313 3194 ltaliam.

231 3248 386 3334 Quando,
403 3247 557 3332 obsecro,
573 3247 609 3320 id
621 3248 708 3319 lult‘l
724 3249 800 3338 Ego
817 3247 909 3318 enim
927 3248 962 3316 in
979 3246 1162 3318 annalibus
1179 3245 1243 3317 vix
1255 3252 1315 3314 aut

233 3373 338 3444 ullum
361 3372 427 3443 tale
449 3382 587 3464 tempus
609 3370 815 3454 invenerim,
836 3377 897 3440 ant
914 3367 1059 3440 inveniri
1078 3389 1183 3461 posse
1203 3363 1315 3438 credi-

230 3494 351 3564 derim.
374 3493 466 3568 Sileo
487 3495 544 3564 illa
565 3493 757 3565 vetustiora
779 3492 889 3584 ipsius
908 3490 1005 3561 urbis
1027 3490 1170 3582 origine,
1189 3500 1226 3560 et
1245 3487 1315 3582 pri·

232 3639 307 3688 mos
334 3639 453 3688 muros
475 3619 626 3688 fraterna
651 3616 749 3687 caede
776 3613 953 3686 madentes
986 3625 1020 3684 et
1053 3613 1158 3708 impio
1184 3615 1315 3686 scelere

231 3739 379 3830 quaesita
399 3739 605 3810 diademata.
628 3738 794 3822 Quotiens
815 3745 915 3828 parta
941 3736 1008 3806 iam
1035 3735 1193 3807 libertate
1214 3733 1314 3830 plebs

181 3903 185 3910 ·
231 3859 417 3950 indignans
434 3862 582 3933 secessit
599 3885 618 3932 a
635 3860 813 3954 patribus?
831 3861 951 3931 Testes
963 3869 1051 3930 'sunt
1070 3881 1170 3932 mons
1190 3861 1311 3940 Sacer,

232 3981 435 4066 Ianiculum,
456 3984 661 4054 Aventinus.
681 3983 837 4078 Pyrrhus
856 3983 890 4052 in
908 3983 1040 4054 ltaliam
1056 3984 1196 4067 traiecit,
1211 4003 1312 4076 opem

232 4122 355 4189 nempe
374 4106 507 4174 laturus
522 4103 770 4174 rebellantibus
789 4105 992 4178 Tarentinis.
1010 4104 1138 4176 Eodem
1159 4114 1314 4196 tempore
