3024 4802
260 375 319 437 504
603 385 644 432 ue
661 383 762 432 nunus
782 381 1005 432 annullamus

258 523 430 594 direxisti.
448 522 588 592 Gratias
601 543 669 614 ago
685 529 721 593 et
737 521 905 592 institutae
923 533 1036 592 tecum
1053 538 1166 612 nuper
1182 519 1344 591 amicitiae

257 645 411 738 quodam
432 645 508 715 iure
528 644 685 730 obsecre,
707 652 746 714 ut
766 644 1011 715 ardentissimo
1032 651 1116 712 voto
1136 661 1225 726 meo,
1248 643 1345 734 quod

258 768 319 840 tibi
348 769 415 839 iam
438 769 494 840 vel
519 790 567 838 ex
592 767 716 839 litteris
743 767 840 851 meis,
864 769 988 838 velex
1008 766 1102 836 vivis
1128 765 1229 835 amici
1249 762 1346 834 voci·

257 892 325 963 bus
354 901 476 964 notum
501 912 582 963 esse
616 913 685 962 non
710 891 847 975 dubito,
881 891 993 982 magis
1018 911 1059 960 ac
1079 888 1191 980 magis
1215 885 1284 957 hac
1309 885 1345 954 in

258 1024 356 1109 parte
376 1027 410 1088 te
430 1015 642 1108 morigerum
663 1024 823 1111 praestes.
844 1014 939 1087 Vale.

400 1166 561 1235 Mediolani,
578 1165 640 1222 Kal.
658 1164 829 1222 Decembris.

760 1385 837 1394 -ι--ο

677 1607 856 1672 EPISTOLA
876 1607 935 1670 XV.

327 1812 521 1862 ruluuseus
544 1809 713 1860 Parauaea
735 1809 869 1858 rourum
890 1809 932 1857 ne
955 1808 1124 1858 aanrmno
1145 1809 1171 1857 s.
1194 1809 1222 1857 r.
1245 1809 1276 1856 n.

513 1991 630 2046 Miratur
643 2005 708 2045 eum
722 1994 811 2062 poete
824 2003 929 2045 nomen
943 2003 1085 2061 respuere.

355 2233 410 2303 Ex
430 2231 549 2303 multis
566 2230 738 2323 epistolis,
757 2247 847 2320 quas
865 2227 920 2299 his
938 2227 1154 2322 temporibus
1171 2235 1251 2297 tuas
1264 2227 1344 2318 legi·

257 2378 364 2427 unum
384 2354 497 2437 elicui,
519 2373 601 2426 esse
622 2359 656 2424 te
676 2350 817 2424 turbido
839 2351 969 2422 animo:
990 2351 1086 2444 quod
1106 2349 1215 2422 miror
1234 2358 1271 2422 et
1290 2349 1344 2420 iu-

255 2475 381 2567 dignor
397 2485 433 2546 et
452 2476 564 2548 doleo.
587 2475 679 2559 Quid
691 2474 782 2546 euim
797 2495 875 2558 oro,
895 2484 1012 2567 potest
1032 2473 1227 2565 essequod
1247 2483 1343 2546 tanto

257 2597 388 2682 studio,
403 2606 498 2668 tanta
516 2600 574 2670 vel
587 2598 672 2669 artis
689 2599 745 2670 vel
764 2605 900 2668 naturae
916 2600 1010 2670 ealce
1023 2597 1207 2668 fundatum
1220 2609 1343 2692 peetus

256 2719 411 2812 quatiat?
436 2720 522 2811 Legi
548 2721 742 2816 Syracusas
776 2729 854 2790 tuas
880 2730 916 2791 et
939 2719 1145 2814 Dionysium
1175 2719 1342 2790 intellexi.

256 2844 326 2916 Sed
351 2841 436 2935 quid
463 2841 566 2914 ideo?
590 2841 675 2934 quid
698 2843 727 2912 si
749 2863 843 2914 mors
872 2840 1035 2933 ingruat?
1066 2842 1095 2912 si
1120 2859 1288 2924 aerumua,
1311 2839 1343 2910 si

255 2987 388 3047 carcer,
416 2965 446 3035 si
466 2963 624 3046 exilium,
647 2962 676 3032 si
697 2967 905 3055 paupertas?
925 2965 1008 3034 Haeo
1028 2965 1100 3034 fere
1122 2973 1205 3035 suut
1230 2965 1342 3034 fortu-

256 3105 312 3156 nae
329 3085 455 3156 iaoulu:
473 3082 557 3175 quid
571 3082 695 3154 horum
716 3083 762 3154 ad
779 3083 987 3160 altissimam
1008 3107 1049 3157 ac
1071 3083 1341 3156 munitissimam

257 3227 370 3278 arcem
393 3204 517 3278 mentis
542 3205 733 3277 ascendam
752 3206 917 3300 quiverit,
941 3206 1007 3279 nisi
1029 3219 1066 3279 tu
1089 3216 1211 3302 sponte
1232 3205 1343 3278 hosti-

256 3328 324 3402 bus
350 3331 502 3401 elaustra
523 3327 743 3421 prodideris?
767 3329 1004 3422 Quamquam,
1023 3331 1145 3414 fateor,
1165 3329 1342 3420 aliquanto

257 3451 370 3523 levius
400 3450 564 3523 dicuntur
588 3450 657 3521 ista
689 3472 793 3543 quam
825 3448 928 3537 fiunt,
955 3461 991 3522 et
1016 3451 1191 3524 docentur·
1206 3449 1340 3522 facilius

256 3595 363 3668 quam
388 3573 580 3645 discuntur.
606 3573 786 3655 Irasceris,
811 3580 853 3643 ut
878 3574 1011 3667 reliqua
1037 3574 1173 3657 sileam,
1205 3572 1287 3664 quia
1307 3581 1341 3642 te

256 3705 396 3790 poetam
412 3695 448 3767 in
466 3695 590 3768 litteris
609 3695 697 3768 meis
711 3715 810 3766 voco.
824 3694 966 3767 Mirum:
981 3704 1082 3790 poeta
1095 3715 1176 3767 esse
1188 3693 1340 3778 voluisti,

258 3830 297 3892 ut
317 3829 430 3914 poeta
449 3839 576 3891 nomen
592 3819 769 3902 horreres,
789 3838 868 3889 cum
882 3828 1002 3891 contra
1018 3818 1118 3890 multi
1134 3839 1262 3889 nomen
1275 3816 1343 3888 hoo

257 3942 373 4035 ipsum
407 3939 561 4012 ambiant
590 3941 640 4011 rei
673 3949 849 4033 expertes.
884 3938 1052 4012 Auferte
1076 3940 1158 4034 quia
1186 3939 1342 4011 nondum

257 4060 398 4134 Poeneia
417 4062 539 4133 fronde
559 4061 743 4134 redimitus
765 4061 826 4144 sis,
846 4071 948 4155 poeta
963 4083 1126 4136 essenon
1145 4065 1269 4157 potest
1286 4061 1343 4134 An
1425 4156 1430 4165 ⁸

260 4179 290 4247 si
306 4182 426 4252 laurus
442 4183 538 4254 nulla
559 4203 709 4276 usquam
729 4193 841 4269 esset,
863 4185 976 4262 Musae
991 4207 1114 4264 omnes
1131 4187 1344 4261 conticesce-
