3002 4794
441 371 534 425 nunna
554 375 666 426 uouus.
680 395 716 406 -
729 375 883 428 nrrsronn
904 379 933 428 v.
1183 363 1218 426 ll

144 519 336 612 eodemque
364 520 542 616 proposito
567 521 709 605 versari,
738 529 777 592 ut
801 524 930 617 aliquid
957 523 1019 595 tibi
1038 523 1222 596 calumniae

145 641 279 719 latentis
307 643 461 736 infligam
487 663 551 714 suo
576 652 749 736 tempore,
775 653 814 714 ut
830 644 937 729 aiunt,
957 643 992 715 in
1009 647 1121 718 lucem
1140 667 1221 718 eru-

144 779 265 864 pturae.
290 769 319 838 O
344 755 555 859 stupendam
572 766 828 863 impudentiam,
850 788 873 839 o
893 789 1022 840 novum
1038 768 1170 840 crimen
1185 779 1221 842 et

143 887 227 960 meis
255 884 406 957 alienum
430 883 601 970 moribus,
629 905 650 955 ο
675 903 805 956 cecam
832 905 967 978 semper
992 884 1172 972 invidiam,
1199 907 1221 958 ο

145 1029 221 1080 rem
241 1006 455 1102 ineptissime
477 997 659 1078 confictam
680 1015 715 1080 et
735 1029 755 1078 a
776 1006 918 1102 reliquis
935 1006 1018 1080 v'itae
1036 1029 1123 1080 meae
1139 1029 1221 1078 con-

145 1122 231 1194 siliis
252 1122 512 1194 abhorrentem!
533 1123 577 1194 Et
596 1120 774 1216 quoniam,
800 1133 837 1194 ut
857 1145 943 1218 puer
961 1123 1000 1226 in.
1021 1123 1149 1196 scholis
1173 1123 1223 1196 ci-

145 1245 272 1320 vilibus
293 1245 478 1318 audiebam
502 1246 618 1341 (bodie
635 1247 726 1319 enim
746 1269 802 1318 me
828 1247 943 1320 studia
963 1248 1020 1318 illa
1049 1269 1118 1319 non
1147 1257 1223 1321 tan-

143 1367 251 1462 gunt),
270 1366 419 1460 primum
433 1366 468 1437 in
488 1367 614 1440 iudicio
626 1368 670 1440 de
683 1391 832 1464 persona
844 1368 1026 1463 quaeritur,
1043 1379 1221 1464 tamquam

142 1489 185 1562 de
204 1490 316 1585 ipsius
333 1488 451 1561 iudicii
469 1491 705 1576 fundamenl03
723 1514 840 1586 operte
859 1492 1008 1587 pretium
1030 1514 1108 1564 reor
1140 1493 1221 1586 quis

142 1635 208 1705 ego
225 1612 291 1685 sim
313 1614 473 1684 hocloco
490 1621 618 1702 tecum,
637 1626 748 1710 pater,
775 1625 956 1688 excutere:
982 1635 1052 1687 non
1077 1614 1220 1710 quidem

143 1743 251 1816 totus,
275 1735 340 1807 sed
359 1757 401 1808 ea
422 1743 555 1810 tantum
576 1747 672 1830 parte
701 1759 770 1831 qua
799 1737 917 1822 lerior;
948 1761 1054 1833 quam
1087 1739 1217 1812 scilicet

142 1880 265 1932 nocere
287 1859 424 1944 solitus,
447 1881 551 1952 quam
572 1859 721 1953 cupidus
738 1860 895 1933 nocendi.
914 1861 1042 1945 Quaero
1056 1860 1160 1954 igitur
1174 1885 1222 1934 ex

143 1991 188 2069 te,
209 2005 290 2056 cum
316 1985 425 2054 multa
444 1983 524 2054 olim
546 2005 567 2056 a
587 1984 696 2077 prima
722 1993 824 2056 aetate
855 2005 981 2078 aspera
1012 1995 1047 2056 et
1079 1985 1223 2077 indigna

75 2102 79 2108 ’
144 2106 209 2179 sim
226 2126 372 2203 pessus,
393 2106 556 2200 quodque
578 2104 715 2178 iniuriae
726 2105 867 2178 modum
881 2115 1000 2200 auget,
1016 2107 1060 2180 ab
1073 2107 1115 2178 iis
1129 2108 1221 2180 unde
1244 2167 1247 2174 .

143 2252 208 2301 nec
228 2229 387 2301 merebar
408 2232 475 2300 tale
494 2228 638 2324 aliquid,
661 2252 725 2302 nec
740 2229 903 2314 verebar3
921 2231 977 2301 cui
994 2229 1223 2322 unquamvi-

147 2373 226 2424 cem
244 2351 337 2436 mali,
358 2351 416 2424 cui
435 2352 590 2425 fraudem
616 2351 775 2438 innexui,
802 2353 858 2423 cui
890 2353 1034 2425 insidias
1069 2351 1220 2437 tetendi,

145 2475 245 2548 cuius
266 2499 412 2570 usquam
433 2471 677 2570 patrimonium
694 2484 755 2548 aut
772 2499 898 2572 corpus
919 2475 1094 2550 violentiis
1116 2499 1223 2570 appe

145 2600 204 2670 tii?
223 2597 376 2684 Quilibet
406 2599 571 2670 sollicitus
602 2608 772 2678 scrutator
798 2601 999 2686 accesserit,
1026 2611 1110 2698 puto
1135 2601 1221 2672 nihil

143 2723 237 2816 quod
252 2724 318 2796 hoc
345 2723 484 2795 nomine
504 2722 597 2816 carpi
617 2723 728 2817 possit
750 2722 912 2809 inveniet,
940 2734 1067 2818 praeter
1092 2723 1224 2820 simpli-

144 2867 219 2916 cem
243 2847 552 2939 querelam,·quam
566 2847 623 2917 vel
636 2845 713 2918 ovis
731 2847 788 2918 vel
801 2845 959 2920 columba
974 2848 1077 2920 etiam
1091 2847 1223 2920 ollensa
1307 2855 1310 2861 '

145 2989 212 3040 non
230 2968 395 3052 continet,
417 2991 484 3061 ego
505 2989 599 3063 saepe
616 2969 781 3056 continui;
802 2972 961 3066 dumque
977 2973 1106 3046 licitum
1124 2982 1221 3046 esset

144 3091 335 3177 effundere,
353 3115 447 3189 saepe
464 3115 573 3187 usque
587 3092 631 3163 ad
645 3092 794 3186 ignaviae
807 3106 923 3166 notam
938 3095 1091 3168 dolorem
1106 3119 1223 3168 meum

149 3218 353 3310 tranquillus
371 3217 551 3304 absorbui,
574 3229 608 3292 et
626 3227 754 3315 praeter
773 3239 902 3312 paucas
919 3218 1084 3313 epistolas
1098 3217 1133 3288 in
1147 3218 1224 3311 qui-

146 3336 211 3410 bus
252 3340 522 3412 obtrectatorum
556 3365 712 3414 meorum
749 3340 893 3414 vocibus
932 3341 1007 3414 sine
1044 3341 1223 3414 nominum

146 3464 372 3554 expressione
391 3464 598 3556 respondeo,
621 3487 665 3536 ne
686 3464 854 3558 cuiusque
876 3466 977 3536 samm
1009 3464 1078 3536 mei
1107 3464 1222 3538 dentis

146 3581 278 3656 haereat
296 3585 456 3670 cicatrix3
478 3587 680 3680 exemplum
702 3586 839 3660 ultionis
860 3585 955 3659 aliud
974 3609 1043 3658 non
1062 3586 1135 3671 erit,
1150 3605 1221 3677 quo

146 3702 282 3779 dolores
308 3729 405 3780 meos
426 3717 530 3800 atque
550 3707 694 3781 iniurias
714 3710 966 3803 prosequendo,
989 3711 1045 3780 vel
1065 3707 1223 3779 humani-

148 3828 224 3900 tatis
243 3829 371 3902 oblitus
396 3831 518 3904 videar
542 3833 600 3906 vel
624 3832 771 3904 decoris.
802 3832 853 3902 Illi
883 3832 1012 3924 gratias
1046 3830 1106 3923 qui
1132 3829 1222 3905 hanc

147 3950 228 4020 mihi
248 3952 292 4044 de
313 3952 535 4026 conscientiae
553 3953 746 4027 sinceritate
766 3952 927 4026 fiduciam
948 3953 1059 4046 dedit,
1089 3966 1125 4028 ut
1153 3977 1222 4028 non

148 4082 278 4147 tantum
301 4076 412 4148 verbo
436 4077 580 4164 volatili,
608 4077 671 4150 sed
696 4075 822 4172 scripto
848 4075 970 4162 stabili,
997 4087 1033 4150 et
1061 4079 1221 4152 fortassis

148 4187 182 4264 in
192 4217 317 4272 manns
329 4199 481 4274 hostium
494 4209 649 4286 venturo,
660 4197 863 4282 innocentiae
880 4222 973 4274 meae
987 4201 1224 4277 testimonium

273 4331 300 4372 rr.
1082 4325 1098 4374 Ξ
