3062 4798
259 343 319 402 454
595 353 636 400 ns
657 352 758 402 ussus
779 351 1003 402 stunrurusus

259 490 394 568 bonum,
413 485 469 560 sed
486 483 576 576 qaod
595 486 672 557 noto
691 487 816 556 maron
835 485 895 553 boc
913 505 986 576 ayo.
1013 478 1119 572 Quid,
1136 485 1264 570 eutice,
1285 483 1339 556 di-

257 622 345 686 cent
356 608 412 684 alii
433 608 463 680 si
482 608 611 680 Paulus
633 605 699 678 hoe
718 605 824 680 dicit?
843 604 915 678 lam
936 603 1031 698 quod
1055 604 1214 697 sequitur
1230 606 1337 693 nosti,

258 731 386 827 quibus
406 731 473 804 boc
493 729 613 802 verbis
630 739 792 800 excuset:
812 728 843 797 si
861 725 947 818 quod
962 729 1049 812 nolo,
1064 725 1187 818 inquit,
1205 748 1264 820 eoo
1280 727 1339 800 boc

255 856 357 945 socio,
375 856 444 926 iam
463 876 532 923 non
554 874 611 944 eqo
635 874 751 944 operor
770 848 868 936 illud,
884 847 946 920 sed
968 848 1058 941 quod
1078 851 1201 925 motat
1225 851 1264 920 io
1288 871 1340 920 mc

255 989 436 1071 pecodum.
458 973 596 1068 Auceps
617 974 756 1070 penitus
773 982 808 1044 et
823 971 995 1068 profunde
1011 971 1203 1057 eonciusio,
1217 994 1342 1065 quam-

257 1122 331 1194 que
346 1106 468 1172 contra
488 1121 546 1170 me
563 1098 655 1170 verti
675 1118 780 1190 posse
796 1117 866 1166 nou
887 1093 1032 1168 inficior.
1058 1094 1129 1172 Sed
1148 1093 1253 1168 modo
1271 1116 1343 1168 uos

257 1231 362 1294 vacat
386 1221 447 1300 bis,
467 1217 678 1293 incumbere.
712 1217 859 1310 Signare
885 1226 1010 1303 ,autern
1043 1218 1157 1291 locum
1186 1215 1272 1289 libet
1295 1218 1342 1292 nd

257 1365 361 1437 quern
383 1341 522 1426 redens,
545 1341 576 1414 si
596 1339 736 1434 quando
755 1341 916 1416 fortassis
937 1338 999 1413 tibi
1019 1340 1140 1426 talium
1159 1361 1246 1414 cura
1264 1340 1339 1412 erit.

244 1467 417 1540 ,Psaimus
437 1475 493 1540 est
511 1464 724 1538 centesimus
744 1463 902 1538 decimus
923 1474 1082 1545 octavus.
1103 1462 1155 1536 lbi
1174 1483 1245 1534 non
1261 1483 1341 1557 prn-

256 1591 313 1662 oul
334 1610 355 1659 a
375 1587 543 1682 principio
563 1587 631 1658 iste
650 1586 765 1658 nodus
786 1565 995 1677 apostolicus
1016 1585 1185 1664 acerrime
1200 1585 1341 1678 quidem

256 1710 443 1802 Augustini
464 1708 701 1802 disputatione
721 1707 920 1782 resolvitur.
946 1707 1046 1781 Nunc
1070 1693 1202 1780 leviora
1220 1728 1341 1801 prose·

256 1855 417 1926 qnamur.
436 1830 529 1916 Quid
544 1831 637 1902 enirn
655 1830 730 1925 ipse
748 1841 846 1924 pater
861 1829 1097 1922 Augustinus,
1112 1830 1196 1922 quid
1214 1831 1341 1924 agebat

255 1955 313 2026 iilo
343 1953 584 2024 conversionis
611 1973 687 2026 suae
712 1953 785 2036 die,
818 1963 856 2024 et
878 1953 915 2022 in
940 1953 997 2024 illa
1022 1951 1253 2024 saluberrima
1278 1955 1341 2026 sed

254 2073 453 2148 difficillima
469 2073 724 2146 conflictatione
740 2072 847 2145 animi
863 2073 948 2148 dum
966 2073 1012 2146 ad
1030 2074 1210 2149 meliorem
1228 2085 1340 2146 truns-

254 2198 304 2270 ire
323 2198 431 2270 vitem
453 2199 573 2281 vellet,
592 2219 657 2270 nec
680 2197 865 2268 transiret?
884 2195 1020 2280 Quibus
1040 2196 1214 2271 aestnsbat
1234 2217 1339 2290 engo-

255 2319 368 2402 ribus,
387 2319 516 2412 quibus
535 2320 684 2392 stimulis
702 2318 903 2411 urgebatur,
922 2327 1090 2396 ettamen
1107 2319 1273 2412 pestifero
1290 2331 1339 2392 te-

254 2442 402 2515 nebatur
421 2445 531 2518 sraeno
551 2465 595 2514 ne
617 2442 794 2542 transiret,
816 2464 887 2536 qno
907 2463 976 2516 non
1002 2464 1130 2534 magno
1155 2451 1346 2538 apparatu:

255 2565 318 2638 sed
343 2567 417 2638 sola
442 2569 620 2639 voluntate
650 2562 900 2646 transcundum
933 2568 1033 2637 eret?
1065 2564 1212 2648 Quando
1241 2567 1337 2658 quod

253 2690 430 2780 eleganter
450 2689 595 2760 Flaccus
616 2688 751 2760 irridet:
1257 2701 1259 2706 ·

374 2886 502 2948 Strenua
521 2899 576 2946 nos
594 2877 715 2945 exercet
732 2883 854 2948 inertia:
874 2881 1004 2946 navibus
1020 2889 1112 2962 atquc

374 2984 533 3061 Quadrigis
549 2982 682 3061 petimus
698 2983 775 3044 benc
792 2982 910 3046 vivere.
929 2983 1015 3057 Quod
1032 2983 1118 3064 petis,
1137 2982 1185 3046 bic
1204 2990 1257 3047 est.

253 3174 354 3246 Libet
374 3175 460 3244 tanti
479 3175 547 3247 viri
569 3174 661 3246 iltius
687 3176 869 3268 angustias
897 3179 1116 3263 meminisse,
1142 3190 1177 3254 et
1201 3180 1335 3254 intesti-

252 3319 337 3370 num
357 3296 442 3368 illud
461 3297 567 3372 animi
588 3297 643 3370 sui
664 3297 807 3384 benum,
829 3299 865 3372 in
886 3322 957 3394 quo
977 3301 1067 3374 siout
1089 3302 1233 3396 dignum
1260 3313 1335 3376 erat

252 3440 334 3512 pars
365 3419 504 3494 tandem
529 3421 628 3496 victa
647 3423 800 3496 deterior
830 3423 1064 3496 clarissimum
1096 3433 1131 3496 et
1163 3436 1333 3500 aeternnm

253 3545 386 3618 meliori
406 3544 557 3638 praebuit
578 3546 801 3640 triumphum.
829 3547 936 3641 quue
961 3570 1004 3620 eo
1028 3548 1191 3622 libentius
1218 3571 1334 3620 recor-

253 3667 318 3738 dor
337 3666 420 3759 qnia
440 3687 497 3738 res
517 3668 553 3738 in
573 3668 640 3740 hac
659 3669 780 3742 eadem
804 3669 906 3754 urbe,
929 3669 988 3742 ubi
1005 3693 1079 3762 ego
1104 3694 1196 3744 nuno
1222 3672 1334 3744 simile

253 3789 418 3882 quiddam
438 3791 611 3886 experior,
630 3803 731 3884 gesta
745 3802 812 3864 est.
829 3791 1005 3866 Ambrosii
1024 3794 1168 3866 basilios
1186 3797 1262 3878 sola
1277 3803 1334 3872 est

253 3912 343 3984 inter
363 3913 504 3986 domurn
527 3937 631 4007 quern
651 3895 820 4001 inbabito,
839 3927 876 3990 et
891 3919 1081 4012 cappellam
1102 3918 1333 4013 perexiguam

254 4033 313 4104 ubi
338 4034 371 4104 iu
394 4037 698 4109 arcano-conflictu
717 4038 962 4112 dissidentium
989 4063 1167 4126 curuum,
1190 4041 1331 4114 tandem

253 4153 363 4222 vietor
384 4155 599 4244 Augustinus
621 4163 834 4232 sacrofonte
859 4162 903 4234 ab
924 4161 1046 4235 eodem
1073 4167 1162 4236 lotus
1184 4163 1331 4236 Ambro-
