2988 4800
398 375 491 424 eroon
512 374 700 425 uruacruus.
713 395 748 406 -
762 375 915 426 srrsroun
937 377 979 424 ιιι.
1171 364 1229 426 llll

572 645 750 712 EPISTOLA
771 649 814 713 lll.

263 855 460 906 rnlrorscus
482 855 651 910 rernnecn
672 856 804 906 rourum
826 855 965 907 nnsrmo
986 857 1012 906 s.
1033 857 1061 906 r.
1083 858 1112 906 o.

208 1045 301 1101 iacobi
316 1045 343 1100 11
358 1043 543 1100 Carrariensis
558 1046 661 1101 caedem
675 1053 783 1118 narrat,
799 1053 827 1104 et
840 1047 952 1104 titulum
967 1047 1093 1120 sepulcro
1106 1047 1165 1102 eius

532 1132 741 1190 inscribendum
755 1135 848 1191 mittit.

250 1385 383 1476 Rogas,
406 1384 511 1457 immo
533 1407 618 1457 vero
638 1386 745 1460 debiti
766 1389 833 1459 mei
854 1386 1034 1470 admones,
1062 1394 1100 1457 ut
1125 1385 1230 1458 huius

150 1509 296 1583 iunioris
314 1508 429 1580 lacobi
441 1507 486 1580 de
499 1509 658 1583 Carraria
678 1511 745 1582 viri
758 1510 877 1606 optimi
895 1511 1095 1604 optimeque
1108 1508 1153 1581 de
1171 1531 1232 1581 no-

150 1631 204 1703 bis
217 1631 342 1717 meriti,
350 1633 412 1723 qui
424 1633 672 1726 nuperPatavii
687 1633 849 1706 dominus
862 1634 976 1706 dictus
990 1641 1054 1716 est,
1064 1654 1101 1703 re
1113 1639 1231 1704 autem

149 1755 226 1850 ipsa
244 1754 329 1824 nihil
351 1755 465 1826 minus
482 1778 587 1848 quam
605 1757 767 1828 dominus
784 1778 848 1828 neo
864 1755 977 1848 magis
995 1776 1100 1849 quam
1118 1753 1231 1826 veris-

151 1878 264 1948 simus
296 1877 419 1947 Patriae
442 1878 544 1949 Pater
569 1879 647 1962 fuit,
674 1879 796 1952 laudes
824 1888 928 1973 atque
952 1879 1125 1950 iortunem
1153 1877 1233 1948 stilo

151 2003 351 2095 amplexae,
378 2000 458 2072 hinc
482 2000 614 2096 aliquid
634 2003 680 2076 ad
701 2016 734 2076 te
760 2001 924 2086 scribam,
946 2001 1076 2072 amoris
1103 1999 1234 2071 scilicet

151 2123 384 2217 moerorisque
405 2123 617 2219 participem.
643 2127 756 2198 Parva
775 2125 917 2219 quidem
937 2144 1010 2208 ree,
1035 2121 1065 2193 si
1087 2119 1233 2214 superli-

151 2247 202 2319 cie
215 2257 321 2318 tenus
334 2247 485 2331 metiore,
499 2247 553 2318 sin
566 2248 668 2320 altius
682 2247 821 2332 foderis
834 2246 1014 2342 operosior
1026 2245 1114 2317 lorte
1127 2265 1231 2338 quam

152 2379 266 2463 putas.
291 2370 457 2454 Quoniam
492 2380 527 2441 et
558 2371 806 2468 panegyricum
832 2369 899 2443 viri
925 2369 1053 2454 virtus,
1077 2379 1112 2440 et
1137 2389 1233 2440 mors

152 2493 264 2586 exigit
298 2492 517 2583 tragoediam:
551 2493 818 2586 praeclarissima
846 2494 918 2567 duo
949 2491 1073 2587 poetici
1105 2491 1234 2564 laboris

153 2635 269 2709 opera.
296 2614 418 2686 Latam
442 2615 548 2707 igitur
573 2626 677 2711 atque
707 2616 851 2688 uberem
882 2615 1020 2689 dicendi
1053 2614 1233 2687 materiam

155 2737 273 2823 affere,
294 2737 356 2810 sed
376 2738 411 2807 in
432 2759 501 2830 qua
516 2737 686 2811 disertum
704 2738 780 2810 fieri
797 2761 913 2811 rerum
930 2739 1164 2832 potiusquam
1182 2739 1235 2806 in-

159 2864 251 2956 genii
273 2865 351 2935 laus
373 2864 428 2936 sit.
450 2863 541 2945 Quid
566 2864 657 2934 enim
683 2862 730 2934 illi
755 2862 884 2947 defuit,
912 2863 1006 2956 quod
1030 2863 1123 2934 claro
1145 2882 1233 2953 prae-

156 2985 255 3058 conio
274 2985 419 3078 dignum
444 2989 560 3057 esset?
580 2983 671 3069 Quid
696 2984 807 3058 dolori
832 2994 892 3058 aut
916 2973 1091 3057 desiderio
1115 2991 1235 3054 nostro

73 3139 77 3148 ·
158 3107 282 3180 deest?
300 3117 337 3180 et
356 3117 479 3180 natura
500 3109 669 3182 facundus
693 3119 749 3180 est
773 3108 885 3194 dolor,
907 3116 943 3178 et
963 3106 1177 3180 desiderium
1199 3103 1235 3176 vi

159 3241 292 3304 mutuae
311 3231 486 3305 relationis
505 3231 713 3303 accenditur.
731 3233 881 3304 Pronum
898 3253 987 3325 opus
1005 3240 1040 3302 et
1056 3217 1174 3304 de‘illo
1191 3229 1237 3302 ad

160 3361 192 3424 te
213 3352 379 3439 scribere,
407 3364 442 3425 et
466 3377 486 3426 e
519 3354 656 3426 duabus
681 3354 833 3426 vitandis
865 3353 932 3425 stili
963 3354 1064 3424 metis
1091 3356 1234 3424 alteram

159 3497 228 3548 non
244 3478 382 3562 timere,
398 3476 540 3570 nequid
556 3477 673 3549 nimis:
693 3477 776 3571 quin
790 3477 904 3562 etiam,
929 3477 1114 3569 plaudente
1131 3473 1234 3558 ltalia,

159 3599 321 3672 concordi
345 3601 542 3673 testimonio
567 3600 751 3687 bonorum,
779 3621 822 3671 ne
848 3598 1129 3694 obstrepentibus
1160 3594 1236 3690 qui-

160 3723 240 3795 dem
260 3724 375 3809 malis,
410 3724 502 3820 apud
530 3724 658 3798 amicas
687 3746 791 3798 aures
811 3725 953 3797 laudare
974 3744 1078 3816 quem
1099 3719 1234 3810 diliges.

160 3843 305 3918 Accedit
320 3844 473 3938 indigna
492 3856 596 3938 atque
616 3847 764 3918 insolitae
783 3866 893 3938 genus
911 3844 1046 3928 mortis,
1064 3850 1101 3912 et
1117 3839 1153 3910 in
1168 3862 1237 3932 qua

162 3965 250 4040 fides
284 3966 512 4063 apertissima
536 3971 678 4061 vulgato
708 3969 755 4040 illi
786 3966 971 4062 proverbio
1005 3973 1236 4059 quaereretur:

163 4091 285 4162 alienae
295 4090 472 4163 dominum
489 4090 561 4164 lieri
574 4092 764 4186 quemlibet
774 4091 857 4163 vitae
868 4088 1239 4185 propriaeuontempto-

165 4235 250 4285 rem.
283 4215 364 4286 Tam
393 4227 534 4309 repente
558 4216 665 4301 enim,
693 4215 817 4289 mediis
842 4214 920 4289 licet
946 4214 980 4286 in
1005 4211 1237 4309 penetralibus
