3024 4802
278 366 336 429 508
618 380 658 426 nu
680 379 781 428 nunus
803 379 1026 429 rnuruunmus

277 514 473 588 Metuebam
499 535 602 599 saue,
623 515 718 608 quod
735 538 828 587 nuuc
844 513 967 600 video,
988 535 1032 586 ue
1052 525 1173 588 vestra
1192 519 1250 590 illa
1266 519 1363 590 duri-

277 641 342 711 ties
363 636 444 707 belli
462 635 609 706 maximi
625 635 771 707 materia
790 648 825 706 et
844 636 1008 709 immensi
1024 638 1236 712 discriminis
1253 663 1363 713 causa

274 766 374 833 foret.
404 759 492 842 Ouae
519 757 548 827 si
573 767 642 830 tam
663 755 724 830 tibi
748 760 957 852 caeterisque
983 761 1197 855 principibus
1225 787 1362 837 rernm-

275 880 508 974 publicarum,
528 901 634 973 quam
656 879 739 949 mihi
766 879 899 952 homini
919 883 1061 974 penitus
1085 884 1197 954 otioso
1218 906 1260 956 ac
1280 887 1363 958 soli-

275 1005 364 1075 tario
396 1004 634 1095 displicerent,
664 1003 747 1074 felix
777 1003 874 1074 ltalia
903 1004 979 1074 iure
1011 1023 1076 1075 suo
1105 1006 1239 1078 cunctis
1267 1029 1362 1078 nunc

274 1129 378 1198 etiam
399 1125 588 1221 provinciis
609 1129 809 1220 imperaret,
836 1149 917 1218 quae
943 1147 1050 1221 prope
1071 1129 1140 1199 iam
1166 1149 1272 1200 serva
1293 1139 1359 1200 est.

274 1249 406 1320 Verum
423 1250 506 1341 quia
523 1245 673 1340 magnus
690 1270 788 1319 amor
809 1251 958 1320 multum
986 1251 1071 1321 milri
1095 1250 1231 1344 praebet
1250 1251 1362 1324 auda-

274 1373 350 1454 ciae,
370 1381 406 1440 et
421 1373 503 1463 quia
520 1371 632 1442 dulcis
650 1372 726 1464 spei
743 1371 908 1463 reliquias
926 1373 1058 1445 invitus
1078 1371 1211 1456 abiicio,
1231 1373 1360 1445 iterum

274 1504 378 1586 atque
411 1495 537 1564 iterum
564 1493 745 1565 retentabo
772 1496 904 1579 omnia,
928 1504 1031 1587 teque
1056 1496 1101 1567 de
1126 1504 1197 1566 tam
1224 1497 1361 1588 longiu-

273 1636 357 1707 quo,
391 1616 520 1687 ducum
552 1616 873 1708 providentissime,
901 1617 1140 1702 contestabor,
1168 1617 1198 1687 si
1229 1616 1370 1692 absens,

272 1741 360 1808 forte
381 1739 512 1832 felicior
541 1759 646 1830 quam
676 1758 848 1830 praesens,
875 1741 1079 1832 calamoque
1100 1741 1272 1832 potentior
1293 1743 1359 1812 sim

250 1849 376 1951 ¹quam
398 1861 535 1950 lingua,
555 1868 616 1930 ant
637 1860 666 1929 si
693 1859 846 1932 secunda
875 1863 1023 1953 primam
1052 1863 1172 1932 vineat
1197 1864 1357 1956 epistola.

271 1979 369 2050 Nosti
396 1982 573 2072 equidem,
596 1982 652 2052 vir
668 1983 810 2075 optimo,
833 2003 853 2053 e
875 1983 1009 2053 eunctis
1031 1983 1138 2054 rebus
1160 1987 1357 2057 mortalium

271 2104 464 2175 novissime
486 2127 583 2198 spem
597 2103 743 2197 deponi,
766 2127 831 2176 uec
851 2106 920 2175 uisi
937 2127 1015 2174 cum
1038 2106 1111 2175 vita
1128 2115 1357 2199 extremoque

271 2224 398 2310 halitu,
439 2227 601 2318 quamvis
635 2249 699 2298 nec
737 2236 820 2297 tunc
856 2245 997 2318 quoque
1032 2225 1234 2319 deponitur,
1274 2229 1359 2320 quin

271 2350 387 2441 potius
408 2350 453 2421 ad
474 2350 618 2422 meliora
638 2350 853 2421 convertitur
878 2357 915 2419 et
934 2348 980 2419 ad
1000 2357 1128 2419 metam
1155 2349 1263 2420 veuit.
1289 2350 1358 2421 Sed

271 2469 315 2540 de
336 2473 534 2543 mortalium
548 2472 661 2544 rebus
680 2474 813 2565 loquor.
836 2471 919 2540 Haec
939 2470 1046 2561 igitur
1070 2468 1173 2540 modo
1193 2491 1249 2540 me
1270 2471 1358 2540 refo-

271 2599 348 2663 vet:
369 2595 405 2665 in
426 2596 491 2666 hac
513 2617 583 2666 una
602 2595 721 2665 multis
742 2592 888 2688 publicis
910 2592 1012 2663 malis
1028 2593 1146 2663 fessus
1166 2599 1202 2662 at
1221 2591 1357 2682 magnis

270 2719 419 2788 fortunae
441 2719 543 2789 minis
563 2718 755 2788 exterritus
775 2717 972 2808 acquiesco.
996 2715 1125 2786 Vivere
1145 2714 1304 2786 desinam
1326 2715 1357 2785 si

271 2861 413 2935 sperare
432 2841 582 2922 desiere,
597 2841 689 2923 Quid
706 2848 822 2911 autem
842 2860 980 2933 sperem
998 2837 1029 2908 si
1046 2861 1103 2910 me
1124 2859 1238 2930 roges,
1254 2859 1357 2932 spero

270 2961 364 3053 quod
397 2964 519 3054 cupio:
554 2967 674 3031 sanam
713 2969 864 3031 mentem
897 2959 1152 3052 consiliumque
1186 2960 1355 3030 maturius

270 3083 338 3152 etsi
358 3104 426 3151 non
443 3085 561 3152 forsan
579 3102 600 3151 a
617 3081 764 3167 ratione,
784 3092 821 3152 at
841 3084 964 3153 saltem
982 3081 1028 3152 ab
1044 3071 1260 3176 experientia
1277 3103 1356 3174 pro-

269 3207 451 3274 fecturum.
470 3203 569 3275 Nosti
587 3215 755 3297 expertus
773 3195 857 3298 quid
875 3225 963 3298 pax,
982 3205 1068 3296 quid
1087 3203 1216 3276 bellum
1235 3225 1354 3277 secum

269 3332 371 3399 ferat:
394 3327 513 3400 vidisti
532 3329 654 3400 faciem
676 3337 861 3421 utramque
882 3331 1046 3399 fortuuae:
1067 3329 1152 3399 victi
1172 3327 1297 3410 fuistis,
1320 3336 1355 3397 et

269 3453 421 3537 vicistis,
447 3453 612 3545 quamvis
634 3461 673 3523 ut
692 3461 747 3522 est
768 3471 867 3521 meus
889 3450 1067 3522 hominum
1090 3450 1258 3522 indomita
1277 3448 1355 3516 vin·

269 3575 441 3667 cendique
458 3574 661 3668 percupida,
677 3576 827 3667 primum
849 3577 937 3644 forte
957 3573 1157 3663 negaveris.
1176 3571 1252 3642 Non
1271 3590 1354 3641 cou-

269 3697 374 3768 tendo
395 3705 433 3766 ut
451 3697 609 3769 viceritis
636 3717 786 3788 semper.
818 3697 985 3788 Computa
1011 3715 1133 3786 quaeso
1165 3693 1249 3786 quid
1274 3690 1352 3776 tibi,

270 3821 355 3912 quid
387 3819 602 3911 Reipublicae
629 3819 785 3891 victoriis
824 3816 1022 3890 accesserit.
1057 3817 1172 3889 Minus
1202 3816 1354 3911 profecto

270 3944 356 4026 auri,
379 3944 494 4013 minus
519 3954 575 4013 est
601 3941 795 4034 sanguinis,
819 3950 854 4011 et
874 3940 968 4033 quod
987 3948 1043 4011 est
1067 3939 1271 4033 pessimum,
1299 3944 1355 4008 est

269 4066 347 4154 plus
370 4067 539 4135 scelerum
561 4087 602 4136 ac
622 4067 801 4136 malorum.
820 4064 907 4148 Quae
932 4065 962 4134 si
978 4060 1173 4133 victoribus
1191 4058 1354 4132 accidunt

270 4181 352 4268 quid
370 4205 510 4274 sperare
530 4185 660 4256 debent
679 4187 787 4256 vieti?
808 4186 922 4277 Incipe
945 4185 1013 4255 iam
1040 4203 1174 4278 precor,
1204 4184 1239 4253 in
1267 4183 1354 4254 hauc
