3062 4798
621 564 809 630 FRANCISCI
838 565 1043 630 PETRARCAE

331 865 335 872 ,
441 780 512 858 uu
561 779 745 862 nunus
794 751 1228 862 rnnrrr'lnreus

509 979 663 1052 bruun
703 924 1159 1054 ocrnvusnncnrus

722 1511 901 1578 Epistula
920 1513 940 1577 l.

349 1707 542 1759 rannfflscus
564 1705 733 1757 perennet
753 1707 879 1759 ctuobo
900 1709 941 1758 lll.
962 1707 1157 1760 mennatem
1176 1707 1324 1760 AUGUSTO

769 1813 795 1863 S.
819 1814 847 1863 P.
870 1815 900 1864 D.

414 1978 552 2033 Gaesarem
566 1994 659 2033 moras
672 1983 830 2034 nectentem
844 1995 930 2050 seque
944 1979 1065 2034 inaniter
1078 1983 1257 2035 excusantem

489 2073 520 2122 ut
534 2083 681 2123 romanum
696 2067 845 2140 imparium
859 2068 988 2123 restituat
1000 2067 1173 2123 adhortatur.

317 2299 326 2314 '
388 2307 569 2380 Caesareos
608 2308 725 2402 apices
761 2302 909 2376 triennio
941 2305 1033 2388 lare,
1073 2295 1309 2395 postquam'a
1340 2312 1372 2374 te

289 2429 536 2512 discesserant,
552 2430 597 2501 ad
610 2451 667 2500 me
678 2427 888 2523 pervenisse
902 2425 1095 2497 miraberis.
1111 2425 1166 2496 Sic
1179 2435 1235 2498 est
1248 2435 1371 2498 tamen.

288 2551 364 2622 Non
390 2549 450 2622 tibi
478 2554 546 2622 iam
568 2551 631 2623 soli
654 2552 792 2644 tuisque
812 2547 1022 2642 legionibus,
1046 2546 1107 2620 sed
1128 2548 1260 2620 nunciis
1286 2569 1375 2640 quo-

288 2694 357 2763 que
378 2684 413 2745 et
433 2673 589 2766 epistolis
607 2673 685 2755 tuis,
706 2673 835 2756 Caesar,
855 2669 1135 2764 impermeabiles
1156 2669 1262 2764 Alpes
1281 2679 1372 2740 sunt.

288 2794 365 2886 llgo
383 2795 524 2887 quidem
543 2805 581 2866 ut
597 2797 825 2867 vehementer
842 2792 877 2865 id
893 2793 1005 2877 doleo,
1026 2790 1076 2864 sio
1096 2794 1205 2864 fateor
1224 2792 1370 2884 gaudeo,

285 2927 323 2986 et
347 2917 430 2986 mibi
450 2920 537 2988 elam
559 2920 728 3009 gratulor,
752 2918 787 2991 id
809 2895 911 2989 tacito
933 2937 988 2988 me
1014 2938 1081 2986 nou
1105 2913 1192 2986 fieri.
1218 2912 1371 2986 clamavi

287 3036 457 3130 equidem,
478 3039 541 3110 sed
558 3040 695 3123 frustra,
714 3062 779 3112 neo
795 3038 934 3112 duabus
952 3037 1106 3132 epistolis
1122 3039 1264 3110 auditus
1283 3059 1367 3122 sum,

286 3180 433 3250 quarum
454 3159 521 3230 etsi
547 3159 647 3231 stilus
673 3161 816 3254 auribus
843 3163 930 3234 forte
954 3162 1024 3234 tuis
1050 3162 1267 3256 incomptior,
1292 3181 1368 3257 pro·

286 3280 375 3352 lecto
392 3292 427 3352 et
447 3282 617 3356 sementia
638 3306 758 3369 verax,
777 3295 813 3358 et
829 3307 916 3379 pura
938 3284 1122 3356 scribentis
1144 3283 1233 3357 fides
1252 3294 1315 3368 est,
1334 3292 1369 3356 et

286 3402 381 3496 quod
420 3425 584 3476 romanus
621 3397 719 3478 orbis'
750 3415 843 3478 totus
873 3383 1108 3490 attestabitur,
1143 3406 1292 3498 agendae
1317 3403 1366 3476 rei

286 3528 618 3621 opportunissimum
636 3541 773 3624 tempus
790 3539 875 3602 erat.
894 3530 1011 3601 Clamo
1027 3549 1120 3600 nune
1138 3529 1253 3610 etiam,
1271 3525 1367 3622 quod

287 3650 347 3723 tibi
372 3654 501 3723 frustra
525 3673 569 3724 ne
594 3674 638 3724 an
662 3651 847 3725 efficaciter
871 3652 992 3725 faeiem
1025 3660 1061 3722 tu
1095 3649 1248 3722 videris:
1281 3646 1365 3718 mibi

284 3775 414 3845 frustra
426 3796 495 3845 non
505 3774 744 3868 eritquiequid
759 3773 907 3847 fideliter
919 3773 1365 3867 egero.1ltsialiisuaruque

285 3919 353 3968 non
379 3897 544 3988 proderit,
571 3899 654 3969 mibi
680 3910 774 3970 uerte
800 3898 967 3992 profuerit
999 3896 1212 3970 satisfecisse
1236 3893 1362 3979 officio,

285 4018 447 4112 implesse
464 4021 558 4112 quod
577 4021 697 4094 debeo.
719 4023 888 4117 Equidem
911 4043 977 4114 ego
995 4000 1121 4113 ingens
1142 4029 1177 4092 et
1197 4039 1268 4112 quo
1288 4018 1365 4088 nul-

286 4139 355 4206 lum
382 4141 471 4210 inter
497 4142 655 4214 homines
682 4145 794 4216 maius
821 4165 978 4236 possum,
1007 4143 1149 4216 affectus
1177 4141 1244 4214 mei
1274 4159 1366 4235 prae-
