3002 4794
227 349 265 407 3l
570 362 610 408 na
632 361 733 411 nunus
754 361 976 409 ruurnmmnus

226 491 357 573 quanta
378 480 440 550 vix
462 481 496 549 in
516 500 586 550 uno
602 478 799 570 eodemque
820 477 935 550 animo
960 478 1028 547 sit‘?
1045 478 1175 549 Rarum
1198 503 1310 571 genus

227 625 295 674 non
310 600 457 671 inficior:
467 600 530 671 sed
546 598 596 671 sie
609 608 665 670 est
680 621 749 668 non
763 599 798 668 in
812 598 878 669 hoo
892 601 1014 684 solum,
1025 599 1089 670 sed
1101 600 1136 670 in
1150 602 1311 674 omnibus

228 730 335 797 terme
361 747 442 818 quae
462 726 528 796 sub
549 727 637 796 coelo
659 732 755 808 sunt,
776 734 814 793 nt
838 723 948 816 pretia
972 746 1089 795 rerum
1117 725 1310 817 frequentia

227 872 267 919 ao
285 849 409 920 raritas
432 825 613 919 alternent.
636 847 767 938 ltaque,
783 855 820 915 ut
833 868 940 940 prope
958 847 1005 915 nil
1025 847 1138 916 rarius
1160 847 1310 919 amicitia

227 993 327 1055 vera,
349 972 396 1043 ita
417 992 556 1064 quoque
577 968 622 1038 nil
650 968 787 1039 carius:
817 989 899 1061 quae
925 968 985 1039 ubi
1006 970 1141 1040 coelesti
1166 992 1308 1042 munere

227 1094 377 1186 contigit,
400 1115 470 1164 una
490 1093 692 1185 procellosae
720 1092 803 1162 vitae
830 1113 969 1175 ancora,
998 1113 1068 1161 una
1088 1092 1229 1184 requies
1256 1103 1312 1164 est

227 1217 394 1300 laborum,
413 1237 482 1307 qua
501 1221 537 1284 et
554 1215 632 1284 laeta
652 1213 789 1285 dulcius
811 1223 846 1284 et
867 1213 978 1283 tristia
994 1214 1116 1284 lortius
1137 1215 1306 1287 feruntur.

228 1341 273 1409 Et
296 1337 342 1409 ad
367 1358 554 1420 summam,
581 1318 713 1407 amicus
739 1344 795 1406 est
820 1337 906 1407 alter
931 1335 1038 1420 idem,
1063 1345 1174 1408 status
1199 1338 1309 1408 nostri

228 1460 333 1544 basis
357 1459 461 1531 animi
482 1462 553 1543 lux,
576 1457 709 1530 consilii
730 1458 819 1544 dux,
844 1458 949 1530 studii
969 1459 1043 1544 fax,
1065 1458 1311 1532 dissidentium

230 1605 313 1675 pan,
336 1604 513 1666 curarum,
538 1581 757 1672 negotiorum
783 1581 970 1675 particeps,
992 1582 1309 1678 peregrinationum

229 1726 360 1789 comeo,
387 1703 604 1795 refrigerium
632 1703 877 1787 domesticum3
903 1726 1018 1797 neque
1042 1704 1137 1777 domi
1163 1714 1309 1792 tantum,

231 1827 295 1898 sed
311 1826 383 1899 ruri
402 1826 604 1919 militiaeque
622 1826 797 1909 assiduus,
817 1835 852 1896 et
868 1827 970 1896 terris
988 1835 1024 1897 et
1042 1830 1180 1920 pelag03
1197 1851 1312 1921 neque

231 1951 342 2020 solum
365 1949 476 2043 spatio
493 1948 577 2020 vitae
594 1971 670 2043 par,
691 1951 755 2022 sed
772 1958 850 2043 post
867 1947 972 2020 busta
989 1951 1101 2021 vivax
1126 1961 1230 2044 atque
1247 1950 1312 2020 im-

231 2073 374 2143 mortale
387 2071 691 2163 solatium;usque
702 2069 913 2161 adeoutqni
926 2071 1173 2163 superstitibus
1184 2071 1313 2143 obeunt

231 2193 369 2278 amicis,
390 2204 463 2264 tum
494 2194 647 2265 maxime
672 2194 794 2266 vivere
822 2192 1020 2277 videantur,
1049 2215 1129 2265 eum
1154 2194 1312 2266 abierint.

232 2318 318 2402 Quae
339 2341 419 2390 oum
440 2320 487 2389 ita
505 2319 587 2404 sint,
604 2316 819 2411 quantalibet
836 2315 988 2408 fingatur
1008 2317 1109 2388 amici
1126 2317 1313 2389 liberalitas

231 2461 272 2510 ac
292 2441 449 2530 largitas
478 2441 508 2510 si
530 2448 648 2510 tamen
673 2439 741 2508 rari
764 2437 868 2507 huius
893 2436 976 2508 boni
996 2446 1102 2506 tenax
1119 2447 1187 2521 est,
1211 2439 1242 2508 si
1266 2440 1315 2510 illi

232 2561 353 2632 similis
375 2561 435 2652 qni
456 2582 519 2631 seu
540 2561 693 2654 proprio,
718 2582 794 2643 seu,
816 2559 911 2650 quod
931 2558 979 2629 ait
1000 2557 1187 2652 satyrione,
1208 2563 1316 2650 quotis

231 2683 313 2750 uitio
332 2703 504 2771 nunquam
516 2684 663 2774 partitur
682 2679 836 2763 amioum,
859 2688 894 2750 et
912 2679 978 2750 sibi
998 2681 1094 2751 solus
1111 2679 1227 2766 habet,
1241 2682 1316 2774 ple-

231 2825 311 2875 nam
329 2804 489 2875 amicitiae
509 2804 653 2895 gloriam
671 2824 740 2874 non
763 2812 917 2896 usurpet.
940 2802 979 2874 ld
995 2827 1088 2874 nuno
1108 2825 1193 2897 ergo
1210 2825 1315 2897 repu-

232 2939 324 3011 tans,
347 2927 511 3007 amioum,
534 2947 638 3016 quem
658 2945 728 2995 non
748 2924 830 2996 mihi
850 2948 966 2997 meum
987 2926 1148 2997 meritum
1169 2925 1232 2998 sed
1250 2949 1315 2998 sua

233 3047 311 3119 lecit
330 3049 452 3131 virtue,
473 3047 593 3139 partiri
607 3056 732 3133 tecum,
752 3049 879 3143 optime
898 3051 1012 3135 frater,
1035 3049 1177 3121 institui.
1198 3050 1232 3120 ls
1249 3062 1312 3134 est,

232 3177 271 3240 ut
292 3168 352 3240 tibi
376 3168 471 3239 illum
495 3168 648 3241 breviter
668 3169 854 3264 explicem,
878 3169 1001 3241 Petrus
1028 3171 1181 3253 nomine,
1204 3170 1315 3262 patria

232 3291 420 3375 Alvernus,
443 3291 609 3383 religione
627 3292 835 3378 monachus,
854 3294 966 3364 officio
984 3291 1103 3376 abbas
1122 3291 1245 3362 habitu
1261 3293 1316 3362 ni-

234 3437 307 3506 ger,
344 3415 458 3488 animo
484 3416 669 3502 candidus,
698 3417 839 3509 ingenio
865 3419 988 3500 velox,
1016 3416 1153 3507 eloquio
1184 3415 1311 3499 duleis

233 3538 378 3609 seientia
402 3540 538 3626 doctus
562 3540 688 3613 iudicio
707 3539 990 3634 circumspectae,
1014 3538 1174 3612 convictu
1194 3540 1312 3612 affabi-

233 3658 285 3746 lis,
306 3671 410 3734 aetate
429 3662 577 3748 iuvenis,
599 3663 771 3756 gravitate
790 3685 910 3747 senex,
931 3662 1113 3736 honestate
1133 3660 1314 3733 venerabi-

233 3784 286 3854 lis.
308 3782 375 3856 Adi
394 3809 489 3870 eum,
517 3808 660 3879 quaeso,
695 3788 782 3859 duce
809 3787 888 3872 hoc,
918 3808 1022 3879 quem
1057 3787 1103 3857 ob
1132 3784 1167 3854 id
1199 3779 1313 3877 ipsum

233 3907 385 3976 maxime
398 3906 443 3978 ad
461 3918 495 3980 te
511 3908 601 3980 misi.
619 3906 798 4000 Agnoseet
810 3908 867 3980 ille
885 3907 974 3980 illioo
992 3909 1169 3980 Socratem
1187 3925 1312 3991 meum,

231 4022 368 4116 dequo
389 4031 496 4099 multa
522 4050 617 4122 saepe
639 4051 771 4103 seeum.
798 4029 848 4102 Tu
870 4028 1041 4122 gaudebis
1062 4025 1236 4097 hominem
1261 4025 1315 4096 in-

233 4145 375 4218 venisse
399 4152 535 4238 qualem
561 4154 691 4224 frustra
714 4152 775 4224 diu
801 4150 965 4242 quaesivi,
991 4158 1027 4221 et
1057 4146 1140 4217 mihi
1166 4146 1313 4238 gratiam
