3062 4798
215 343 225 360 ⁸
265 357 323 418 lot
609 370 648 416 nn
671 369 770 418 annus
793 369 1015 418 murmuramus

266 505 404 578 credis‘l
430 504 645 594 Negaturum
666 525 711 573 ne
736 502 888 596 aliquid?
913 504 998 578 nihil
1023 523 1179 597 prorsus.
1200 505 1346 576 Possem

264 627 383 719 lingua
415 625 575 710 forsitan,
602 625 708 698 corde
740 647 810 697 non
843 645 998 718 possum.
1024 625 1158 717 Urgeor
1181 626 1347 719 quidem:

264 771 334 820 non
353 771 443 844 opus
460 759 517 820 est
533 752 669 821 eculeo:
691 749 845 820 violenta
861 757 917 820 est
936 748 1083 832 veritae,
1098 726 1345 840 animos'ligat.

264 871 357 957 Quid
380 871 474 942 euim
500 894 570 942 non
595 869 748 962 ingenue
773 872 882 942 fatear
908 868 967 941 tibi
994 869 1087 964 quod
1108 893 1239 964 negare
1263 870 1347 940 mihi

264 995 339 1088 ipse
365 1017 434 1066 non
459 995 599 1065 audeo?
623 993 716 1065 lllico
742 1003 781 1067 ut
800 993 981 1087 epistolam
1009 1002 1103 1065 tuam
1130 995 1246 1086 legere
1270 993 1347 1086 cepi

262 1116 337 1189 dixi
355 1139 506 1218 mecum:
520 1117 596 1188 haec
613 1115 690 1186 veri
707 1115 819 1186 nodos
836 1136 957 1188 secum
972 1115 1099 1198 attulit3
1113 1126 1237 1208 captus
1255 1137 1345 1188 sun.

263 1239 362 1312 Unde
376 1225 567 1330 ergo‘nunc
584 1237 756 1308 evadam?
773 1237 908 1322 Quibus
927 1261 983 1310 me
1000 1237 1134 1310 artibus
1148 1239 1343 1332 expediam,

262 1383 332 1455 quo
353 1359 490 1452 ingenio
516 1381 572 1430 me
600 1358 806 1432 absolvam?
826 1363 1009 1434 Postremo
1034 1361 1119 1454 quid
1144 1359 1257 1432 dicam
1278 1360 1346 1430 nisi

263 1485 357 1578 quod
382 1507 462 1556 cum
490 1494 562 1555 toto
587 1505 716 1574 genere
742 1483 896 1555 humano
911 1505 1110 1556 commune
1134 1481 1266 1555 crimen
1290 1491 1345 1552 est

261 1607 371 1678 mihi?
392 1606 478 1691 Quis
498 1616 553 1676 est
572 1605 664 1676 enim
686 1606 866 1677 hominum
891 1606 951 1698 qui
976 1626 1048 1676 non
1071 1603 1141 1676 sihi
1162 1625 1257 1697 saepe
1282 1624 1344 1675 no-

261 1728 384 1810 cuerit,
403 1728 459 1799 cui
480 1749 550 1797 non
571 1727 709 1821 proprie
731 1727 798 1798 dici
816 1727 928 1823 possit
948 1737 1055 1799 vetus
1075 1727 1159 1798 illud
1179 1725 1341 1809 verbum,

262 1849 378 1921 omnia
398 1848 578 1919 malahaec
592 1847 663 1934 tihi,
683 1869 705 1919 o
722 1849 942 1935 stultissime,
959 1848 1172 1943 procurasti?
1191 1849 1342 1940 Elegans

260 1966 415 2067 et‘pla'ne
439 1982 585 2064 argutus
612 1970 776 2043 Iohannis
804 1956 1047 2070 chrysostomi
1073 1980 1242 2045 tractatus
1272 1980 1339 2054 est,

261 2094 373 2187 primo
398 2094 543 2166 forsitan
562 2116 756 2186 congressu
779 2095 948 2168 mendacii
969 2096 1117 2167 frontem
1136 2093 1285 2178 habens,
1307 2103 1366 2174 at,

261 2217 292 2287 si
318 2217 432 2288 acrius
459 2216 617 2288 intueare
641 2216 727 2285 nihil
752 2217 884 2287 verius
922 2217 987 2288 Est
1021 2227 1140 2288 autem
1171 2214 1230 2286 hic
1262 2214 1342 2286 titu-

261 2340 327 2410 lus.
355 2337 434 2409 Nisi
458 2363 479 2409 a
503 2341 673 2432 semetipso
698 2342 868 2410 neminem
891 2337 967 2412 taedi
985 2361 1102 2432 posse:
1129 2361 1199 2433 quo
1223 2335 1342 2408 audito

262 2459 379 2536 statim
410 2460 589 2534 inimicum
625 2464 701 2534 veri
733 2465 864 2554 vulgus
901 2463 1075 2534 insaniet:
1114 2461 1210 2554 quod
1241 2461 1272 2532 si
1297 2459 1343 2534 ad

262 2605 300 2656 se
325 2583 516 2656 rationibus
548 2585 643 2655 viam
676 2585 819 2679 pandat,
846 2583 931 2656 velit
962 2584 1047 2657 nolit
1070 2586 1119 2656 ita
1138 2605 1224 2656 esse
1255 2585 1342 2654 fate-

261 2705 365 2778 bitur.
380 2721 385 2728 ‘
400 2705 554 2778 Patimur
581 2709 672 2780 mala
696 2728 777 2800 quae
801 2707 963 2792 fecimus,
989 2717 1024 2779 et
1049 2727 1145 2802 saepe
1178 2706 1213 2776 in
1237 2714 1343 2800 caput

261 2830 412 2901 auctoris
438 2851 542 2923 poena
568 2830 764 2906 revertitur.
797 2829 873 2900 Non
906 2830 1044 2902 aliunde
1063 2829 1256 2928 premimur
1278 2845 1343 2900 nec

260 2958 406 3044 oportet.
430 2950 541 3022 Crede
566 2949 657 3020 enim
684 2949 789 3020 milri:
811 2950 859 3020 nil
880 2974 969 3046 opus
996 2943 1069 3026 acie
1093 2951 1264 3024 instructa
1283 2959 1343 3024 aut

260 3070 432 3142 machinis
461 3090 561 3140 muro
594 3070 761 3155 admotis,
793 3068 1015 3167 defossisque
1043 3077 1132 3150 clam
1160 3073 1340 3148 cuniculis.

261 3193 418 3286 Quisque
440 3193 575 3265 hostem
597 3204 885 3289 vastatoremque
906 3218 1009 3268 suum
1031 3215 1163 3280 secum,
1185 3197 1342 3289 interque

260 3315 404 3389 delicias
426 3337 509 3388 suas
528 3316 647 3400 habet,
664 3317 711 3388 illi
725 3316 938 3411 obsequitur,
958 3319 1085 3393 mirum
1099 3319 1210 3403 dictu,
1225 3327 1261 3390 et
1281 3316 1342 3390 ad-

260 3460 388 3512 versus
402 3459 449 3516 ¹se
474 3439 699 3534 pertinaciter
725 3439 772 3510 illi
792 3441 898 3514 favet.
919 3441 1021 3512 Dices
1043 3450 1171 3526 autem,
1191 3448 1343 3524 etante-

260 3586 365 3658 quam
398 3563 496 3636 dicas
522 3562 711 3635 assentior:
740 3585 808 3636 non
837 3575 893 3636 est
919 3563 984 3644 hoc
1007 3566 1144 3658 culpam
1170 3581 1340 3654 purgare,

261 3688 326 3758 sed
346 3686 551 3779 participare
571 3709 651 3759 cum
677 3685 851 3780 pluribus:
873 3687 985 3758 aliena
1004 3684 1146 3778 quidem
1167 3682 1343 3758 accusatio

260 3828 331 3880 non
348 3808 530 3881 excusatio
548 3817 666 3879 nostra
687 3817 756 3880 est:
773 3808 997 3898 insigniorem
1010 3809 1098 3880 forte
1113 3829 1211 3878 reum
1230 3808 1342 3900 culpae

259 3949 392 4012 comos
413 3929 691 4006 ,innocentiorem
718 3940 812 4002 certe
838 3950 908 4001 non
937 3930 1048 4003 faciet.
1083 3927 1233 4003 Omissis
1257 3947 1343 4020 ergo

259 4048 345 4130 aliis,
361 4051 405 4122 ad
419 4065 475 4128 me
492 4062 661 4124 revertor.
680 4053 788 4124 Video
803 4065 848 4135 te,
864 4053 985 4137 amice,
1001 4073 1088 4124 vero
1105 4053 1343 4152 armatumla-

260 4167 340 4248 oilc,
361 4171 389 4241 si
412 4171 588 4255 resistam,
612 4174 645 4244 in
667 4175 733 4244 hac
752 4177 992 4251 colluctatione
1013 4175 1197 4246 victorem:
1218 4173 1342 4248 eodem
