3078 4798
416 371 508 420 urana
531 372 1032 430 ournrusnsornus-errsrour
1055 374 1106 424 vn.
1246 364 1305 425 333
1332 393 1340 408 ·

220 530 262 579 ac
287 515 520 600 contemptum
557 506 664 591 venit,
699 506 862 600 quodque
895 507 1002 580 armis
1037 507 1155 582 ulcisci
1189 511 1307 584 decuit

220 627 395 701 oblivione
414 628 528 700 levius
549 637 585 699 et
605 627 741 700 silentio
760 629 991 701 consolamur.
1012 629 1144 702 ilicinis
1161 633 1305 724 gravius

220 749 384 841 angimur
409 749 520 820 malis.
539 749 626 834 Quis
650 749 871 823 lanuensium
895 751 1061 843 exiguam
1079 754 1228 826 classem
1256 753 1308 826 in-

220 871 320 944 festis
341 869 453 964 proris
479 871 524 943 ad
549 869 630 941 litus
657 873 827 943 Venetam
849 882 1048 958 venturam,
1071 873 1150 966 quis
1171 874 1307 946 Britan-

220 1015 304 1064 num
320 1013 429 1085 parva
443 1015 547 1066 manu
560 993 595 1064 iu
608 993 734 1066 Gallias
748 995 961 1086 irrupturum
975 995 1155 1067 crederet?
1169 997 1307 1069 Utrum-

221 1136 293 1206 que
312 1113 454 1207 quidem
480 1115 569 1186 intra
596 1113 705 1187 breve
730 1125 868 1208 tempus
894 1115 1106 1188 audivimus.
1129 1115 1193 1189 Ubi
1214 1116 1304 1202 iam,

220 1255 361 1328 quaeso,
384 1245 457 1308 tuta
486 1256 582 1308 mora
612 1240 689 1309 est‘l
721 1237 877 1310 Venetiae
909 1250 944 1310 et
976 1238 1099 1311 Parisii
1128 1237 1307 1312 civitatum

221 1357 376 1429 omnium
397 1360 506 1430 nostri
532 1359 628 1432 orbis
656 1361 840 1432 tutissimae
866 1360 1092 1444 videbantur;
1119 1361 1196 1436 haeo
1222 1363 1309 1434 itali-

220 1499 358 1564 carum,
385 1479 442 1552 illa
471 1480 762 1575 transalpinarum
787 1503 855 1552 arx
880 1491 1065 1565 terrarum;
1098 1483 1133 1553 in
1162 1491 1309 1577 utraque

222 1624 335 1697 nuper
356 1601 466 1674 hostis
489 1602 632 1675 incursu
658 1603 748 1675 facili
774 1603 984 1695 gravissime
1007 1605 1215 1697 trepidatum
1242 1615 1307 1678 est.

222 1724 308 1809 Quis
331 1747 482 1819 unquam
504 1725 700 1798 divinasset
719 1725 907 1798 Galliarum
925 1749 1045 1819 regern
1062 1727 1097 1796 in
1115 1726 1308 1800 britannico

222 1869 361 1920 carcere
374 1850 563 1932 victurum,
580 1852 666 1921 lorte
678 1850 782 1924 etiam
796 1849 1026 1921 moriturum?
1036 1850 1127 1923 Ecce
1140 1850 1207 1922 iam
1222 1850 1308 1922 certi

223 1969 267 2042 de
284 1990 433 2052 carcere,
453 1969 498 2041 de
518 1967 586 2042 line
605 1969 768 2062 suspensi
795 1991 929 2042 sumus.
944 1969 1029 2053 Quis
1051 1969 1246 2044 divinasset
1263 1969 1308 2044 ad

222 2091 434 2164 Parisiorum
464 2100 583 2185 portas
608 2102 793 2164 venturum
823 2092 1015 2166 exercitum
1042 2091 1311 2166 Britannorum?

221 2215 312 2287 Ecce
325 2215 392 2286 iam
407 2215 511 2286 venit.
527 2215 744 2307 Quamquam
759 2213 838 2307 quis
852 2213 1000 2298 omnino,
1017 2213 1082 2284 nisi
1097 2213 1240 2305 ignarus
1255 2237 1310 2284 rc-

223 2360 317 2420 rum,
339 2347 399 2408 aut
416 2337 510 2426 regis
523 2357 696 2410 carcerem
719 2345 780 2408 aut
800 2335 896 2407 urbis
916 2333 1134 2408 obsidionem
1151 2341 1311 2431 stupeat?

222 2459 399 2530 Romanus
426 2460 613 2555 imperator
633 2460 668 2530 in
688 2480 829 2532 carcere
850 2457 985 2553 persico
1010 2479 1155 2552 prorsus
1181 2458 1309 2532 misera

225 2580 394 2650 servitute
413 2581 605 2652 consenuit.
625 2580 704 2673 lpsa
720 2579 806 2656 urbs
825 2579 932 2651 Roma
950 2588 1031 2650 ante
1046 2579 1213 2652 Collinam
1231 2601 1312 2674 por-

224 2711 294 2772 tam
317 2701 478 2774 infestum
503 2724 582 2774 cum
604 2702 760 2774 exercitu
783 2701 870 2775 vidit
889 2698 1130 2786 Hannibalem,
1164 2701 1314 2797 idipsum

224 2823 261 2892 in
282 2822 448 2894 maiorum
469 2823 761 2917 comparationem
782 2825 894 2895 latura
919 2821 1135 2910 modestius,
1161 2833 1199 2894 ut
1223 2843 1305 2916 quae

226 2968 247 3016 a
266 2944 386 3016 Gothis
409 2945 527 3017 multis
548 2954 627 3038 post
648 2945 788 3018 saeculis
808 2944 990 3038 capienda,
1012 2953 1049 3017 ct
1068 2945 1135 3018 iam
1158 2967 1179 3016 a
1201 2945 1311 3016 Seno·

226 3067 329 3140 nibus
363 3077 462 3160 capta
493 3079 595 3140 esset.
632 3069 766 3153 Quibus
800 3069 972 3162 exemplis
1008 3067 1171 3141 omnibus
1205 3090 1312 3140 unum

228 3211 311 3282 ago:
331 3189 366 3260 in
387 3189 443 3260 his
464 3189 569 3262 rebus
593 3187 797 3264 mortalibus
819 3191 903 3262 nihil
926 3212 1009 3264 esse
1034 3199 1101 3263 tam
1124 3192 1311 3276 miserum,

172 3327 174 3332 ·
227 3309 444 3404 quodetiam
466 3312 508 3383 iis
529 3312 589 3405 qui
610 3313 800 3386 felicissimi
820 3313 983 3386 dicuntur
1002 3337 1071 3386 nou
1091 3315 1203 3409 possit
1222 3313 1312 3385 acci-

229 3430 324 3504 dere.
344 3431 527 3515 Quacum
545 3437 593 3506 ita
613 3436 695 3519 sint,
718 3434 770 3505 vir
786 3433 927 3529 optime,
949 3433 1034 3528 quid
1057 3435 1232 3525 agendum
1253 3433 1314 3504 tibi

230 3557 275 3625 sit
291 3555 410 3641 vidcs,
430 3556 579 3650 ideoque
596 3577 838 3653 supervacuus
855 3556 1000 3628 lorsitan
1018 3554 1080 3627 sed
1099 3553 1217 3627 lidclis
1232 3576 1315 3628 con-

230 3682 340 3751 sultor
361 3677 525 3763 advenio,
550 3678 679 3771 tibique
701 3678 834 3751 suadeo
859 3678 954 3772 quod
979 3677 1205 3770 persuasisse
1230 3673 1315 3746 milri

230 3801 297 3872 iam
320 3802 436 3873 velim.
456 3801 525 3873 Fac
544 3801 639 3894 quod
655 3800 754 3872 nitidi
771 3799 911 3895 quidam
934 3799 1091 3871 homines
1109 3799 1230 3882 solent,
1249 3817 1314 3868 nec

230 3923 388 3994 homines
402 3930 550 4022 tantum,
570 3922 634 3994 sed
651 3921 798 3996 candida
815 3921 978 4016 quaedam
996 3921 1156 3994 animalia
1174 3918 1312 3993 sordes-

231 4065 300 4135 que
321 4045 489 4129 timeutia,
509 4064 590 4137 quae
611 4043 671 4116 ubi
690 4043 887 4117 cavernulis
913 4065 1059 4136 egressa
1084 4046 1159 4116 loca
1184 4042 1312 4115 circum

230 4187 330 4239 oceno
351 4165 463 4237 obsita
482 4165 740 4260 conspexerint,
768 4165 891 4258 pedem
927 4167 1121 4250 retrahunt,
1154 4176 1189 4238 et
1221 4162 1311 4236 intra
