2958 4804
363 363 455 410 LIBER
478 361 973 410 lluuluusraurlus.-brlsrutu
997 364 1035 411 ll'.
1185 347 1244 408 Μ

145 511 181 568 et
200 498 306 569 lerro
324 498 442 568 fractis
465 497 624 589 Alpibus,
646 499 930 591 transmissisque
952 499 1113 570 amnibus
1133 498 1240 582 lbere,

146 619 333 690 Rhodano
357 630 392 690 et
414 619 520 704 Pado,
550 620 721 712 superatis
749 617 919 714 Apennini
944 620 1035 712 iugis
1062 623 1106 693 ad
1132 622 1241 714 ipsius

146 743 253 814 urbis
279 745 410 815 moenia
430 744 540 814 victer
561 742 756 814 horrendus
778 744 934 814 accessit.
956 744 1046 827 Quid
1067 746 1101 814 in
1123 746 1242 837 singu-

145 863 189 964 lis
214 868 361 936 morer?
383 865 498 936 Victor
522 865 656 948 totiens,
684 865 800 936 victus
828 867 965 936 tandem
992 889 1059 937 non
1084 866 1242 938 destituit

147 1009 270 1080 spem,
296 1011 539 1082 renovansque
560 988 688 1060 bellurn
709 988 830 1060 alienis
849 988 991 1072 viribus,
1012 989 1154 1060 consilio
1176 1011 1240 1060 suo

146 1112 297 1206 Syriam
318 1111 585 1207 Bithyniamque
608 1112 779 1184 lustravit.
802 1111 894 1183 Finis
920 1112 1070 1182 heminis
1092 1115 1239 1184 lortunm

146 1234 280 1319 luerit,
301 1234 404 1304 ardor
424 1235 528 1305 animi
563 1237 681 1329 procul
715 1235 820 1306 dubio
855 1255 941 1306 suus
962 1235 1035 1306 luit.
1059 1235 1176 1328 Neque
1203 1235 1239 1306 id

149 1380 250 1428 nuno
275 1357 443 1450 quaeritur
467 1380 572 1449 quam
593 1357 722 1441 iustus
752 1359 815 1430 sed
842 1356 924 1428 illud
947 1359 1041 1450 quud
1065 1357 1236 1440 dicebam,

148 1480 220 1551 nisi
246 1482 362 1558 lallor.
385 1479 593 1564 ostenditur,
616 1480 826 1573 singularem
843 1482 1028 1574 quamdam
1048 1481 1136 1551 inter
1155 1479 1238 1550 suos

150 1603 256 1674 cives
283 1604 523 1675 excellentiam
554 1607 738 1676 multorum
758 1605 803 1674 illi
821 1605 976 1678 laborum
995 1617 1099 1698 atque
1116 1605 1238 1676 discri-

151 1727 289 1796 minum
318 1728 496 1798 materiam
522 1727 691 1798 extitisse.
719 1727 808 1813 Quid
834 1728 1006 1800 Leonidas
1035 1738 1236 1820 spartanus

152 1850 211 1919 vir
244 1849 473 1935 fortissimuS,
506 1851 590 1942 quid
624 1850 794 1922 thebanus
829 1851 1083 1944 Epaminondas
1117 1853 1238 1944 patriae

155 1991 232 2042 suae
250 1972 369 2063 gloria,
389 1972 475 2064 quid
495 1973 637 2044 achaeus
657 1972 934 2066 Philopoemenes
958 1972 1103 2042 summis
1120 1993 1240 2064 aequa-

155 2105 212 2165 tus
233 2094 394 2179 ducibus
411 2094 494 2188 quid
511 2095 690 2190 cecropius
712 2094 959 2166 Themistocles
978 2095 1047 2177 uir,
1068 2104 1106 2166 ut
1125 2095 1234 2178 aiunt,

155 2217 191 2288 in
201 2218 334 2289 Graecia
347 2218 582 2288 clarissimus?
595 2217 649 2288 Nil
663 2217 716 2288 his
730 2216 890 2288 omnihus
904 2216 997 2287 aliud
1010 2216 1234 2308 virtusquam

155 2339 362 2412 laboriosam
390 2361 430 2410 ac
458 2338 638 2410 sollicitam
665 2338 772 2409 vitam
798 2338 887 2410 lecit.
914 2338 1006 2409 ldem
1034 2339 1079 2409 de
1103 2338 1236 2434 Pyrrho

156 2463 385 2555 Epirotarum,
414 2460 684 2555 Alexandroque
709 2461 948 2543 lllacedcnum,
976 2461 1066 2532 idern
1093 2463 1138 2534 de
1163 2464 1236 2532 lla-

157 2586 281 2658 sinissa
301 2583 541 2668 Numidarum,
565 2586 724 2680 Cyroque
748 2584 932 2656 Persarum
955 2585 1098 2677 regibus
1119 2587 1233 2680 deque

155 2708 228 2779 aliis
250 2707 368 2780 multis
388 2707 560 2780 affirmare
580 2707 669 2780 licet.
690 2707 757 2780 Sed
775 2708 877 2780 huius
898 2707 1037 2799 generis
1055 2710 1235 2801 exemplo-

156 2856 228 2902 rum
251 2831 337 2903 satis
358 2842 421 2901 est.
444 2831 579 2903 Poterat
599 2830 693 2924 apud
714 2832 855 2904 Samum
876 2831 1114 2927 Pythagoras‚=
1134 2839 1232 2923 pote-

155 2963 205 3024 rat
230 2954 383 3046 Abderae
415 2953 645 3037 Democritus,
669 2951 813 3024 Athenis
848 2955 956 3038 Plato,
980 2955 1091 3046 Varro
1114 2956 1233 3024 Romae

154 3079 284 3163 vivere,
309 3077 376 3148 nisi
403 3099 464 3149 eos
490 3076 623 3148 infinita
643 3075 797 3148 discendi
819 3078 989 3170 cupiditas
1010 3099 1072 3171 per
1091 3078 1232 3149 diversa

153 3200 371 3272 distraheret.
390 3201 529 3271 Poterat
545 3199 676 3270 Plinius
695 3199 843 3272 Veronae
862 3199 965 3286 mori,
986 3201 1137 3271 Mantuae
1154 3202 1232 3270 Vir-
1312 3213 1315 3220 ’

152 3323 268 3414 gilius
296 3322 363 3394 nisi
389 3323 484 3394 illum
509 3322 711 3414 experiendi
744 3323 846 3394 ardor
869 3322 995 3392 Vesevi
1026 3322 1075 3393 tui
1105 3324 1229 3393 favillis

151 3447 376 3539 opprimeret,
399 3447 491 3516 hune
524 3441 645 3537 gloriae
679 3446 826 3517 stimulis
845 3447 1032 3537 impulsum
1054 3465 1147 3516 mors
1168 3467 1230 3514 no-

150 3565 273 3638 bilibus
290 3568 437 3659 ingeniis
452 3567 604 3660 dolenda
621 3576 862 3660 praeverteret,
886 3567 985 3639 cuius
1003 3567 1152 3638 cinerem
1172 3569 1228 3636 vel

149 3689 295 3762 Tarento
327 3702 483 3783 ereptum
516 3693 572 3760 vel
606 3689 804 3762 Brundusio
838 3699 896 3761 tua
925 3689 1082 3782 possidet
1101 3710 1142 3758 ae
1164 3709 1227 3758 sua
1330 3721 1331 3724 ¹

147 3813 372 3907 Parthenope.
406 3814 496 3898 Quid
530 3813 596 3884 sibi
629 3814 713 3884 velit
738 3812 814 3882 haec
846 3815 1085 3903 exemplorum
1127 3811 1227 3903 copia

146 3939 336 4028 expectas?
352 3938 566 4028 Ignavumne
587 3934 661 4006 fieri
679 3933 829 4018 iubeam,
850 3944 888 4005 ut
905 3934 1084 4026 tranquille
1101 3934 1227 4004 vivas?

145 4055 255 4128 Absit.
278 4059 468 4151 Optabilior
487 4067 543 4129 est
563 4059 654 4131 enim
688 4080 756 4129 non
784 4059 887 4131 modu
913 4058 1025 4144 labor,
1049 4059 1112 4132 sed
1132 4080 1224 4129 mors

144 4199 283 4272 quoque
301 4203 379 4252 cunr
398 4183 518 4273 gloria.
539 4185 668 4254 Verum
688 4184 770 4255 illud
789 4182 929 4256 intendo
943 4206 1009 4254 non
1025 4205 1225 4277 usquequa-
