<?xml version="1.0" encoding="UTF-8"?>
<!DOCTYPE html PUBLIC "-//W3C//DTD XHTML 1.0 Transitional//EN"
    "http://www.w3.org/TR/xhtml1/DTD/xhtml1-transitional.dtd">
<html xmlns="http://www.w3.org/1999/xhtml" xml:lang="en" lang="en">
 <head>
  <title>
</title>
<meta http-equiv="Content-Type" content="text/html;charset=utf-8" />
  <meta name='ocr-system' content='tesseract 3.04.00' />
  <meta name='ocr-capabilities' content='ocr_page ocr_carea ocr_par ocr_line ocrx_word'/>
</head>
<body>
  <div class='ocr_page' id='page_1' title='image "./franciscipetrar01fracgoog_0511.png"; bbox 0 0 3024 4802; ppageno 0'>
   <div class='ocr_carea' id='block_1_1' title="bbox 248 380 989 440">
    <p class='ocr_par' dir='ltr' id='par_1_1' title="bbox 248 380 989 440">
     <span class='ocr_line' id='line_1_1' title="bbox 248 380 989 440; baseline -0.008 0"><span class='ocrx_word' id='word_1_1' title='bbox 248 380 306 440; x_wconf 81' lang='lat'><strong>500</strong></span> <span class='ocrx_word' id='word_1_2' title='bbox 584 389 623 436; x_wconf 81' lang='lat' dir='ltr'><strong>un</strong></span> <span class='ocrx_word' id='word_1_3' title='bbox 645 387 745 437; x_wconf 87' lang='lat' dir='ltr'><strong>nnnus</strong></span> <span class='ocrx_word' id='word_1_4' title='bbox 765 385 989 436; x_wconf 57' lang='lat' dir='ltr'><strong>nnuurnrnrnus&#39;</strong></span> 
     </span>
    </p>
   </div>
   <div class='ocr_carea' id='block_1_2' title="bbox 247 519 1330 965">
    <p class='ocr_par' dir='ltr' id='par_1_2' title="bbox 247 519 1330 965">
     <span class='ocr_line' id='line_1_2' title="bbox 249 519 1329 616; baseline -0.009 -17"><span class='ocrx_word' id='word_1_5' title='bbox 249 540 341 599; x_wconf 88' lang='lat' dir='ltr'><strong>stum</strong></span> <span class='ocrx_word' id='word_1_6' title='bbox 360 525 502 596; x_wconf 86' lang='lat' dir='ltr'><strong>desinit:</strong></span> <span class='ocrx_word' id='word_1_7' title='bbox 525 545 593 594; x_wconf 94' lang='lat' dir='ltr'><strong>non</strong></span> <span class='ocrx_word' id='word_1_8' title='bbox 614 533 668 594; x_wconf 93' lang='lat' dir='ltr'><strong>est</strong></span> <span class='ocrx_word' id='word_1_9' title='bbox 688 522 839 616; x_wconf 82' lang='lat' dir='ltr'><strong>vagandi</strong></span> <span class='ocrx_word' id='word_1_10' title='bbox 872 524 980 593; x_wconf 88' lang='lat' dir='ltr'><strong>locus.</strong></span> <span class='ocrx_word' id='word_1_11' title='bbox 1015 520 1086 590; x_wconf 90' lang='lat' dir='ltr'><strong>lam</strong></span> <span class='ocrx_word' id='word_1_12' title='bbox 1120 519 1329 591; x_wconf 74' lang='lat' dir='ltr'><strong>necessariae</strong></span> 
     </span>
     <span class='ocr_line' id='line_1_3' title="bbox 247 642 1330 741; baseline -0.008 -22"><span class='ocrx_word' id='word_1_13' title='bbox 247 649 449 741; x_wconf 89' lang='lat' dir='ltr'><strong>utinamque</strong></span> <span class='ocrx_word' id='word_1_14' title='bbox 470 667 539 716; x_wconf 93' lang='lat' dir='ltr'><strong>non</strong></span> <span class='ocrx_word' id='word_1_15' title='bbox 561 665 651 716; x_wconf 83' lang='lat' dir='ltr'><strong>scrae</strong></span> <span class='ocrx_word' id='word_1_16' title='bbox 673 644 894 737; x_wconf 74' lang='lat' dir='ltr'><strong>parsimoniae</strong></span> <span class='ocrx_word' id='word_1_17' title='bbox 916 655 1053 735; x_wconf 88' lang='lat' dir='ltr'><strong>tempus</strong></span> <span class='ocrx_word' id='word_1_18' title='bbox 1074 651 1138 714; x_wconf 91' lang='lat' dir='ltr'><strong>est.</strong></span> <span class='ocrx_word' id='word_1_19' title='bbox 1159 643 1228 714; x_wconf 90' lang='lat' dir='ltr'><strong>Sed</strong></span> <span class='ocrx_word' id='word_1_20' title='bbox 1244 642 1330 713; x_wconf 85' lang='lat' dir='ltr'><strong>tanti</strong></span> 
     </span>
     <span class='ocr_line' id='line_1_4' title="bbox 249 765 1329 858; baseline -0.008 -18"><span class='ocrx_word' id='word_1_21' title='bbox 249 771 348 841; x_wconf 86' lang='lat' dir='ltr'><strong>visus</strong></span> <span class='ocrx_word' id='word_1_22' title='bbox 369 782 423 840; x_wconf 89' lang='lat' dir='ltr'><strong>est</strong></span> <span class='ocrx_word' id='word_1_23' title='bbox 444 768 576 851; x_wconf 85' lang='lat' dir='ltr'><strong>Cicero,</strong></span> <span class='ocrx_word' id='word_1_24' title='bbox 601 766 656 838; x_wconf 91' lang='lat' dir='ltr'><strong>cui</strong></span> <span class='ocrx_word' id='word_1_25' title='bbox 676 766 781 839; x_wconf 89' lang='lat' dir='ltr'><strong>ctiam</strong></span> <span class='ocrx_word' id='word_1_26' title='bbox 807 765 851 837; x_wconf 91' lang='lat' dir='ltr'><strong>de</strong></span> <span class='ocrx_word' id='word_1_27' title='bbox 877 765 1022 837; x_wconf 90' lang='lat' dir='ltr'><strong>minimo</strong></span> <span class='ocrx_word' id='word_1_28' title='bbox 1042 774 1174 858; x_wconf 89' lang='lat' dir='ltr'><strong>partem</strong></span> <span class='ocrx_word' id='word_1_29' title='bbox 1196 765 1329 836; x_wconf 91' lang='lat' dir='ltr'><strong>darem.</strong></span> 
     </span>
     <span class='ocr_line' id='line_1_5' title="bbox 249 895 343 965; baseline -0.011 -2"><span class='ocrx_word' id='word_1_30' title='bbox 249 895 343 965; x_wconf 91' lang='lat' dir='ltr'><strong>Vale.</strong></span> 
     </span>
    </p>
   </div>
   <div class='ocr_carea' id='block_1_3' title="bbox 749 1019 828 1029">
    <p class='ocr_par' dir='ltr' id='par_1_3' title="bbox 749 1019 828 1029">
     <span class='ocr_line' id='line_1_6' title="bbox 749 1019 828 1029; baseline 0.013 -1"><span class='ocrx_word' id='word_1_31' title='bbox 749 1019 828 1029; x_wconf 80' lang='grc'><em>-..-..</em></span> 
     </span>
    </p>
   </div>
   <div class='ocr_carea' id='block_1_4' title="bbox 656 1205 925 1270">
    <p class='ocr_par' dir='ltr' id='par_1_4' title="bbox 656 1205 925 1270">
     <span class='ocr_line' id='line_1_7' title="bbox 656 1205 925 1270; baseline -0.015 0"><span class='ocrx_word' id='word_1_32' title='bbox 656 1205 836 1270; x_wconf 74' lang='lat' dir='ltr'>EPISTULA</span> <span class='ocrx_word' id='word_1_33' title='bbox 858 1205 925 1268; x_wconf 89' lang='lat' dir='ltr'><strong>Xlll.</strong></span> 
     </span>
    </p>
   </div>
   <div class='ocr_carea' id='block_1_5' title="bbox 136 1366 1331 1445">
    <p class='ocr_par' dir='ltr' id='par_1_5' title="bbox 136 1366 1331 1445">
     <span class='ocr_line' id='line_1_8' title="bbox 136 1366 1331 1445; baseline -0.009 -19"><span class='ocrx_word' id='word_1_34' title='bbox 136 1429 140 1445; x_wconf 44' lang='grc' dir='ltr'><strong><em>Ι</em></strong></span> <span class='ocrx_word' id='word_1_35' title='bbox 250 1374 444 1425; x_wconf 73' lang='lat' dir='ltr'><strong>FRANClSGUS</strong></span> <span class='ocrx_word' id='word_1_36' title='bbox 463 1372 633 1424; x_wconf 71' lang='lat' dir='ltr'><strong>perutiles</strong></span> <span class='ocrx_word' id='word_1_37' title='bbox 651 1370 756 1425; x_wconf 73' lang='lat' dir='ltr'><strong>caclo</strong></span> <span class='ocrx_word' id='word_1_38' title='bbox 773 1368 976 1420; x_wconf 77' lang='lat' dir='ltr'><strong>Bnuoounusl</strong></span> <span class='ocrx_word' id='word_1_39' title='bbox 993 1366 1201 1418; x_wconf 72' lang='lat' dir='ltr'>GRAMMATICO</span> <span class='ocrx_word' id='word_1_40' title='bbox 1216 1367 1242 1415; x_wconf 79' lang='lat' dir='ltr'><strong>S.</strong></span> <span class='ocrx_word' id='word_1_41' title='bbox 1259 1368 1287 1416; x_wconf 86' lang='lat' dir='ltr'><strong>P.</strong></span> <span class='ocrx_word' id='word_1_42' title='bbox 1301 1368 1331 1416; x_wconf 86' lang='lat' dir='ltr'><strong>lt.</strong></span> 
     </span>
    </p>
   </div>
   <div class='ocr_carea' id='block_1_6' title="bbox 315 1508 1270 1604">
    <p class='ocr_par' dir='ltr' id='par_1_6' title="bbox 315 1508 1270 1604">
     <span class='ocr_line' id='line_1_9' title="bbox 315 1508 1270 1604; baseline -0.008 -16"><span class='ocrx_word' id='word_1_43' title='bbox 315 1534 398 1600; x_wconf 88' lang='lat' dir='ltr'><strong>Petit,</strong></span> <span class='ocrx_word' id='word_1_44' title='bbox 414 1534 437 1588; x_wconf 91' lang='lat' dir='ltr'><strong>si</strong></span> <span class='ocrx_word' id='word_1_45' title='bbox 452 1549 514 1604; x_wconf 86' lang='lat' dir='ltr'><strong>quae</strong></span> <span class='ocrx_word' id='word_1_46' title='bbox 528 1531 639 1600; x_wconf 83' lang='lat' dir='ltr'><strong>habeat,</strong></span> <span class='ocrx_word' id='word_1_47' title='bbox 654 1531 756 1601; x_wconf 85' lang='lat' dir='ltr'><strong>scripta</strong></span> <span class='ocrx_word' id='word_1_48' title='bbox 771 1527 921 1596; x_wconf 60' lang='lat' dir='ltr'><strong>Ciceronis</strong></span> <span class='ocrx_word' id='word_1_49' title='bbox 937 1508 1021 1598; x_wconf 66' lang='lat' dir='ltr'><strong>duem</strong></span> <span class='ocrx_word' id='word_1_50' title='bbox 1036 1525 1165 1581; x_wconf 87' lang='lat' dir='ltr'><strong>laudibus</strong></span> <span class='ocrx_word' id='word_1_51' title='bbox 1178 1525 1270 1581; x_wconf 83' lang='lat' dir='ltr'><strong>effert.</strong></span> 
     </span>
    </p>
   </div>
   <div class='ocr_carea' id='block_1_7' title="bbox 248 1738 1335 2203">
    <p class='ocr_par' dir='ltr' id='par_1_7' title="bbox 248 1738 1335 2203">
     <span class='ocr_line' id='line_1_10' title="bbox 348 1738 1333 1835; baseline 0 -23"><span class='ocrx_word' id='word_1_52' title='bbox 348 1745 454 1813; x_wconf 86' lang='lat' dir='ltr'><strong>Fama</strong></span> <span class='ocrx_word' id='word_1_53' title='bbox 470 1743 636 1835; x_wconf 90' lang='lat' dir='ltr'><strong>loquitur,</strong></span> <span class='ocrx_word' id='word_1_54' title='bbox 657 1742 856 1814; x_wconf 85' lang='lat' dir='ltr'><strong>Ciceronem</strong></span> <span class='ocrx_word' id='word_1_55' title='bbox 874 1743 964 1813; x_wconf 90' lang='lat' dir='ltr'><strong>inter</strong></span> <span class='ocrx_word' id='word_1_56' title='bbox 979 1760 1101 1812; x_wconf 90' lang='lat' dir='ltr'><strong>omnes</strong></span> <span class='ocrx_word' id='word_1_57' title='bbox 1118 1759 1210 1812; x_wconf 88' lang='lat' dir='ltr'><strong>nunc</strong></span> <span class='ocrx_word' id='word_1_58' title='bbox 1228 1738 1333 1812; x_wconf 86' lang='lat' dir='ltr'><strong>italos</strong></span> 
     </span>
     <span class='ocr_line' id='line_1_11' title="bbox 248 1863 1335 1968; baseline -0.002 -32"><span class='ocrx_word' id='word_1_59' title='bbox 248 1863 451 1936; x_wconf 85' lang='lat' dir='ltr'><strong>familiarem</strong></span> <span class='ocrx_word' id='word_1_60' title='bbox 466 1863 527 1934; x_wconf 92' lang='lat' dir='ltr'><strong>tihi</strong></span> <span class='ocrx_word' id='word_1_61' title='bbox 540 1872 645 1968; x_wconf 71' lang='lat' dir='ltr'><strong>atque</strong></span> <span class='ocrx_word' id='word_1_62' title='bbox 658 1863 831 1957; x_wconf 82' lang='lat' dir='ltr'><strong>hospitem</strong></span> <span class='ocrx_word' id='word_1_63' title='bbox 847 1865 935 1947; x_wconf 88' lang='lat' dir='ltr'><strong>fore,</strong></span> <span class='ocrx_word' id='word_1_64' title='bbox 951 1873 986 1934; x_wconf 89' lang='lat' dir='ltr'><strong>et</strong></span> <span class='ocrx_word' id='word_1_65' title='bbox 1002 1881 1112 1956; x_wconf 90' lang='lat' dir='ltr'><strong>penes</strong></span> <span class='ocrx_word' id='word_1_66' title='bbox 1130 1870 1165 1932; x_wconf 90' lang='lat' dir='ltr'><strong>te</strong></span> <span class='ocrx_word' id='word_1_67' title='bbox 1182 1864 1335 1954; x_wconf 90' lang='lat' dir='ltr'><strong>permul-</strong></span> 
     </span>
     <span class='ocr_line' id='line_1_12' title="bbox 249 1982 1330 2079; baseline -0.002 -21"><span class='ocrx_word' id='word_1_68' title='bbox 249 1997 303 2059; x_wconf 91' lang='lat' dir='ltr'><strong>tos</strong></span> <span class='ocrx_word' id='word_1_69' title='bbox 324 1986 538 2079; x_wconf 89' lang='lat' dir='ltr'><strong>eosdemque</strong></span> <span class='ocrx_word' id='word_1_70' title='bbox 558 2007 721 2079; x_wconf 89' lang='lat' dir='ltr'><strong>perraros</strong></span> <span class='ocrx_word' id='word_1_71' title='bbox 743 1984 836 2056; x_wconf 91' lang='lat' dir='ltr'><strong>illius</strong></span> <span class='ocrx_word' id='word_1_72' title='bbox 857 1982 987 2076; x_wconf 84' lang='lat' dir='ltr'><strong>ingenii</strong></span> <span class='ocrx_word' id='word_1_73' title='bbox 1010 1982 1117 2056; x_wconf 89' lang='lat' dir='ltr'><strong>libros</strong></span> <span class='ocrx_word' id='word_1_74' title='bbox 1139 2005 1231 2058; x_wconf 86' lang='lat' dir='ltr'><strong>esse.</strong></span> <span class='ocrx_word' id='word_1_75' title='bbox 1258 1984 1330 2056; x_wconf 86' lang='lat' dir='ltr'><strong>Oh!</strong></span> 
     </span>
     <span class='ocr_line' id='line_1_13' title="bbox 249 2105 1335 2203; baseline -0.005 -22"><span class='ocrx_word' id='word_1_76' title='bbox 249 2119 344 2181; x_wconf 92' lang='lat' dir='ltr'><strong>tanto</strong></span> <span class='ocrx_word' id='word_1_77' title='bbox 357 2108 440 2180; x_wconf 84' lang='lat' dir='ltr'><strong>felix.</strong></span> <span class='ocrx_word' id='word_1_78' title='bbox 452 2108 722 2203; x_wconf 88' lang='lat' dir='ltr'><strong>hospite,mult0</strong></span> <span class='ocrx_word' id='word_1_79' title='bbox 739 2117 834 2180; x_wconf 87' lang='lat' dir='ltr'><strong>certe</strong></span> <span class='ocrx_word' id='word_1_80' title='bbox 846 2105 976 2180; x_wconf 82' lang='lat' dir='ltr'><strong>felicior</strong></span> <span class='ocrx_word' id='word_1_81' title='bbox 988 2105 1335 2198; x_wconf 78' lang='lat' dir='ltr'><strong>quamlivanderhl-</strong></span> 
     </span>
    </p>
   </div>
   <div class='ocr_carea' id='block_1_8' title="bbox 248 2227 1335 2322">
    <p class='ocr_par' dir='ltr' id='par_1_8' title="bbox 248 2227 1335 2322">
     <span class='ocr_line' id='line_1_14' title="bbox 248 2227 1335 2322; baseline -0.004 -20"><span class='ocrx_word' id='word_1_82' title='bbox 248 2233 337 2304; x_wconf 90' lang='lat' dir='ltr'><strong>cide.</strong></span> <span class='ocrx_word' id='word_1_83' title='bbox 360 2230 450 2314; x_wconf 86' lang='lat' dir='ltr'><strong>Quid</strong></span> <span class='ocrx_word' id='word_1_84' title='bbox 472 2230 564 2302; x_wconf 91' lang='lat' dir='ltr'><strong>enim</strong></span> <span class='ocrx_word' id='word_1_85' title='bbox 579 2230 752 2303; x_wconf 86' lang='lat' dir='ltr'><strong>Ciceronis</strong></span> <span class='ocrx_word' id='word_1_86' title='bbox 770 2230 909 2322; x_wconf 89' lang='lat' dir='ltr'><strong>eloquio</strong></span> <span class='ocrx_word' id='word_1_87' title='bbox 926 2249 989 2321; x_wconf 87' lang='lat' dir='ltr'><strong>par</strong></span> <span class='ocrx_word' id='word_1_88' title='bbox 1005 2227 1209 2300; x_wconf 88' lang='lat' dir='ltr'><strong>herculeum</strong></span> <span class='ocrx_word' id='word_1_89' title='bbox 1227 2227 1335 2300; x_wconf 88' lang='lat' dir='ltr'><strong>robur</strong></span> 
     </span>
    </p>
   </div>
   <div class='ocr_carea' id='block_1_9' title="bbox 249 2352 378 2425">
    <p class='ocr_par' dir='ltr' id='par_1_9' title="bbox 249 2352 378 2425">
     <span class='ocr_line' id='line_1_15' title="bbox 249 2352 378 2425; baseline -0.016 -2"><span class='ocrx_word' id='word_1_90' title='bbox 249 2352 378 2425; x_wconf 81' lang='lat' dir='ltr'><strong>hahet?</strong></span> 
     </span>
    </p>
   </div>
   <div class='ocr_carea' id='block_1_10' title="bbox 409 2473 1209 2637">
    <p class='ocr_par' dir='ltr' id='par_1_10' title="bbox 409 2473 1209 2637">
     <span class='ocr_line' id='line_1_16' title="bbox 409 2473 1209 2554; baseline -0.004 -15"><span class='ocrx_word' id='word_1_91' title='bbox 409 2474 525 2538; x_wconf 83' lang='lat' dir='ltr'><strong>Fixerit</strong></span> <span class='ocrx_word' id='word_1_92' title='bbox 541 2473 705 2554; x_wconf 82' lang='lat' dir='ltr'><strong>aeripeoom</strong></span> <span class='ocrx_word' id='word_1_93' title='bbox 721 2489 846 2536; x_wconf 82' lang='lat' dir='ltr'><strong>cervam</strong></span> <span class='ocrx_word' id='word_1_94' title='bbox 864 2473 945 2550; x_wconf 85' lang='lat' dir='ltr'><strong>lieet,</strong></span> <span class='ocrx_word' id='word_1_95' title='bbox 962 2477 1015 2536; x_wconf 88' lang='lat' dir='ltr'><strong>aut</strong></span> <span class='ocrx_word' id='word_1_96' title='bbox 1030 2473 1209 2552; x_wconf 80' lang='lat' dir='ltr'><strong>Erymanthi</strong></span> 
     </span>
     <span class='ocr_line' id='line_1_17' title="bbox 411 2571 1192 2637; baseline -0.001 -1"><span class='ocrx_word' id='word_1_97' title='bbox 411 2573 529 2636; x_wconf 87' lang='lat' dir='ltr'><strong>Pacarit</strong></span> <span class='ocrx_word' id='word_1_98' title='bbox 545 2587 671 2637; x_wconf 87' lang='lat' dir='ltr'><strong>nemora</strong></span> <span class='ocrx_word' id='word_1_99' title='bbox 688 2577 718 2636; x_wconf 89' lang='lat' dir='ltr'><strong>et</strong></span> <span class='ocrx_word' id='word_1_100' title='bbox 734 2571 866 2636; x_wconf 87' lang='lat' dir='ltr'><strong>Lernam</strong></span> <span class='ocrx_word' id='word_1_101' title='bbox 881 2571 1087 2635; x_wconf 80' lang='lat' dir='ltr'><strong>tremefecerit</strong></span> <span class='ocrx_word' id='word_1_102' title='bbox 1102 2587 1192 2636; x_wconf 87' lang='lat' dir='ltr'><strong>arcu:</strong></span> 
     </span>
    </p>
   </div>
   <div class='ocr_carea' id='block_1_11' title="bbox 225 2719 1337 4288">
    <p class='ocr_par' dir='ltr' id='par_1_11' title="bbox 225 2719 1337 4288">
     <span class='ocr_line' id='line_1_18' title="bbox 248 2719 1334 2817; baseline -0.006 -21"><span class='ocrx_word' id='word_1_103' title='bbox 248 2723 475 2817; x_wconf 88' lang='lat' dir='ltr'><strong>quantumvis</strong></span> <span class='ocrx_word' id='word_1_104' title='bbox 519 2722 655 2795; x_wconf 89' lang='lat' dir='ltr'><strong>labores</strong></span> <span class='ocrx_word' id='word_1_105' title='bbox 705 2719 860 2792; x_wconf 87' lang='lat' dir='ltr'><strong>herculei</strong></span> <span class='ocrx_word' id='word_1_106' title='bbox 900 2719 1141 2805; x_wconf 85' lang='lat' dir='ltr'><strong>celebrentur,</strong></span> <span class='ocrx_word' id='word_1_107' title='bbox 1184 2720 1214 2793; x_wconf 91' lang='lat' dir='ltr'><strong>si</strong></span> <span class='ocrx_word' id='word_1_108' title='bbox 1255 2723 1334 2814; x_wconf 89' lang='lat' dir='ltr'><strong>qni-</strong></span> 
     </span>
     <span class='ocr_line' id='line_1_19' title="bbox 249 2843 1331 2943; baseline -0.005 -23"><span class='ocrx_word' id='word_1_109' title='bbox 249 2849 330 2939; x_wconf 88' lang='lat' dir='ltr'><strong>dem</strong></span> <span class='ocrx_word' id='word_1_110' title='bbox 352 2847 558 2943; x_wconf 88' lang='lat' dir='ltr'><strong>profundius</strong></span> <span class='ocrx_word' id='word_1_111' title='bbox 578 2861 702 2918; x_wconf 86' lang='lat' dir='ltr'><strong>verum</strong></span> <span class='ocrx_word' id='word_1_112' title='bbox 729 2863 884 2937; x_wconf 86' lang='lat' dir='ltr'><strong>quaeras,</strong></span> <span class='ocrx_word' id='word_1_113' title='bbox 911 2843 967 2914; x_wconf 86' lang='lat' dir='ltr'><strong>ille</strong></span> <span class='ocrx_word' id='word_1_114' title='bbox 998 2864 1125 2938; x_wconf 87' lang='lat' dir='ltr'><strong>eorpus</strong></span> <span class='ocrx_word' id='word_1_115' title='bbox 1151 2845 1331 2929; x_wconf 86' lang='lat' dir='ltr'><strong>exercuit,</strong></span> 
     </span>
     <span class='ocr_line' id='line_1_20' title="bbox 225 2964 1334 3065; baseline -0.001 -26"><span class='ocrx_word' id='word_1_116' title='bbox 225 3054 229 3065; x_wconf 27' lang='grc' dir='ltr'>ι</span> <span class='ocrx_word' id='word_1_117' title='bbox 249 2969 306 3040; x_wconf 92' lang='lat' dir='ltr'><strong>hic</strong></span> <span class='ocrx_word' id='word_1_118' title='bbox 327 2968 574 3065; x_wconf 88' lang='lat' dir='ltr'><strong>animum‚ille</strong></span> <span class='ocrx_word' id='word_1_119' title='bbox 595 2966 733 3038; x_wconf 89' lang='lat' dir='ltr'><strong>lacertis</strong></span> <span class='ocrx_word' id='word_1_120' title='bbox 754 2964 875 3049; x_wconf 87' lang='lat' dir='ltr'><strong>valuit,</strong></span> <span class='ocrx_word' id='word_1_121' title='bbox 895 2965 951 3037; x_wconf 89' lang='lat' dir='ltr'><strong>hie</strong></span> <span class='ocrx_word' id='word_1_122' title='bbox 968 2967 1103 3058; x_wconf 82' lang='lat' dir='ltr'><strong>lingua,</strong></span> <span class='ocrx_word' id='word_1_123' title='bbox 1121 2967 1178 3038; x_wconf 93' lang='lat' dir='ltr'><strong>ille</strong></span> <span class='ocrx_word' id='word_1_124' title='bbox 1192 2977 1334 3060; x_wconf 90' lang='lat' dir='ltr'><strong>porten-</strong></span> 
     </span>
     <span class='ocr_line' id='line_1_21' title="bbox 225 3085 1335 3182; baseline 0.003 -22"><span class='ocrx_word' id='word_1_125' title='bbox 225 3085 365 3169; x_wconf 78' lang='lat' dir='ltr'><strong>{torum</strong></span> <span class='ocrx_word' id='word_1_126' title='bbox 386 3090 479 3182; x_wconf 89' lang='lat' dir='ltr'><strong>apud</strong></span> <span class='ocrx_word' id='word_1_127' title='bbox 498 3087 634 3172; x_wconf 86' lang='lat' dir='ltr'><strong>Graios,</strong></span> <span class='ocrx_word' id='word_1_128' title='bbox 661 3088 718 3159; x_wconf 90' lang='lat' dir='ltr'><strong>hic</strong></span> <span class='ocrx_word' id='word_1_129' title='bbox 743 3109 813 3181; x_wconf 94' lang='lat' dir='ltr'><strong>quo</strong></span> <span class='ocrx_word' id='word_1_130' title='bbox 838 3091 970 3161; x_wconf 91' lang='lat' dir='ltr'><strong>nullum</strong></span> <span class='ocrx_word' id='word_1_131' title='bbox 997 3090 1213 3182; x_wconf 87' lang='lat' dir='ltr'><strong>pestilentius</strong></span> <span class='ocrx_word' id='word_1_132' title='bbox 1234 3113 1335 3163; x_wconf 89' lang='lat' dir='ltr'><strong>mon-</strong></span> 
     </span>
     <span class='ocr_line' id='line_1_22' title="bbox 229 3189 1333 3304; baseline 0.005 -22"><span class='ocrx_word' id='word_1_133' title='bbox 229 3243 233 3300; x_wconf 74' lang='lat'>2</span> <span class='ocrx_word' id='word_1_134' title='bbox 252 3220 363 3282; x_wconf 89' lang='lat' dir='ltr'><strong>strum</strong></span> <span class='ocrx_word' id='word_1_135' title='bbox 377 3219 440 3296; x_wconf 88' lang='lat' dir='ltr'><strong>cst,</strong></span> <span class='ocrx_word' id='word_1_136' title='bbox 456 3232 606 3304; x_wconf 81' lang='lat' dir='ltr'><strong>magnus</strong></span> <span class='ocrx_word' id='word_1_137' title='bbox 629 3210 723 3304; x_wconf 89' lang='lat' dir='ltr'><strong>apud</strong></span> <span class='ocrx_word' id='word_1_138' title='bbox 739 3232 804 3282; x_wconf 92' lang='lat' dir='ltr'><strong>nos</strong></span> <span class='ocrx_word' id='word_1_139' title='bbox 821 3211 1027 3302; x_wconf 75' lang='lat' dir='ltr'><strong>ignorantia</strong></span> <span class='ocrx_word' id='word_1_140' title='bbox 1043 3212 1156 3285; x_wconf 91' lang='lat' dir='ltr'><strong>victor</strong></span> <span class='ocrx_word' id='word_1_141' title='bbox 1171 3189 1245 3286; x_wconf 86' lang='lat' dir='ltr'><strong>fuit.</strong></span> <span class='ocrx_word' id='word_1_142' title='bbox 1264 3215 1333 3288; x_wconf 90' lang='lat' dir='ltr'><strong>Sed</strong></span> 
     </span>
     <span class='ocr_line' id='line_1_23' title="bbox 230 3331 1333 3420; baseline 0.004 -16"><span class='ocrx_word' id='word_1_143' title='bbox 230 3331 294 3405; x_wconf 78' lang='lat' dir='ltr'><strong>&#39;ne</strong></span> <span class='ocrx_word' id='word_1_144' title='bbox 313 3333 543 3407; x_wconf 88' lang='lat' dir='ltr'><strong>laudatissimi</strong></span> <span class='ocrx_word' id='word_1_145' title='bbox 564 3333 713 3406; x_wconf 87' lang='lat' dir='ltr'><strong>hominis</strong></span> <span class='ocrx_word' id='word_1_146' title='bbox 733 3334 769 3404; x_wconf 93' lang='lat' dir='ltr'><strong>in</strong></span> <span class='ocrx_word' id='word_1_147' title='bbox 790 3335 892 3406; x_wconf 89' lang='lat' dir='ltr'><strong>laude</strong></span> <span class='ocrx_word' id='word_1_148' title='bbox 906 3333 1082 3420; x_wconf 86' lang='lat' dir='ltr'><strong>deficiam,</strong></span> <span class='ocrx_word' id='word_1_149' title='bbox 1104 3347 1165 3410; x_wconf 92' lang='lat' dir='ltr'><strong>aut</strong></span> <span class='ocrx_word' id='word_1_150' title='bbox 1181 3339 1333 3408; x_wconf 86' lang='lat' dir='ltr'><strong>fortasse</strong></span> 
     </span>
     <span class='ocr_line' id='line_1_24' title="bbox 252 3456 1334 3548; baseline 0.004 -21"><span class='ocrx_word' id='word_1_151' title='bbox 252 3456 313 3528; x_wconf 93' lang='lat' dir='ltr'><strong>tibi</strong></span> <span class='ocrx_word' id='word_1_152' title='bbox 331 3456 591 3530; x_wconf 86' lang='lat' dir='ltr'><strong>notissimarum</strong></span> <span class='ocrx_word' id='word_1_153' title='bbox 613 3477 730 3526; x_wconf 88' lang='lat' dir='ltr'><strong>rarum</strong></span> <span class='ocrx_word' id='word_1_154' title='bbox 756 3457 1028 3548; x_wconf 80' lang='lat' dir='ltr'><strong>exaggeratione</strong></span> <span class='ocrx_word' id='word_1_155' title='bbox 1047 3458 1189 3532; x_wconf 90' lang='lat' dir='ltr'><strong>fastidio</strong></span> <span class='ocrx_word' id='word_1_156' title='bbox 1210 3459 1285 3543; x_wconf 89' lang='lat' dir='ltr'><strong>sim,</strong></span> <span class='ocrx_word' id='word_1_157' title='bbox 1311 3482 1334 3531; x_wconf 89' lang='lat' dir='ltr'><strong>a</strong></span> 
     </span>
     <span class='ocr_line' id='line_1_25' title="bbox 251 3577 1333 3674; baseline 0.005 -24"><span class='ocrx_word' id='word_1_158' title='bbox 251 3580 413 3652; x_wconf 90' lang='lat' dir='ltr'><strong>laudibus</strong></span> <span class='ocrx_word' id='word_1_159' title='bbox 431 3599 558 3652; x_wconf 85' lang='lat' dir='ltr'><strong>versus</strong></span> <span class='ocrx_word' id='word_1_160' title='bbox 572 3578 607 3650; x_wconf 95' lang='lat' dir='ltr'><strong>in</strong></span> <span class='ocrx_word' id='word_1_161' title='bbox 620 3599 755 3671; x_wconf 86' lang='lat' dir='ltr'><strong>preces,</strong></span> <span class='ocrx_word' id='word_1_162' title='bbox 771 3590 805 3652; x_wconf 89' lang='lat' dir='ltr'><strong>tc</strong></span> <span class='ocrx_word' id='word_1_163' title='bbox 822 3577 914 3654; x_wconf 82' lang='lat' dir='ltr'><strong>nunc</strong></span> <span class='ocrx_word' id='word_1_164' title='bbox 930 3581 1016 3654; x_wconf 89' lang='lat' dir='ltr'><strong>facie</strong></span> <span class='ocrx_word' id='word_1_165' title='bbox 1035 3580 1116 3654; x_wconf 89' lang='lat' dir='ltr'><strong>licat</strong></span> <span class='ocrx_word' id='word_1_166' title='bbox 1136 3581 1333 3674; x_wconf 83' lang='lat' dir='ltr'><strong>incognitus</strong></span> 
     </span>
     <span class='ocr_line' id='line_1_26' title="bbox 254 3699 1335 3799; baseline 0.006 -27"><span class='ocrx_word' id='word_1_167' title='bbox 254 3724 337 3795; x_wconf 80' lang='lat' dir='ltr'><strong>rogo</strong></span> <span class='ocrx_word' id='word_1_168' title='bbox 363 3712 402 3774; x_wconf 91' lang='lat' dir='ltr'><strong>ut</strong></span> <span class='ocrx_word' id='word_1_169' title='bbox 423 3725 478 3774; x_wconf 91' lang='lat' dir='ltr'><strong>me</strong></span> <span class='ocrx_word' id='word_1_170' title='bbox 498 3699 654 3795; x_wconf 88' lang='lat' dir='ltr'><strong>quolibet</strong></span> <span class='ocrx_word' id='word_1_171' title='bbox 672 3699 777 3771; x_wconf 90' lang='lat' dir='ltr'><strong>modo</strong></span> <span class='ocrx_word' id='word_1_172' title='bbox 794 3700 911 3773; x_wconf 93' lang='lat' dir='ltr'><strong>visum</strong></span> <span class='ocrx_word' id='word_1_173' title='bbox 927 3703 1007 3787; x_wconf 91' lang='lat' dir='ltr'><strong>erit,</strong></span> <span class='ocrx_word' id='word_1_174' title='bbox 1026 3703 1094 3776; x_wconf 91' lang='lat' dir='ltr'><strong>nisi</strong></span> <span class='ocrx_word' id='word_1_175' title='bbox 1115 3725 1261 3799; x_wconf 87' lang='lat' dir='ltr'><strong>prorsus</strong></span> <span class='ocrx_word' id='word_1_176' title='bbox 1281 3705 1335 3778; x_wconf 91' lang='lat' dir='ltr'><strong>iu·</strong></span> 
     </span>
     <span class='ocr_line' id='line_1_27' title="bbox 252 3822 1334 3920; baseline 0.004 -26"><span class='ocrx_word' id='word_1_177' title='bbox 252 3823 397 3915; x_wconf 83' lang='lat' dir='ltr'><strong>dignum</strong></span> <span class='ocrx_word' id='word_1_178' title='bbox 418 3844 555 3906; x_wconf 71' lang='lat' dir='ltr'><strong>censes</strong></span> <span class='ocrx_word' id='word_1_179' title='bbox 575 3822 658 3895; x_wconf 87' lang='lat' dir='ltr'><strong>tanti</strong></span> <span class='ocrx_word' id='word_1_180' title='bbox 680 3823 827 3916; x_wconf 88' lang='lat' dir='ltr'><strong>hospitis</strong></span> <span class='ocrx_word' id='word_1_181' title='bbox 850 3825 1051 3920; x_wconf 86' lang='lat' dir='ltr'><strong>participem</strong></span> <span class='ocrx_word' id='word_1_182' title='bbox 1070 3827 1170 3900; x_wconf 88' lang='lat' dir='ltr'><strong>velis.</strong></span> <span class='ocrx_word' id='word_1_183' title='bbox 1189 3828 1260 3899; x_wconf 88' lang='lat' dir='ltr'><strong>Nec</strong></span> <span class='ocrx_word' id='word_1_184' title='bbox 1277 3827 1334 3898; x_wconf 89' lang='lat' dir='ltr'><strong>illc</strong></span> 
     </span>
     <span class='ocr_line' id='line_1_28' title="bbox 253 3945 1336 4042; baseline 0.009 -29"><span class='ocrx_word' id='word_1_185' title='bbox 253 3947 340 4018; x_wconf 89' lang='lat' dir='ltr'><strong>forte</strong></span> <span class='ocrx_word' id='word_1_186' title='bbox 359 3945 461 4018; x_wconf 89' lang='lat' dir='ltr'><strong>limen</strong></span> <span class='ocrx_word' id='word_1_187' title='bbox 478 3946 664 4030; x_wconf 85' lang='lat' dir='ltr'><strong>horruerit,</strong></span> <span class='ocrx_word' id='word_1_188' title='bbox 684 3969 748 4020; x_wconf 89' lang='lat' dir='ltr'><strong>nec</strong></span> <span class='ocrx_word' id='word_1_189' title='bbox 767 3946 828 4018; x_wconf 90' lang='lat' dir='ltr'><strong>tihi</strong></span> <span class='ocrx_word' id='word_1_190' title='bbox 845 3949 969 4042; x_wconf 89' lang='lat' dir='ltr'><strong>pudori</strong></span> <span class='ocrx_word' id='word_1_191' title='bbox 986 3951 1091 4023; x_wconf 89' lang='lat' dir='ltr'><strong>fuerit</strong></span> <span class='ocrx_word' id='word_1_192' title='bbox 1111 3951 1241 4024; x_wconf 89' lang='lat' dir='ltr'><strong>nostris</strong></span> <span class='ocrx_word' id='word_1_193' title='bbox 1261 3960 1336 4022; x_wconf 88' lang='lat' dir='ltr'><strong>stu-</strong></span> 
     </span>
     <span class='ocr_line' id='line_1_29' title="bbox 253 4064 1337 4164; baseline 0.012 -35"><span class='ocrx_word' id='word_1_194' title='bbox 253 4064 320 4134; x_wconf 89' lang='lat' dir='ltr'><strong>diis</strong></span> <span class='ocrx_word' id='word_1_195' title='bbox 338 4067 505 4136; x_wconf 88' lang='lat' dir='ltr'><strong>auxilium</strong></span> <span class='ocrx_word' id='word_1_196' title='bbox 523 4067 692 4140; x_wconf 90' lang='lat' dir='ltr'><strong>attulisse.</strong></span> <span class='ocrx_word' id='word_1_197' title='bbox 709 4068 785 4152; x_wconf 87' lang='lat' dir='ltr'><strong>Qua</strong></span> <span class='ocrx_word' id='word_1_198' title='bbox 802 4072 835 4140; x_wconf 92' lang='lat' dir='ltr'><strong>in</strong></span> <span class='ocrx_word' id='word_1_199' title='bbox 855 4093 892 4143; x_wconf 89' lang='lat' dir='ltr'><strong>re</strong></span> <span class='ocrx_word' id='word_1_200' title='bbox 909 4072 1004 4164; x_wconf 87' lang='lat' dir='ltr'><strong>quod</strong></span> <span class='ocrx_word' id='word_1_201' title='bbox 1022 4072 1105 4144; x_wconf 85' lang='lat' dir='ltr'><strong>huic</strong></span> <span class='ocrx_word' id='word_1_202' title='bbox 1122 4073 1256 4144; x_wconf 88' lang='lat' dir='ltr'><strong>calamo</strong></span> <span class='ocrx_word' id='word_1_203' title='bbox 1273 4070 1337 4142; x_wconf 90' lang='lat' dir='ltr'><strong>de·</strong></span> 
     </span>
     <span class='ocr_line' id='line_1_30' title="bbox 254 4181 1309 4288; baseline 0.023 -43"><span class='ocrx_word' id='word_1_204' title='bbox 254 4181 368 4264; x_wconf 87' lang='lat' dir='ltr'><strong>fucrit,</strong></span> <span class='ocrx_word' id='word_1_205' title='bbox 388 4187 581 4260; x_wconf 86' lang='lat' dir='ltr'><strong>communis</strong></span> <span class='ocrx_word' id='word_1_206' title='bbox 603 4189 707 4262; x_wconf 91' lang='lat' dir='ltr'><strong>huius</strong></span> <span class='ocrx_word' id='word_1_207' title='bbox 728 4191 827 4263; x_wconf 85' lang='lat' dir='ltr'><strong>amici</strong></span> <span class='ocrx_word' id='word_1_208' title='bbox 848 4213 935 4266; x_wconf 89' lang='lat' dir='ltr'><strong>voce</strong></span> <span class='ocrx_word' id='word_1_209' title='bbox 957 4195 1188 4288; x_wconf 78' lang='lat' dir='ltr'><strong>supplebitur.</strong></span> <span class='ocrx_word' id='word_1_210' title='bbox 1216 4193 1309 4269; x_wconf 91' lang='lat' dir='ltr'><strong>Vale.</strong></span> 
     </span>
    </p>
   </div>
   <div class='ocr_carea' id='block_1_12' title="bbox 0 0 1524 4802">
    <p class='ocr_par' dir='ltr' id='par_1_12' title="bbox 0 0 1524 4802">
     <span class='ocr_line' id='line_1_31' title="bbox 0 0 1524 4802; baseline 0 0"><span class='ocrx_word' id='word_1_211' title='bbox 0 0 1524 4802; x_wconf 95' lang='lat' dir='ltr'><strong> </strong></span> 
     </span>
    </p>
   </div>
  </div>
 </body>
</html>
