2988 4800
423 408 515 458 cmsn
537 407 940 462 enuncians-erismae
961 413 980 462 1.
1174 403 1231 465 105

153 556 304 632 matura,
328 545 391 618 sed
410 537 522 618 dulcis
542 547 688 618 Laureae
705 545 876 641 cupiditas
893 548 1044 621 attraxit.
1067 549 1170 622 Tertii
1190 571 1232 622 ac

152 670 267 762 quarti
284 667 418 741 itineris
433 689 541 741 causa
557 668 622 740 fuit
637 669 821 742 illustrium
839 669 1026 742 amicorum
1043 670 1229 761 miseratio,

151 791 1230 890 quorumtuucdeiectismiserabilibusque·fortunis,impares
1283 837 1287 846 .

150 917 242 1001 lieet,
271 917 438 988 humeros
466 915 654 988 admovere
683 936 753 986 non
786 915 894 987 timui.
921 918 1002 989 Haec
1029 919 1111 990 mihi
1138 943 1230 993 nunc

150 1039 294 1132 quinta,
316 1037 396 1133 quis
414 1039 479 1111 scit
495 1059 539 1110 au
556 1047 590 1110 et
607 1037 812 1124 novissima,
834 1033 1065 1134 peregrinatio
1087 1061 1229 1114 romana

150 1169 216 1245 est,
234 1168 331 1232 tanto
347 1159 483 1232 caeteris
504 1158 640 1244 felicior,
662 1170 792 1252 quanto
812 1160 1016 1252 generosior
1031 1172 1088 1235 est
1103 1163 1229 1236 animae

151 1304 236 1354 cura
257 1304 363 1376 quam
383 1280 553 1375 corporis,
579 1291 778 1376 quantoque
804 1282 986 1376 optabilior
1016 1295 1147 1358 aeterna
1173 1307 1229 1360 sa-

151 1406 205 1478 lus
223 1427 332 1498 quam
349 1404 504 1478 mortalis
521 1403 641 1498 gloria.
661 1403 756 1476 Talia
769 1405 993 1498 cogitantem,
1008 1418 1051 1494 et,
1067 1410 1227 1503 quamvis

150 1529 185 1599 in
207 1528 360 1612 silentio,
381 1529 454 1600 Deo
478 1527 609 1622 gratias
629 1536 805 1624 agentem,
834 1527 987 1622 religiosi
1014 1529 1106 1603 illius
1126 1533 1226 1604 ouius

152 1673 259 1747 supra
279 1650 488 1724 mentionem
504 1650 569 1724 feci
589 1660 625 1722 et
644 1650 824 1742 grandaevi
841 1650 978 1724 abbatis
1002 1673 1134 1747 equus,
1167 1656 1227 1748 qui

150 1776 234 1846 mibi
259 1778 334 1846 loco
354 1775 495 1867 quidem
528 1774 677 1848 sinister
699 1773 783 1858 ibat,
818 1775 882 1848 sed
914 1777 1023 1850 multo
1053 1777 1226 1850 sinistrior

149 1907 294 1986 eventu,
315 1919 445 1992 equum
465 1919 595 1983 meum,
619 1906 657 1970 ut
676 1897 786 1983 aiunt,
805 1898 908 1996 ferire
924 1901 1060 1986 volens,
1079 1923 1137 1974 me
1156 1924 1226 1996 qua

149 2020 244 2092 tibiae
265 2022 387 2114 poples
408 2019 573 2114 iungitur,
591 2029 687 2093 tanta
708 2021 745 2092 vi
761 2021 945 2115 percussit,
964 2033 1004 2093 ut
1023 2022 1146 2115 ingens
1164 2047 1226 2096 ve-

148 2145 197 2216 lut
216 2146 405 2216 fractorum
427 2165 534 2217 sonus
555 2142 688 2216 ossium
709 2145 836 2216 multos
856 2144 973 2227 etiam,
988 2145 1048 2237 qui
1065 2145 1222 2232 aberant,

148 2267 192 2339 ad
213 2268 448 2360 spectaculum
469 2275 641 2340 evocaret.
660 2268 784 2338 Dolore
802 2275 914 2338 tactus
931 2265 1123 2338 incredibili
1141 2266 1224 2338 sub-

149 2389 273 2462 sistere
294 2389 407 2485 primo
427 2389 614 2463 meditatus
635 2412 730 2462 sum:
751 2389 827 2483 ipse
848 2410 904 2460 me
921 2391 1018 2462 locus
1038 2391 1222 2463 exterruit:

147 2512 355 2586 necessitate
371 2513 477 2606 igitur
493 2512 527 2584 in
544 2513 708 2586 virtutem
725 2533 843 2598 versa,
860 2533 938 2586 sero
953 2512 1154 2600 Viterbium,
1170 2524 1223 2586 at-

147 2659 214 2730 que
235 2635 316 2710 inde
337 2637 401 2708 vix
419 2637 477 2710 die
498 2636 598 2710 tertio
612 2637 756 2710 Romam
776 2635 884 2730 attigi.
906 2638 984 2721 Illic,
1000 2637 1145 2710 medicis
1164 2660 1224 2711 ac-

146 2758 232 2842 citis,
247 2779 288 2831 os
305 2760 480 2832 detectum
497 2769 601 2852 atque
617 2755 777 2829 horrifice
794 2757 948 2829 albicans
965 2757 1109 2830 dubium
1127 2769 1222 2832 anet

145 2883 307 2966 fractum;
325 2881 475 2974 vestigia
494 2902 634 2976 queque
652 2881 844 2953 clarissima
863 2882 980 2953 ferrati
1000 2882 1104 2953 calcis
1120 2892 1221 2954 exta-

146 3004 239 3078 bant.
258 3006 352 3078 Odor
368 3006 516 3096 neglecti
533 3004 688 3076 vulneris
706 3014 776 3076 mm
793 3006 969 3090 molestae,
985 3012 1024 3076 ut
1036 3026 1091 3076 me
1104 3005 1219 3100 ipsum

38 3137 42 3152 ¹
146 3152 252 3225 supra
272 3127 378 3202 fidem
398 3127 609 3222 impatientia
630 3127 685 3200 sui
711 3147 806 3219 saepe
831 3128 998 3200 violenter
1023 3137 1218 3200 averteret:

144 3262 178 3324 et
196 3252 360 3348 quamvis
379 3273 458 3325 cum
483 3272 627 3347 corpore
652 3261 771 3323 nostro
794 3251 955 3343 quaedam
981 3249 1081 3323 nobis
1102 3252 1220 3325 innata

144 3373 357 3448 familiaritas
379 3373 437 3460 sit,
471 3395 532 3468 per
564 3396 667 3467 quam
689 3376 797 3445 multa
828 3373 864 3444 iu
897 3394 961 3445 suo
989 3395 1133 3466 corpore
1152 3374 1219 3446 fert

145 3497 294 3590 quisque
324 3497 478 3570 suaviter
501 3497 654 3591 quadiu
678 3499 784 3570 altero
808 3497 989 3583 fastidiret,
1012 3518 1078 3590 ego
1104 3508 1218 3571 tamen

145 3645 224 3694 raro
245 3643 398 3716 unquam
418 3622 453 3694 in
473 3621 585 3694 alieno
606 3621 785 3707 cadavere,
801 3631 839 3693 ut
854 3644 946 3694 nunc
965 3621 1001 3691 in
1018 3641 1121 3692 carne
1138 3643 1218 3714 pro-

143 3747 232 3840 pria,
255 3744 404 3838 cognovi
424 3768 529 3839 quam
550 3745 648 3831 nibil,
677 3744 745 3817 imo
767 3764 975 3836 veroquam
996 3743 1160 3813 miserum
1182 3751 1218 3813 et

144 3870 213 3940 vile
233 3868 361 3941 animal
380 3878 436 3942 est
454 3867 572 3954 homo,
592 3867 659 3942 nisi
676 3865 923 3960 ignobilitatem
940 3865 1094 3960 corporis
1112 3863 1216 3936 animi

145 3992 321 4065 nobilitate
353 3992 547 4066 redemerit.
580 3991 671 4077 Quid
695 3991 825 4062 multa?
844 3987 934 4060 inter
960 4007 1083 4060 manus
1108 3985 1217 4058 medi-

142 4138 262 4188 corum
283 4115 444 4209 intraque
477 4125 606 4188 metum
638 4125 673 4188 et
706 4135 803 4207 spem
835 4112 956 4184 salutis
988 4110 1115 4184 dubius
1147 4110 1215 4183 iam

143 4239 501 4332 quartumdecimum
526 4239 617 4312 diem
639 4240 756 4312 Romae
777 4236 884 4322 iacet),
907 4235 966 4329 qui
992 4234 1126 4308 dierum
1151 4257 1216 4306 nu-
