<?xml version="1.0" encoding="UTF-8"?>
<!DOCTYPE html PUBLIC "-//W3C//DTD XHTML 1.0 Transitional//EN"
    "http://www.w3.org/TR/xhtml1/DTD/xhtml1-transitional.dtd">
<html xmlns="http://www.w3.org/1999/xhtml" xml:lang="en" lang="en">
 <head>
  <title>
</title>
<meta http-equiv="Content-Type" content="text/html;charset=utf-8" />
  <meta name='ocr-system' content='tesseract 3.04.00' />
  <meta name='ocr-capabilities' content='ocr_page ocr_carea ocr_par ocr_line ocrx_word'/>
</head>
<body>
  <div class='ocr_page' id='page_1' title='image "./franciscipetrar01fracgoog_0433.png"; bbox 0 0 3062 4798; ppageno 0'>
   <div class='ocr_carea' id='block_1_1' title="bbox 259 345 1002 407">
    <p class='ocr_par' dir='ltr' id='par_1_1' title="bbox 259 345 1002 407">
     <span class='ocr_line' id='line_1_1' title="bbox 259 345 1002 407; baseline -0.005 -1"><span class='ocrx_word' id='word_1_1' title='bbox 259 347 316 407; x_wconf 64' lang='lat' dir='ltr'><strong>ltu)</strong></span> <span class='ocrx_word' id='word_1_2' title='bbox 594 345 639 404; x_wconf 80' lang='lat' dir='ltr'><strong>&#39;nn</strong></span> <span class='ocrx_word' id='word_1_3' title='bbox 659 356 760 405; x_wconf 85' lang='lat' dir='ltr'><strong>nunus</strong></span> <span class='ocrx_word' id='word_1_4' title='bbox 780 354 1002 404; x_wconf 82' lang='lat' dir='ltr'><strong>mntrnmmnus</strong></span> 
     </span>
    </p>
   </div>
   <div class='ocr_carea' id='block_1_2' title="bbox 258 492 1342 2544">
    <p class='ocr_par' dir='ltr' id='par_1_2' title="bbox 258 492 1342 2544">
     <span class='ocr_line' id='line_1_2' title="bbox 260 492 1341 583; baseline -0.005 -16"><span class='ocrx_word' id='word_1_5' title='bbox 260 499 403 578; x_wconf 74' lang='lat' dir='ltr'><strong>rianteS,</strong></span> <span class='ocrx_word' id='word_1_6' title='bbox 418 516 439 565; x_wconf 91' lang='lat' dir='ltr'><strong>a</strong></span> <span class='ocrx_word' id='word_1_7' title='bbox 454 494 554 565; x_wconf 89' lang='lat' dir='ltr'><strong>solita</strong></span> <span class='ocrx_word' id='word_1_8' title='bbox 572 501 687 564; x_wconf 90' lang='lat' dir='ltr'><strong>tamen</strong></span> <span class='ocrx_word' id='word_1_9' title='bbox 704 492 908 564; x_wconf 76' lang='lat' dir='ltr'>liberalitate</span> <span class='ocrx_word' id='word_1_10' title='bbox 923 501 1154 575; x_wconf 87' lang='lat' dir='ltr'><strong>retraxeram,</strong></span> <span class='ocrx_word' id='word_1_11' title='bbox 1169 512 1259 583; x_wconf 89' lang='lat' dir='ltr'><strong>quas</strong></span> <span class='ocrx_word' id='word_1_12' title='bbox 1272 512 1341 562; x_wconf 91' lang='lat' dir='ltr'><strong>non</strong></span> 
     </span>
     <span class='ocr_line' id='line_1_3' title="bbox 259 612 1342 712; baseline -0.004 -23"><span class='ocrx_word' id='word_1_13' title='bbox 259 618 356 712; x_wconf 89' lang='lat' dir='ltr'><strong>prius</strong></span> <span class='ocrx_word' id='word_1_14' title='bbox 372 618 416 689; x_wconf 87' lang='lat' dir='ltr'><strong>ad</strong></span> <span class='ocrx_word' id='word_1_15' title='bbox 432 627 599 688; x_wconf 85' lang='lat' dir='ltr'><strong>consueta</strong></span> <span class='ocrx_word' id='word_1_16' title='bbox 624 624 839 699; x_wconf 78' lang='lat' dir='ltr'><strong>convertam,</strong></span> <span class='ocrx_word' id='word_1_17' title='bbox 861 637 966 707; x_wconf 86' lang='lat' dir='ltr'><strong>quam</strong></span> <span class='ocrx_word' id='word_1_18' title='bbox 993 625 1030 685; x_wconf 91' lang='lat' dir='ltr'><strong>tu</strong></span> <span class='ocrx_word' id='word_1_19' title='bbox 1051 614 1096 686; x_wconf 89' lang='lat' dir='ltr'><strong>ad</strong></span> <span class='ocrx_word' id='word_1_20' title='bbox 1116 612 1256 685; x_wconf 90' lang='lat' dir='ltr'><strong>virtutis</strong></span> <span class='ocrx_word' id='word_1_21' title='bbox 1277 614 1342 685; x_wconf 85' lang='lat' dir='ltr'><strong>iter</strong></span> 
     </span>
     <span class='ocr_line' id='line_1_4' title="bbox 261 736 1341 832; baseline -0.002 -22"><span class='ocrx_word' id='word_1_22' title='bbox 261 751 394 812; x_wconf 88' lang='lat' dir='ltr'><strong>rectum</strong></span> <span class='ocrx_word' id='word_1_23' title='bbox 423 739 468 811; x_wconf 87' lang='lat' dir='ltr'><strong>ab</strong></span> <span class='ocrx_word' id='word_1_24' title='bbox 488 737 735 810; x_wconf 77' lang='lat' dir='ltr'><strong>adolescentiae</strong></span> <span class='ocrx_word' id='word_1_25' title='bbox 762 749 832 809; x_wconf 88' lang='lat' dir='ltr'><strong>tuae</strong></span> <span class='ocrx_word' id='word_1_26' title='bbox 859 737 1026 830; x_wconf 84' lang='lat' dir='ltr'><strong>praecipiti</strong></span> <span class='ocrx_word' id='word_1_27' title='bbox 1051 739 1155 810; x_wconf 91' lang='lat' dir='ltr'><strong>domo</strong></span> <span class='ocrx_word' id='word_1_28' title='bbox 1183 736 1263 832; x_wconf 82' lang='lat' dir='ltr'><strong>(sic)</strong></span> <span class='ocrx_word' id='word_1_29' title='bbox 1286 758 1341 808; x_wconf 90' lang='lat' dir='ltr'><strong>re-</strong></span> 
     </span>
     <span class='ocr_line' id='line_1_5' title="bbox 260 859 1339 956; baseline -0.005 -22"><span class='ocrx_word' id='word_1_30' title='bbox 260 863 423 948; x_wconf 78' lang='lat' dir='ltr'>vertaris,</span> <span class='ocrx_word' id='word_1_31' title='bbox 451 861 534 934; x_wconf 92' lang='lat' dir='ltr'><strong>nulli</strong></span> <span class='ocrx_word' id='word_1_32' title='bbox 560 863 698 956; x_wconf 85' lang='lat' dir='ltr'><strong>penitus</strong></span> <span class='ocrx_word' id='word_1_33' title='bbox 724 861 769 932; x_wconf 86' lang='lat' dir='ltr'><strong>da</strong></span> <span class='ocrx_word' id='word_1_34' title='bbox 795 871 829 932; x_wconf 89' lang='lat' dir='ltr'><strong>te</strong></span> <span class='ocrx_word' id='word_1_35' title='bbox 858 860 925 930; x_wconf 88' lang='lat' dir='ltr'><strong>nisi</strong></span> <span class='ocrx_word' id='word_1_36' title='bbox 951 869 1012 933; x_wconf 89' lang='lat' dir='ltr'><strong>aut</strong></span> <span class='ocrx_word' id='word_1_37' title='bbox 1041 859 1189 954; x_wconf 85' lang='lat' dir='ltr'><strong>publicae</strong></span> <span class='ocrx_word' id='word_1_38' title='bbox 1212 861 1339 943; x_wconf 73' lang='lat' dir='ltr'><strong>lamro,</strong></span> 
     </span>
     <span class='ocr_line' id='line_1_6' title="bbox 259 981 1341 1077; baseline -0.006 -19"><span class='ocrx_word' id='word_1_39' title='bbox 259 986 443 1058; x_wconf 69' lang='lat' dir='ltr'><strong>contrariae</strong></span> <span class='ocrx_word' id='word_1_40' title='bbox 456 985 513 1055; x_wconf 84' lang='lat' dir='ltr'><strong>vel</strong></span> <span class='ocrx_word' id='word_1_41' title='bbox 530 983 756 1077; x_wconf 84' lang='lat' dir='ltr'><strong>experientiae</strong></span> <span class='ocrx_word' id='word_1_42' title='bbox 767 983 976 1056; x_wconf 88' lang='lat' dir='ltr'><strong>crediturus.</strong></span> <span class='ocrx_word' id='word_1_43' title='bbox 992 984 1166 1055; x_wconf 87' lang='lat' dir='ltr'><strong>Coeterum</strong></span> <span class='ocrx_word' id='word_1_44' title='bbox 1182 981 1341 1054; x_wconf 87' lang='lat' dir='ltr'><strong>ulmodo</strong></span> 
     </span>
     <span class='ocr_line' id='line_1_7' title="bbox 262 1105 1342 1202; baseline -0.002 -24"><span class='ocrx_word' id='word_1_45' title='bbox 262 1109 430 1201; x_wconf 73' lang='lat' dir='ltr'><strong>tantisper</strong></span> <span class='ocrx_word' id='word_1_46' title='bbox 449 1108 623 1179; x_wconf 90' lang='lat' dir='ltr'><strong>silentium</strong></span> <span class='ocrx_word' id='word_1_47' title='bbox 644 1107 892 1202; x_wconf 66' lang='lat' dir='ltr'><strong>interrumpam</strong></span> <span class='ocrx_word' id='word_1_48' title='bbox 914 1107 1048 1178; x_wconf 83' lang='lat' dir='ltr'><strong>amicus</strong></span> <span class='ocrx_word' id='word_1_49' title='bbox 1069 1105 1125 1177; x_wconf 92' lang='lat' dir='ltr'><strong>hic</strong></span> <span class='ocrx_word' id='word_1_50' title='bbox 1145 1114 1266 1178; x_wconf 91' lang='lat' dir='ltr'><strong>noster</strong></span> <span class='ocrx_word' id='word_1_51' title='bbox 1285 1126 1342 1176; x_wconf 78' lang='lat' dir='ltr'><strong>co</strong></span> 
     </span>
     <span class='ocr_line' id='line_1_8' title="bbox 259 1225 1341 1322; baseline -0.002 -24"><span class='ocrx_word' id='word_1_52' title='bbox 259 1231 324 1322; x_wconf 81' lang='lat' dir='ltr'><strong>git,</strong></span> <span class='ocrx_word' id='word_1_53' title='bbox 349 1229 406 1322; x_wconf 93' lang='lat' dir='ltr'><strong>qui</strong></span> <span class='ocrx_word' id='word_1_54' title='bbox 429 1227 595 1298; x_wconf 88' lang='lat' dir='ltr'><strong>siminus</strong></span> <span class='ocrx_word' id='word_1_55' title='bbox 617 1237 650 1298; x_wconf 86' lang='lat' dir='ltr'><strong>te</strong></span> <span class='ocrx_word' id='word_1_56' title='bbox 671 1237 817 1310; x_wconf 85' lang='lat' dir='ltr'><strong>amaret,</strong></span> <span class='ocrx_word' id='word_1_57' title='bbox 841 1230 920 1319; x_wconf 90' lang='lat' dir='ltr'><strong>plus</strong></span> <span class='ocrx_word' id='word_1_58' title='bbox 942 1228 1036 1322; x_wconf 90' lang='lat' dir='ltr'><strong>apud</strong></span> <span class='ocrx_word' id='word_1_59' title='bbox 1056 1249 1114 1302; x_wconf 68' lang='grc' dir='ltr'><strong>ιω</strong></span> <span class='ocrx_word' id='word_1_60' title='bbox 1134 1225 1215 1302; x_wconf 89' lang='lat' dir='ltr'><strong>fidei</strong></span> <span class='ocrx_word' id='word_1_61' title='bbox 1231 1247 1341 1298; x_wconf 87' lang='lat' dir='ltr'><strong>mere-</strong></span> 
     </span>
     <span class='ocr_line' id='line_1_9' title="bbox 259 1347 1340 1443; baseline -0.002 -21"><span class='ocrx_word' id='word_1_62' title='bbox 259 1362 366 1422; x_wconf 83' lang='lat' dir='ltr'><strong>retur.</strong></span> <span class='ocrx_word' id='word_1_63' title='bbox 389 1348 459 1419; x_wconf 86' lang='lat' dir='ltr'><strong>Sed</strong></span> <span class='ocrx_word' id='word_1_64' title='bbox 478 1358 515 1419; x_wconf 90' lang='lat' dir='ltr'><strong>nt</strong></span> <span class='ocrx_word' id='word_1_65' title='bbox 532 1349 601 1419; x_wconf 91' lang='lat' dir='ltr'><strong>sint</strong></span> <span class='ocrx_word' id='word_1_66' title='bbox 617 1369 703 1420; x_wconf 84' lang='lat' dir='ltr'><strong>vera</strong></span> <span class='ocrx_word' id='word_1_67' title='bbox 721 1369 801 1441; x_wconf 87' lang='lat' dir='ltr'><strong>quae</strong></span> <span class='ocrx_word' id='word_1_68' title='bbox 822 1348 878 1419; x_wconf 92' lang='lat' dir='ltr'><strong>ille</strong></span> <span class='ocrx_word' id='word_1_69' title='bbox 895 1348 939 1421; x_wconf 91' lang='lat' dir='ltr'><strong>de</strong></span> <span class='ocrx_word' id='word_1_70' title='bbox 957 1359 991 1420; x_wconf 89' lang='lat' dir='ltr'><strong>te</strong></span> <span class='ocrx_word' id='word_1_71' title='bbox 1011 1349 1178 1443; x_wconf 89' lang='lat' dir='ltr'><strong>loquitur,</strong></span> <span class='ocrx_word' id='word_1_72' title='bbox 1200 1347 1340 1441; x_wconf 87' lang='lat' dir='ltr'><strong>quaudo</strong></span> 
     </span>
     <span class='ocr_line' id='line_1_10' title="bbox 258 1470 1341 1566; baseline 0.001 -26"><span class='ocrx_word' id='word_1_73' title='bbox 258 1472 294 1544; x_wconf 94' lang='lat' dir='ltr'><strong>id</strong></span> <span class='ocrx_word' id='word_1_74' title='bbox 316 1482 441 1544; x_wconf 85' lang='lat' dir='ltr'><strong>natura</strong></span> <span class='ocrx_word' id='word_1_75' title='bbox 459 1493 575 1542; x_wconf 90' lang='lat' dir='ltr'><strong>rerum</strong></span> <span class='ocrx_word' id='word_1_76' title='bbox 597 1473 664 1542; x_wconf 86' lang='lat' dir='ltr'><strong>fert</strong></span> <span class='ocrx_word' id='word_1_77' title='bbox 685 1481 723 1542; x_wconf 90' lang='lat' dir='ltr'><strong>ut</strong></span> <span class='ocrx_word' id='word_1_78' title='bbox 742 1472 840 1544; x_wconf 82' lang='lat' dir='ltr'><strong>tacite</strong></span> <span class='ocrx_word' id='word_1_79' title='bbox 861 1471 982 1544; x_wconf 84' lang='lat' dir='ltr'><strong>credat</strong></span> <span class='ocrx_word' id='word_1_80' title='bbox 997 1473 1146 1566; x_wconf 88' lang='lat' dir='ltr'><strong>quisquc</strong></span> <span class='ocrx_word' id='word_1_81' title='bbox 1167 1470 1262 1565; x_wconf 90' lang='lat' dir='ltr'><strong>quod</strong></span> <span class='ocrx_word' id='word_1_82' title='bbox 1281 1492 1341 1541; x_wconf 89' lang='lat' dir='ltr'><strong>cu·</strong></span> 
     </span>
     <span class='ocr_line' id='line_1_11' title="bbox 259 1593 1340 1689; baseline -0.001 -25"><span class='ocrx_word' id='word_1_83' title='bbox 259 1595 316 1688; x_wconf 76' lang='lat' dir='ltr'><strong>pit</strong></span> <span class='ocrx_word' id='word_1_84' title='bbox 325 1606 556 1688; x_wconf 88' lang='lat' dir='ltr'><strong>perseveraet</strong></span> <span class='ocrx_word' id='word_1_85' title='bbox 568 1593 738 1679; x_wconf 86' lang='lat' dir='ltr'><strong>incumbe,</strong></span> <span class='ocrx_word' id='word_1_86' title='bbox 747 1595 1030 1689; x_wconf 87' lang='lat' dir='ltr'><strong>praeteritamque</strong></span> <span class='ocrx_word' id='word_1_87' title='bbox 1043 1595 1226 1686; x_wconf 80' lang='lat' dir='ltr'><strong>segnitiem</strong></span> <span class='ocrx_word' id='word_1_88' title='bbox 1235 1613 1340 1666; x_wconf 88' lang='lat' dir='ltr'><strong>cursu</strong></span> 
     </span>
     <span class='ocr_line' id='line_1_12' title="bbox 258 1715 1342 1808; baseline -0.002 -22"><span class='ocrx_word' id='word_1_89' title='bbox 258 1719 432 1788; x_wconf 87' lang='lat' dir='ltr'><strong>velociore</strong></span> <span class='ocrx_word' id='word_1_90' title='bbox 452 1736 653 1808; x_wconf 86' lang='lat' dir='ltr'><strong>compensa.</strong></span> <span class='ocrx_word' id='word_1_91' title='bbox 676 1715 736 1786; x_wconf 88' lang='lat' dir='ltr'><strong>Sin</strong></span> <span class='ocrx_word' id='word_1_92' title='bbox 757 1719 843 1789; x_wconf 84' lang='lat' dir='ltr'><strong>salsa</strong></span> <span class='ocrx_word' id='word_1_93' title='bbox 865 1727 954 1802; x_wconf 88' lang='lat' dir='ltr'><strong>sunt,</strong></span> <span class='ocrx_word' id='word_1_94' title='bbox 977 1720 1031 1790; x_wconf 87' lang='lat' dir='ltr'><strong>lac</strong></span> <span class='ocrx_word' id='word_1_95' title='bbox 1051 1738 1138 1790; x_wconf 88' lang='lat' dir='ltr'><strong>vera</strong></span> <span class='ocrx_word' id='word_1_96' title='bbox 1158 1737 1241 1788; x_wconf 91' lang='lat' dir='ltr'><strong>esse</strong></span> <span class='ocrx_word' id='word_1_97' title='bbox 1258 1715 1342 1787; x_wconf 87' lang='lat' dir='ltr'><strong>inci·</strong></span> 
     </span>
     <span class='ocr_line' id='line_1_13' title="bbox 260 1837 1338 1932; baseline 0.001 -25"><span class='ocrx_word' id='word_1_98' title='bbox 260 1839 365 1932; x_wconf 86' lang='lat' dir='ltr'><strong>piant.</strong></span> <span class='ocrx_word' id='word_1_99' title='bbox 393 1839 459 1908; x_wconf 88' lang='lat' dir='ltr'><strong>Per</strong></span> <span class='ocrx_word' id='word_1_100' title='bbox 484 1837 652 1932; x_wconf 86' lang='lat' dir='ltr'><strong>teipsum</strong></span> <span class='ocrx_word' id='word_1_101' title='bbox 681 1861 806 1912; x_wconf 89' lang='lat' dir='ltr'><strong>moneo</strong></span> <span class='ocrx_word' id='word_1_102' title='bbox 830 1850 867 1910; x_wconf 88' lang='lat' dir='ltr'><strong>et</strong></span> <span class='ocrx_word' id='word_1_103' title='bbox 887 1839 1053 1924; x_wconf 90' lang='lat' dir='ltr'><strong>obtestor,</strong></span> <span class='ocrx_word' id='word_1_104' title='bbox 1077 1840 1106 1911; x_wconf 89' lang='lat' dir='ltr'><strong>si</strong></span> <span class='ocrx_word' id='word_1_105' title='bbox 1127 1862 1197 1932; x_wconf 91' lang='lat' dir='ltr'><strong>qua</strong></span> <span class='ocrx_word' id='word_1_106' title='bbox 1213 1839 1274 1911; x_wconf 88' lang='lat' dir='ltr'><strong>tibi</strong></span> <span class='ocrx_word' id='word_1_107' title='bbox 1290 1838 1338 1910; x_wconf 89' lang='lat' dir='ltr'><strong>tui</strong></span> 
     </span>
     <span class='ocr_line' id='line_1_14' title="bbox 258 1959 1340 2057; baseline -0.003 -25"><span class='ocrx_word' id='word_1_108' title='bbox 258 1982 341 2032; x_wconf 88' lang='lat' dir='ltr'><strong>cura</strong></span> <span class='ocrx_word' id='word_1_109' title='bbox 359 1971 431 2044; x_wconf 85' lang='lat' dir='ltr'><strong>est,</strong></span> <span class='ocrx_word' id='word_1_110' title='bbox 452 1960 482 2031; x_wconf 90' lang='lat' dir='ltr'><strong>si</strong></span> <span class='ocrx_word' id='word_1_111' title='bbox 499 1959 579 2055; x_wconf 89' lang='lat' dir='ltr'><strong>quis</strong></span> <span class='ocrx_word' id='word_1_112' title='bbox 596 1981 693 2032; x_wconf 89' lang='lat' dir='ltr'><strong>amor</strong></span> <span class='ocrx_word' id='word_1_113' title='bbox 710 1962 846 2053; x_wconf 80' lang='lat' dir='ltr'><strong>gloriae,</strong></span> <span class='ocrx_word' id='word_1_114' title='bbox 867 1963 896 2033; x_wconf 90' lang='lat' dir='ltr'><strong>si</strong></span> <span class='ocrx_word' id='word_1_115' title='bbox 915 1963 993 2055; x_wconf 90' lang='lat' dir='ltr'><strong>quis</strong></span> <span class='ocrx_word' id='word_1_116' title='bbox 1016 1971 1129 2034; x_wconf 89' lang='lat' dir='ltr'><strong>metus</strong></span> <span class='ocrx_word' id='word_1_117' title='bbox 1151 1960 1340 2057; x_wconf 88' lang='lat' dir='ltr'><strong>opprobrii;</strong></span> 
     </span>
     <span class='ocr_line' id='line_1_15' title="bbox 258 2083 1335 2178; baseline -0.003 -21"><span class='ocrx_word' id='word_1_118' title='bbox 258 2085 303 2157; x_wconf 91' lang='lat' dir='ltr'><strong>ad</strong></span> <span class='ocrx_word' id='word_1_119' title='bbox 324 2105 380 2154; x_wconf 90' lang='lat' dir='ltr'><strong>me</strong></span> <span class='ocrx_word' id='word_1_120' title='bbox 398 2083 491 2156; x_wconf 91' lang='lat' dir='ltr'><strong>enim</strong></span> <span class='ocrx_word' id='word_1_121' title='bbox 512 2105 559 2154; x_wconf 81' lang='lat' dir='ltr'><strong>ex</strong></span> <span class='ocrx_word' id='word_1_122' title='bbox 581 2093 615 2154; x_wconf 86' lang='lat' dir='ltr'><strong>ta</strong></span> <span class='ocrx_word' id='word_1_123' title='bbox 628 2083 713 2154; x_wconf 94' lang='lat' dir='ltr'><strong>nihil</strong></span> <span class='ocrx_word' id='word_1_124' title='bbox 734 2107 912 2176; x_wconf 90' lang='lat' dir='ltr'><strong>nunquam</strong></span> <span class='ocrx_word' id='word_1_125' title='bbox 933 2085 1000 2156; x_wconf 87' lang='lat' dir='ltr'><strong>nisi</strong></span> <span class='ocrx_word' id='word_1_126' title='bbox 1022 2085 1156 2156; x_wconf 83' lang='lat' dir='ltr'><strong>flosculi</strong></span> <span class='ocrx_word' id='word_1_127' title='bbox 1177 2085 1335 2178; x_wconf 85' lang='lat' dir='ltr'><strong>quidam,</strong></span> 
     </span>
     <span class='ocr_line' id='line_1_16' title="bbox 259 2205 1339 2300; baseline -0.001 -24"><span class='ocrx_word' id='word_1_128' title='bbox 259 2226 342 2297; x_wconf 89' lang='lat' dir='ltr'><strong>spes</strong></span> <span class='ocrx_word' id='word_1_129' title='bbox 360 2205 502 2289; x_wconf 88' lang='lat' dir='ltr'><strong>solicita,</strong></span> <span class='ocrx_word' id='word_1_130' title='bbox 520 2217 556 2276; x_wconf 89' lang='lat' dir='ltr'><strong>et</strong></span> <span class='ocrx_word' id='word_1_131' title='bbox 568 2227 695 2299; x_wconf 82' lang='lat' dir='ltr'><strong>anceps</strong></span> <span class='ocrx_word' id='word_1_132' title='bbox 709 2207 849 2278; x_wconf 88' lang='lat' dir='ltr'><strong>venturi</strong></span> <span class='ocrx_word' id='word_1_133' title='bbox 863 2206 1031 2300; x_wconf 80' lang='lat' dir='ltr'><strong>gaudium</strong></span> <span class='ocrx_word' id='word_1_134' title='bbox 1049 2210 1137 2279; x_wconf 89' lang='lat' dir='ltr'><strong>lorte</strong></span> <span class='ocrx_word' id='word_1_135' title='bbox 1150 2207 1339 2300; x_wconf 84' lang='lat' dir='ltr'><strong>perveniet.</strong></span> 
     </span>
     <span class='ocr_line' id='line_1_17' title="bbox 258 2327 1341 2422; baseline 0.001 -23"><span class='ocrx_word' id='word_1_136' title='bbox 258 2330 317 2412; x_wconf 87' lang='lat' dir='ltr'><strong>Tu,</strong></span> <span class='ocrx_word' id='word_1_137' title='bbox 336 2329 365 2400; x_wconf 90' lang='lat' dir='ltr'><strong>si</strong></span> <span class='ocrx_word' id='word_1_138' title='bbox 379 2328 464 2400; x_wconf 91' lang='lat' dir='ltr'><strong>mihi</strong></span> <span class='ocrx_word' id='word_1_139' title='bbox 476 2327 676 2414; x_wconf 87' lang='lat' dir='ltr'><strong>credideris,</strong></span> <span class='ocrx_word' id='word_1_140' title='bbox 698 2339 776 2422; x_wconf 88' lang='lat' dir='ltr'><strong>post</strong></span> <span class='ocrx_word' id='word_1_141' title='bbox 788 2351 844 2402; x_wconf 89' lang='lat' dir='ltr'><strong>me</strong></span> <span class='ocrx_word' id='word_1_142' title='bbox 862 2330 1019 2403; x_wconf 87' lang='lat' dir='ltr'><strong>laborum</strong></span> <span class='ocrx_word' id='word_1_143' title='bbox 1036 2339 1174 2402; x_wconf 91' lang='lat' dir='ltr'><strong>tuorum</strong></span> <span class='ocrx_word' id='word_1_144' title='bbox 1188 2341 1224 2402; x_wconf 87' lang='lat' dir='ltr'><strong>et</strong></span> <span class='ocrx_word' id='word_1_145' title='bbox 1236 2330 1341 2402; x_wconf 91' lang='lat' dir='ltr'><strong>huius</strong></span> 
     </span>
     <span class='ocr_line' id='line_1_18' title="bbox 259 2450 952 2544; baseline 0.006 -26"><span class='ocrx_word' id='word_1_146' title='bbox 259 2452 426 2544; x_wconf 86' lang='lat' dir='ltr'><strong>temporis</strong></span> <span class='ocrx_word' id='word_1_147' title='bbox 442 2450 666 2524; x_wconf 87' lang='lat' dir='ltr'><strong>dulcissimos</strong></span> <span class='ocrx_word' id='word_1_148' title='bbox 688 2455 822 2525; x_wconf 81' lang='lat' dir='ltr'><strong>tructus</strong></span> <span class='ocrx_word' id='word_1_149' title='bbox 843 2454 952 2544; x_wconf 82' lang='lat' dir='ltr'><strong>leges.</strong></span> 
     </span>
    </p>
   </div>
   <div class='ocr_carea' id='block_1_3' title="bbox 681 3042 925 3109">
    <p class='ocr_par' dir='ltr' id='par_1_3' title="bbox 681 3042 925 3109">
     <span class='ocr_line' id='line_1_19' title="bbox 681 3042 925 3109; baseline 0.012 -3"><span class='ocrx_word' id='word_1_150' title='bbox 681 3042 859 3107; x_wconf 77' lang='lat' dir='ltr'><strong>urtstott</strong></span> <span class='ocrx_word' id='word_1_151' title='bbox 880 3045 925 3109; x_wconf 88' lang='grc' dir='ltr'><strong>ΙΙΙ.</strong></span> 
     </span>
    </p>
   </div>
   <div class='ocr_carea' id='block_1_4' title="bbox 313 3243 1288 3406">
    <p class='ocr_par' dir='ltr' id='par_1_4' title="bbox 313 3243 1288 3406">
     <span class='ocr_line' id='line_1_20' title="bbox 313 3243 1288 3304; baseline 0.01 -10"><span class='ocrx_word' id='word_1_152' title='bbox 313 3243 507 3295; x_wconf 78' lang='lat' dir='ltr'>FRANCISCUS</span> <span class='ocrx_word' id='word_1_153' title='bbox 529 3245 698 3298; x_wconf 78' lang='lat' dir='ltr'><strong>Purtttttct</strong></span> <span class='ocrx_word' id='word_1_154' title='bbox 720 3249 850 3300; x_wconf 87' lang='lat' dir='ltr'><strong>GUIDONl</strong></span> <span class='ocrx_word' id='word_1_155' title='bbox 871 3250 1109 3302; x_wconf 80' lang='lat' dir='ltr'><strong>tuettmtncorto</strong></span> <span class='ocrx_word' id='word_1_156' title='bbox 1131 3255 1288 3304; x_wconf 84' lang='lat' dir='ltr'>GENUENSI</span> 
     </span>
     <span class='ocr_line' id='line_1_21' title="bbox 733 3355 862 3406; baseline 0.023 -4"><span class='ocrx_word' id='word_1_157' title='bbox 733 3355 758 3404; x_wconf 88' lang='lat' dir='ltr'><strong>S.</strong></span> <span class='ocrx_word' id='word_1_158' title='bbox 780 3356 808 3404; x_wconf 91' lang='lat' dir='ltr'><strong>P.</strong></span> <span class='ocrx_word' id='word_1_159' title='bbox 831 3357 862 3406; x_wconf 92' lang='lat' dir='ltr'><strong>D.</strong></span> 
     </span>
    </p>
   </div>
   <div class='ocr_carea' id='block_1_5' title="bbox 257 3542 1341 3808">
    <p class='ocr_par' dir='ltr' id='par_1_5' title="bbox 257 3542 1341 3808">
     <span class='ocr_line' id='line_1_22' title="bbox 257 3542 1341 3630; baseline 0.002 -19"><span class='ocrx_word' id='word_1_160' title='bbox 257 3556 380 3614; x_wconf 84' lang='lat' dir='ltr'><strong>Dilatum</strong></span> <span class='ocrx_word' id='word_1_161' title='bbox 395 3556 456 3612; x_wconf 89' lang='lat' dir='ltr'><strong>eius</strong></span> <span class='ocrx_word' id='word_1_162' title='bbox 470 3556 499 3612; x_wconf 89' lang='lat' dir='ltr'><strong>in</strong></span> <span class='ocrx_word' id='word_1_163' title='bbox 517 3556 625 3612; x_wconf 84' lang='lat' dir='ltr'><strong>ltaliam</strong></span> <span class='ocrx_word' id='word_1_164' title='bbox 639 3542 789 3613; x_wconf 83' lang='lat' dir='ltr'><strong>adventum</strong></span> <span class='ocrx_word' id='word_1_165' title='bbox 804 3557 871 3612; x_wconf 90' lang='lat' dir='ltr'><strong>dum</strong></span> <span class='ocrx_word' id='word_1_166' title='bbox 886 3557 1035 3630; x_wconf 88' lang='lat' dir='ltr'><strong>improbat,</strong></span> <span class='ocrx_word' id='word_1_167' title='bbox 1057 3564 1169 3614; x_wconf 85' lang='lat' dir='ltr'><strong>excusat</strong></span> <span class='ocrx_word' id='word_1_168' title='bbox 1186 3559 1221 3614; x_wconf 92' lang='lat' dir='ltr'><strong>ob</strong></span> <span class='ocrx_word' id='word_1_169' title='bbox 1234 3557 1341 3614; x_wconf 87' lang='lat' dir='ltr'><strong>cladem</strong></span> 
     </span>
     <span class='ocr_line' id='line_1_23' title="bbox 347 3645 1341 3722; baseline 0.002 -22"><span class='ocrx_word' id='word_1_170' title='bbox 347 3645 539 3702; x_wconf 83' lang='lat' dir='ltr'><strong>Ganuensium</strong></span> <span class='ocrx_word' id='word_1_171' title='bbox 554 3663 570 3700; x_wconf 92' lang='lat' dir='ltr'><strong>a</strong></span> <span class='ocrx_word' id='word_1_172' title='bbox 586 3645 700 3702; x_wconf 85' lang='lat' dir='ltr'><strong>Venetis</strong></span> <span class='ocrx_word' id='word_1_173' title='bbox 715 3646 744 3701; x_wconf 90' lang='lat' dir='ltr'><strong>in</strong></span> <span class='ocrx_word' id='word_1_174' title='bbox 759 3647 849 3702; x_wconf 87' lang='lat' dir='ltr'><strong>navali</strong></span> <span class='ocrx_word' id='word_1_175' title='bbox 862 3647 935 3702; x_wconf 88' lang='lat' dir='ltr'><strong>hello</strong></span> <span class='ocrx_word' id='word_1_176' title='bbox 955 3647 1123 3720; x_wconf 82' lang='lat' dir='ltr'><strong>contectam,</strong></span> <span class='ocrx_word' id='word_1_177' title='bbox 1144 3649 1263 3722; x_wconf 87' lang='lat' dir='ltr'><strong>illosque</strong></span> <span class='ocrx_word' id='word_1_178' title='bbox 1280 3653 1341 3704; x_wconf 84' lang='lat' dir='ltr'><strong>tum</strong></span> 
     </span>
     <span class='ocr_line' id='line_1_24' title="bbox 345 3734 1065 3808; baseline 0 -19"><span class='ocrx_word' id='word_1_179' title='bbox 345 3734 450 3791; x_wconf 89' lang='lat' dir='ltr'><strong>viribus</strong></span> <span class='ocrx_word' id='word_1_180' title='bbox 465 3740 525 3790; x_wconf 90' lang='lat' dir='ltr'><strong>tum</strong></span> <span class='ocrx_word' id='word_1_181' title='bbox 538 3736 631 3790; x_wconf 89' lang='lat' dir='ltr'><strong>animo</strong></span> <span class='ocrx_word' id='word_1_182' title='bbox 645 3734 774 3791; x_wconf 84' lang='lat' dir='ltr'><strong>cecidisse</strong></span> <span class='ocrx_word' id='word_1_183' title='bbox 788 3735 976 3808; x_wconf 85' lang='lat' dir='ltr'><strong>conqueritur.</strong></span> <span class='ocrx_word' id='word_1_184' title='bbox 1061 3756 1065 3762; x_wconf 66' lang='grc'>’</span> 
     </span>
    </p>
   </div>
   <div class='ocr_carea' id='block_1_6' title="bbox 257 4017 1339 4262">
    <p class='ocr_par' dir='ltr' id='par_1_6' title="bbox 257 4017 1339 4262">
     <span class='ocr_line' id='line_1_25' title="bbox 357 4017 1339 4143; baseline 0.003 -27"><span class='ocrx_word' id='word_1_185' title='bbox 357 4017 545 4117; x_wconf 90' lang='lat' dir='ltr'><strong>Consilium</strong></span> <span class='ocrx_word' id='word_1_186' title='bbox 562 4055 661 4116; x_wconf 82' lang='lat' dir='ltr'><strong>tuum</strong></span> <span class='ocrx_word' id='word_1_187' title='bbox 679 4057 718 4116; x_wconf 85' lang='lat' dir='ltr'><strong>ut¹</strong></span> <span class='ocrx_word' id='word_1_188' title='bbox 734 4068 799 4118; x_wconf 92' lang='lat' dir='ltr'><strong>nec</strong></span> <span class='ocrx_word' id='word_1_189' title='bbox 816 4045 958 4141; x_wconf 89' lang='lat' dir='ltr'><strong>probem</strong></span> <span class='ocrx_word' id='word_1_190' title='bbox 977 4069 1041 4120; x_wconf 93' lang='lat' dir='ltr'><strong>nec</strong></span> <span class='ocrx_word' id='word_1_191' title='bbox 1058 4048 1249 4143; x_wconf 87' lang='lat' dir='ltr'><strong>improbem</strong></span> <span class='ocrx_word' id='word_1_192' title='bbox 1265 4048 1339 4142; x_wconf 88' lang='lat' dir='ltr'><strong>ipsa</strong></span> 
     </span>
     <span class='ocr_line' id='line_1_26' title="bbox 257 4164 1338 4262; baseline 0.011 -33"><span class='ocrx_word' id='word_1_193' title='bbox 257 4164 472 4253; x_wconf 85' lang='lat' dir='ltr'><strong>perplexitas</strong></span> <span class='ocrx_word' id='word_1_194' title='bbox 497 4189 615 4238; x_wconf 86' lang='lat' dir='ltr'><strong>rerum</strong></span> <span class='ocrx_word' id='word_1_195' title='bbox 644 4168 734 4238; x_wconf 88' lang='lat' dir='ltr'><strong>lacit.</strong></span> <span class='ocrx_word' id='word_1_196' title='bbox 761 4167 848 4252; x_wconf 86' lang='lat' dir='ltr'><strong>Quis</strong></span> <span class='ocrx_word' id='word_1_197' title='bbox 868 4168 960 4240; x_wconf 89' lang='lat' dir='ltr'><strong>euim</strong></span> <span class='ocrx_word' id='word_1_198' title='bbox 992 4169 1115 4262; x_wconf 90' lang='lat' dir='ltr'><strong>probet</strong></span> <span class='ocrx_word' id='word_1_199' title='bbox 1136 4178 1169 4242; x_wconf 88' lang='lat' dir='ltr'><strong>te</strong></span> <span class='ocrx_word' id='word_1_200' title='bbox 1190 4169 1225 4240; x_wconf 92' lang='lat' dir='ltr'><strong>in</strong></span> <span class='ocrx_word' id='word_1_201' title='bbox 1247 4179 1338 4242; x_wconf 87' lang='lat' dir='ltr'><strong>terra</strong></span> 
     </span>
    </p>
   </div>
   <div class='ocr_carea' id='block_1_7' title="bbox 0 0 1536 4798">
    <p class='ocr_par' dir='ltr' id='par_1_7' title="bbox 0 0 1536 4798">
     <span class='ocr_line' id='line_1_27' title="bbox 0 0 1536 4798; baseline 0 0"><span class='ocrx_word' id='word_1_202' title='bbox 0 0 1536 4798; x_wconf 95' lang='lat' dir='ltr'><strong> </strong></span> 
     </span>
    </p>
   </div>
  </div>
 </body>
</html>
