3024 4802
370 393 464 442 urana
485 389 990 441 ocrnvososc1uus.-smsrom
1011 353 1062 438 xv.
1193 376 1251 437 505

170 532 269 602 rent‘l
295 529 366 599 Neo
394 526 439 598 ad
464 527 623 599 umbram
643 527 746 620 pinus
773 535 834 599 aut
857 528 927 618 fagi
960 535 1082 598 texere
1111 547 1252 598 carmen

170 651 357 722 altisonum
377 651 429 720 les
450 653 566 720 esset‘l
587 649 656 721 Sed
672 649 755 741 quia
774 657 969 742 temporum
987 646 1123 738 magnis
1141 669 1254 738 angu-

171 776 250 846 stiis
270 775 438 857 coarctor,
461 772 589 844 dehoc
612 780 724 842 tecum
758 767 997 865 scrupulosius
1023 768 1158 860 litigare
1182 791 1252 840 non

169 906 226 968 est
245 897 393 967 animus.
416 897 466 966 Tu
492 894 621 968 videris
648 917 752 990 quem
774 905 807 966 te
827 893 895 966 dici
922 893 1027 964 velis:
1055 912 1123 982 ego
1147 911 1251 983 quem

171 1030 206 1092 te
227 1020 376 1093 habeam
399 1027 566 1092 statutum
588 1022 697 1090 semel
714 1027 772 1091 est
783 1016 879 1088 mihi.
901 1017 938 1085 ln
961 1016 1020 1086 illo
1038 1012 1099 1084 tibi
1123 1013 1250 1104 utique,

169 1145 208 1214 in
229 1143 295 1214 hoc
314 1141 400 1213 mihi
416 1163 547 1212 morem
562 1163 718 1234 gessero.
732 1139 857 1210 Libros
871 1138 935 1210 abs
954 1148 987 1210 te
1006 1135 1090 1206 mihi
1103 1136 1253 1208 donatos

170 1264 289 1350 habui,
300 1274 337 1335 et
347 1285 437 1358 quos
450 1264 617 1338 remisisti
632 1262 751 1336 itidem
765 1263 892 1356 accepi.
907 1260 1009 1344 Quod
1024 1258 1069 1330 ad
1082 1271 1114 1332 te
1127 1259 1252 1330 littera

169 1387 360 1480 inquibus
387 1386 447 1460 tibi
467 1387 599 1481 gratias
623 1384 771 1478 agebam
799 1405 867 1457 non
894 1383 1067 1467 venerint,
1092 1381 1250 1468 mirarer,

169 1510 238 1581 nisi
270 1510 352 1604 quia
381 1510 462 1582 talia
487 1513 596 1582 multa
616 1507 771 1602 quotidie
794 1507 959 1601 patimur,
994 1505 1140 1578 ethaeo
1169 1505 1254 1575 mihi

168 1630 386 1726 querimonia
419 1632 510 1724 iugis
532 1640 596 1703 est.
622 1632 673 1701 De
703 1630 836 1723 reliquo
868 1628 1071 1701 adolescens
1106 1625 1161 1698 hic
1185 1625 1254 1698 mei

169 1755 305 1840 amans
328 1756 377 1828 tui
396 1755 545 1851 cupidus
570 1753 686 1826 omnia
710 1752 803 1826 vivis
836 1752 981 1825 vocibus
1002 1753 1046 1824 ad
1074 1759 1107 1822 te
1140 1751 1254 1844 perle-

168 1879 279 1950 renda
296 1877 462 1972 suscepit,
482 1899 588 1970 quem
601 1875 660 1948 uhi
677 1874 828 1978 audieris
848 1874 937 1947 scies
958 1896 1027 1946 non
1045 1873 1149 1946 modo
1169 1872 1255 1966 quid

168 2022 286 2090 agam,
310 1999 372 2070 sed
392 1999 476 2091 quid
508 2000 672 2090 cogitem,
700 1997 854 2090 quidque
881 1996 942 2068 tibi
968 1997 1191 2091 cogitandum
1220 2006 1255 2068 et

169 2119 347 2212 agendum
367 2141 457 2190 rear.
479 2119 580 2192 Certa
601 2120 774 2213 hospitem
797 2127 830 2189 te
850 2125 942 2212 opto.

313 2269 473 2340 Mediolani,
490 2269 565 2324 XIII.
582 2268 643 2324 Kal.
661 2269 791 2324 Ianuarii.

582 2675 761 2740 EPISTULA
781 2677 851 2741 XVI.

197 2857 393 2908 FRANGISGUS
413 2856 583 2908 Parnason
603 2857 741 2908 ANDREAE
764 2857 914 2913 DANBULO
935 2859 1009 2910 DUGI
1029 2859 1237 2912 vadurlnltuu

649 2965 675 3014 S.
697 2964 726 3013 P.
749 2965 779 3014 D.

212 3137 345 3193 Hortatur
357 3145 389 3193 ut
401 3139 522 3195 Venetos
535 3141 670 3196 distrahat
683 3159 700 3196 a
712 3141 786 3212 bello
801 3159 866 3199 cum
880 3143 1064 3200 Ianuensihus
1079 3151 1220 3218 suscepto,

232 3231 261 3284 cl
273 3227 450 3299 optatissnnae
464 3229 539 3300 pacis
553 3229 710 3300 reipublicae
723 3233 835 3302 utrique
849 3233 1019 3304 prospiciens
1033 3240 1129 3295 auctor
1141 3235 1198 3291 fiat.

273 3459 329 3530 Nil
349 3457 471 3532 audies
498 3459 594 3544 novi,
616 3459 665 3530 nil
689 3459 864 3530 insolitum
887 3463 997 3553 leges,
1021 3461 1090 3550 sed,
1104 3461 1162 3532 illa
1183 3472 1259 3534 tan-

178 3583 358 3656 tummodo
378 3601 620 3672 recognosces,
640 3581 768 3673 quibus
790 3603 886 3676 saepe
905 3603 1007 3654 aures
1027 3590 1105 3652 tuas
1123 3585 1258 3654 oculos-

178 3727 247 3798 que
280 3706 422 3778 lassavi.
444 3704 630 3778 Meministi
650 3704 741 3776 enim
761 3705 880 3789 oredo,
899 3705 1089 3777 clarissime
1110 3708 1258 3792 Ducum,

179 3838 260 3900 ante
284 3827 351 3899 hoo
375 3831 482 3900 ferme
509 3825 710 3913 triennium,
732 3851 811 3900 oum
837 3829 904 3898 iam
930 3827 1018 3899 duos
1044 3830 1261 3924 praestantis-

180 3951 288 4023 simos
309 3953 454 4044 populos
480 3949 526 4021 ad
546 3971 643 4020 arma
677 3949 825 4022 terrifica
850 3953 944 4024 Mars
970 3954 1133 4025 funestus
1159 3954 1259 4027 indu—

179 4085 283 4147 ceret:
306 4055 403 4168 prius
425 4083 540 4147 tamen
560 4095 666 4167 quam
687 4095 783 4146 mare
803 4076 991 4146 caeruleum
1011 4076 1182 4167 sauguine
1199 4099 1257 4148 rn-

179 4195 328 4285 buisset,
356 4219 425 4271 non
456 4197 539 4270 mihi
565 4197 628 4271 sed
655 4197 762 4270 ltaliae
782 4207 957 4284 metuens,
981 4199 1016 4270 in
1043 4221 1112 4293 qua
1140 4202 1255 4289 fateor,
