<?xml version="1.0" encoding="UTF-8"?>
<!DOCTYPE html PUBLIC "-//W3C//DTD XHTML 1.0 Transitional//EN"
    "http://www.w3.org/TR/xhtml1/DTD/xhtml1-transitional.dtd">
<html xmlns="http://www.w3.org/1999/xhtml" xml:lang="en" lang="en">
 <head>
  <title>
</title>
<meta http-equiv="Content-Type" content="text/html;charset=utf-8" />
  <meta name='ocr-system' content='tesseract 3.04.00' />
  <meta name='ocr-capabilities' content='ocr_page ocr_carea ocr_par ocr_line ocrx_word'/>
</head>
<body>
  <div class='ocr_page' id='page_1' title='image "./franciscipetrar01fracgoog_0572.png"; bbox 0 0 3024 4802; ppageno 0'>
   <div class='ocr_carea' id='block_1_1' title="bbox 360 397 1234 462">
    <p class='ocr_par' dir='ltr' id='par_1_1' title="bbox 360 397 1234 462">
     <span class='ocr_line' id='line_1_1' title="bbox 360 397 1234 462; baseline -0.006 -1"><span class='ocrx_word' id='word_1_1' title='bbox 360 413 453 462; x_wconf 79' lang='lat' dir='ltr'><strong>utnon</strong></span> <span class='ocrx_word' id='word_1_2' title='bbox 474 409 941 460; x_wconf 74' lang='lat' dir='ltr'><strong>deposcendos—mussona</strong></span> <span class='ocrx_word' id='word_1_3' title='bbox 964 409 1036 458; x_wconf 82' lang='lat' dir='ltr'><strong>xvu.</strong></span> <span class='ocrx_word' id='word_1_4' title='bbox 1179 397 1234 456; x_wconf 72' lang='lat' dir='ltr'><strong>otti</strong></span> 
     </span>
    </p>
   </div>
   <div class='ocr_carea' id='block_1_2' title="bbox 155 547 1242 4211">
    <p class='ocr_par' dir='ltr' id='par_1_2' title="bbox 155 547 1242 4211">
     <span class='ocr_line' id='line_1_2' title="bbox 156 547 1239 646; baseline -0.003 -20"><span class='ocrx_word' id='word_1_5' title='bbox 156 557 231 630; x_wconf 92' lang='lat' dir='ltr'><strong>Nou</strong></span> <span class='ocrx_word' id='word_1_6' title='bbox 252 577 307 628; x_wconf 91' lang='lat' dir='ltr'><strong>me</strong></span> <span class='ocrx_word' id='word_1_7' title='bbox 331 553 438 646; x_wconf 78' lang='lat' dir='ltr'><strong>igitur</strong></span> <span class='ocrx_word' id='word_1_8' title='bbox 459 553 526 624; x_wconf 88' lang='lat' dir='ltr'><strong>hoc</strong></span> <span class='ocrx_word' id='word_1_9' title='bbox 545 547 682 645; x_wconf 88' lang='lat' dir='ltr'><strong>inope‘m</strong></span> <span class='ocrx_word' id='word_1_10' title='bbox 707 550 798 620; x_wconf 84' lang='lat' dir='ltr'><strong>iacit.</strong></span> <span class='ocrx_word' id='word_1_11' title='bbox 825 548 948 622; x_wconf 83' lang='lat' dir='ltr'>Audeo</span> <span class='ocrx_word' id='word_1_12' title='bbox 974 549 1040 621; x_wconf 93' lang='lat' dir='ltr'><strong>hac</strong></span> <span class='ocrx_word' id='word_1_13' title='bbox 1072 551 1107 622; x_wconf 93' lang='lat' dir='ltr'><strong>in</strong></span> <span class='ocrx_word' id='word_1_14' title='bbox 1140 561 1239 646; x_wconf 90' lang='lat' dir='ltr'><strong>parte</strong></span> 
     </span>
     <span class='ocr_line' id='line_1_3' title="bbox 155 671 1240 773; baseline -0.005 -22"><span class='ocrx_word' id='word_1_15' title='bbox 155 677 323 773; x_wconf 82' lang='lat' dir='ltr'>quiddam</span> <span class='ocrx_word' id='word_1_16' title='bbox 344 675 429 770; x_wconf 88' lang='lat' dir='ltr'><strong>mihi</strong></span> <span class='ocrx_word' id='word_1_17' title='bbox 451 675 630 770; x_wconf 78' lang='lat' dir='ltr'><strong>singulare</strong></span> <span class='ocrx_word' id='word_1_18' title='bbox 652 671 821 758; x_wconf 90' lang='lat' dir='ltr'><strong>tribuere,</strong></span> <span class='ocrx_word' id='word_1_19' title='bbox 853 673 924 744; x_wconf 94' lang='lat' dir='ltr'><strong>imo</strong></span> <span class='ocrx_word' id='word_1_20' title='bbox 952 693 1021 744; x_wconf 92' lang='lat' dir='ltr'><strong>nou</strong></span> <span class='ocrx_word' id='word_1_21' title='bbox 1051 671 1153 758; x_wconf 88' lang='lat' dir='ltr'><strong>mihi,</strong></span> <span class='ocrx_word' id='word_1_22' title='bbox 1176 674 1240 746; x_wconf 92' lang='lat' dir='ltr'><strong>sed</strong></span> 
     </span>
     <span class='ocr_line' id='line_1_4' title="bbox 156 794 1239 894; baseline -0.006 -19"><span class='ocrx_word' id='word_1_23' title='bbox 156 806 205 876; x_wconf 88' lang='lat' dir='ltr'><strong>iili</strong></span> <span class='ocrx_word' id='word_1_24' title='bbox 225 801 285 874; x_wconf 93' lang='lat' dir='ltr'><strong>uni</strong></span> <span class='ocrx_word' id='word_1_25' title='bbox 306 823 325 872; x_wconf 92' lang='lat' dir='ltr'><strong>a</strong></span> <span class='ocrx_word' id='word_1_26' title='bbox 347 819 417 894; x_wconf 93' lang='lat' dir='ltr'><strong>quo</strong></span> <span class='ocrx_word' id='word_1_27' title='bbox 435 807 492 870; x_wconf 91' lang='lat' dir='ltr'><strong>est</strong></span> <span class='ocrx_word' id='word_1_28' title='bbox 510 817 630 881; x_wconf 91' lang='lat' dir='ltr'><strong>omne,</strong></span> <span class='ocrx_word' id='word_1_29' title='bbox 653 797 683 866; x_wconf 94' lang='lat' dir='ltr'><strong>si</strong></span> <span class='ocrx_word' id='word_1_30' title='bbox 703 794 789 890; x_wconf 95' lang='lat' dir='ltr'><strong>quid</strong></span> <span class='ocrx_word' id='word_1_31' title='bbox 814 796 849 865; x_wconf 92' lang='lat' dir='ltr'><strong>in</strong></span> <span class='ocrx_word' id='word_1_32' title='bbox 876 815 933 866; x_wconf 89' lang='lat' dir='ltr'><strong>me</strong></span> <span class='ocrx_word' id='word_1_33' title='bbox 958 797 1014 867; x_wconf 89' lang='lat' dir='ltr'><strong>vei</strong></span> <span class='ocrx_word' id='word_1_34' title='bbox 1038 797 1178 870; x_wconf 93' lang='lat' dir='ltr'><strong>omnino</strong></span> <span class='ocrx_word' id='word_1_35' title='bbox 1203 798 1239 868; x_wconf 94' lang='lat' dir='ltr'><strong>in</strong></span> 
     </span>
     <span class='ocr_line' id='line_1_5' title="bbox 157 919 1241 1012; baseline -0.006 -15"><span class='ocrx_word' id='word_1_36' title='bbox 157 927 298 998; x_wconf 84' lang='lat' dir='ltr'><strong>homine</strong></span> <span class='ocrx_word' id='word_1_37' title='bbox 321 923 404 996; x_wconf 91' lang='lat' dir='ltr'><strong>boni</strong></span> <span class='ocrx_word' id='word_1_38' title='bbox 430 933 494 994; x_wconf 89' lang='lat' dir='ltr'><strong>est.</strong></span> <span class='ocrx_word' id='word_1_39' title='bbox 516 920 609 1006; x_wconf 90' lang='lat' dir='ltr'><strong>Quid</strong></span> <span class='ocrx_word' id='word_1_40' title='bbox 635 923 669 991; x_wconf 94' lang='lat' dir='ltr'><strong>in</strong></span> <span class='ocrx_word' id='word_1_41' title='bbox 691 921 828 1012; x_wconf 82' lang='lat' dir='ltr'><strong>magnis</strong></span> <span class='ocrx_word' id='word_1_42' title='bbox 850 919 975 1012; x_wconf 84' lang='lat' dir='ltr'><strong>opibus</strong></span> <span class='ocrx_word' id='word_1_43' title='bbox 1002 929 1144 990; x_wconf 87' lang='lat' dir='ltr'><strong>acturus</strong></span> <span class='ocrx_word' id='word_1_44' title='bbox 1165 922 1241 992; x_wconf 85' lang='lat' dir='ltr'><strong>fue·</strong></span> 
     </span>
     <span class='ocr_line' id='line_1_6' title="bbox 157 1041 1241 1141; baseline -0.006 -20"><span class='ocrx_word' id='word_1_45' title='bbox 157 1052 237 1135; x_wconf 89' lang='lat' dir='ltr'><strong>rim,</strong></span> <span class='ocrx_word' id='word_1_46' title='bbox 261 1047 431 1141; x_wconf 91' lang='lat' dir='ltr'><strong>seuquid</strong></span> <span class='ocrx_word' id='word_1_47' title='bbox 456 1043 562 1118; x_wconf 90' lang='lat' dir='ltr'><strong>animi</strong></span> <span class='ocrx_word' id='word_1_48' title='bbox 589 1043 773 1116; x_wconf 88' lang='lat' dir='ltr'><strong>habiturus</strong></span> <span class='ocrx_word' id='word_1_49' title='bbox 807 1044 937 1115; x_wconf 89' lang='lat' dir='ltr'><strong>nescio.</strong></span> <span class='ocrx_word' id='word_1_50' title='bbox 972 1041 1039 1115; x_wconf 87' lang='lat' dir='ltr'><strong>Sed</strong></span> <span class='ocrx_word' id='word_1_51' title='bbox 1072 1043 1118 1115; x_wconf 92' lang='lat' dir='ltr'><strong>ad</strong></span> <span class='ocrx_word' id='word_1_52' title='bbox 1147 1042 1241 1115; x_wconf 89' lang='lat' dir='ltr'><strong>huno</strong></span> 
     </span>
     <span class='ocr_line' id='line_1_7' title="bbox 156 1166 1240 1264; baseline -0.006 -21"><span class='ocrx_word' id='word_1_53' title='bbox 156 1171 249 1243; x_wconf 89' lang='lat' dir='ltr'><strong>diem</strong></span> <span class='ocrx_word' id='word_1_54' title='bbox 269 1192 341 1264; x_wconf 95' lang='lat' dir='ltr'><strong>quo</strong></span> <span class='ocrx_word' id='word_1_55' title='bbox 361 1172 440 1263; x_wconf 89' lang='lat' dir='ltr'><strong>plns</strong></span> <span class='ocrx_word' id='word_1_56' title='bbox 462 1166 569 1239; x_wconf 92' lang='lat' dir='ltr'><strong>habui</strong></span> <span class='ocrx_word' id='word_1_57' title='bbox 588 1188 631 1239; x_wconf 92' lang='lat' dir='ltr'><strong>eo</strong></span> <span class='ocrx_word' id='word_1_58' title='bbox 651 1167 767 1238; x_wconf 93' lang='lat' dir='ltr'><strong>minus</strong></span> <span class='ocrx_word' id='word_1_59' title='bbox 787 1166 921 1262; x_wconf 89' lang='lat' dir='ltr'><strong>optavi,</strong></span> <span class='ocrx_word' id='word_1_60' title='bbox 948 1175 986 1238; x_wconf 90' lang='lat' dir='ltr'><strong>et</strong></span> <span class='ocrx_word' id='word_1_61' title='bbox 1016 1188 1088 1260; x_wconf 95' lang='lat' dir='ltr'><strong>quo</strong></span> <span class='ocrx_word' id='word_1_62' title='bbox 1120 1187 1240 1238; x_wconf 88' lang='lat' dir='ltr'><strong>rerum</strong></span> 
     </span>
     <span class='ocr_line' id='line_1_8' title="bbox 156 1288 1241 1387; baseline -0.006 -22"><span class='ocrx_word' id='word_1_63' title='bbox 156 1292 254 1387; x_wconf 87' lang='lat' dir='ltr'><strong>copia</strong></span> <span class='ocrx_word' id='word_1_64' title='bbox 281 1291 425 1383; x_wconf 79' lang='lat' dir='ltr'><strong>largior,</strong></span> <span class='ocrx_word' id='word_1_65' title='bbox 448 1311 491 1362; x_wconf 93' lang='lat' dir='ltr'><strong>eo</strong></span> <span class='ocrx_word' id='word_1_66' title='bbox 524 1301 559 1362; x_wconf 89' lang='lat' dir='ltr'><strong>et</strong></span> <span class='ocrx_word' id='word_1_67' title='bbox 591 1289 823 1383; x_wconf 89' lang='lat' dir='ltr'><strong>tranquillitas</strong></span> <span class='ocrx_word' id='word_1_68' title='bbox 844 1289 927 1361; x_wconf 86' lang='lat' dir='ltr'><strong>vitae</strong></span> <span class='ocrx_word' id='word_1_69' title='bbox 946 1288 1070 1374; x_wconf 87' lang='lat' dir='ltr'><strong>maior,</strong></span> <span class='ocrx_word' id='word_1_70' title='bbox 1091 1299 1127 1361; x_wconf 90' lang='lat' dir='ltr'><strong>et</strong></span> <span class='ocrx_word' id='word_1_71' title='bbox 1145 1289 1241 1383; x_wconf 90' lang='lat' dir='ltr'><strong>cupi-</strong></span> 
     </span>
     <span class='ocr_line' id='line_1_9' title="bbox 157 1412 1241 1517; baseline -0.005 -28"><span class='ocrx_word' id='word_1_72' title='bbox 157 1418 250 1490; x_wconf 88' lang='lat' dir='ltr'><strong>ditas</strong></span> <span class='ocrx_word' id='word_1_73' title='bbox 270 1416 377 1488; x_wconf 90' lang='lat' dir='ltr'><strong>animi</strong></span> <span class='ocrx_word' id='word_1_74' title='bbox 397 1413 510 1486; x_wconf 94' lang='lat' dir='ltr'><strong>minor</strong></span> <span class='ocrx_word' id='word_1_75' title='bbox 526 1416 605 1498; x_wconf 82' lang='lat' dir='ltr'><strong>fuit,</strong></span> <span class='ocrx_word' id='word_1_76' title='bbox 629 1415 816 1507; x_wconf 91' lang='lat' dir='ltr'><strong>minusque</strong></span> <span class='ocrx_word' id='word_1_77' title='bbox 845 1412 1105 1517; x_wconf 84' lang='lat' dir='ltr'><strong>solicitudinum</strong></span> <span class='ocrx_word' id='word_1_78' title='bbox 1126 1422 1161 1484; x_wconf 91' lang='lat' dir='ltr'><strong>et</strong></span> <span class='ocrx_word' id='word_1_79' title='bbox 1180 1433 1241 1485; x_wconf 90' lang='lat' dir='ltr'><strong>ou-</strong></span> 
     </span>
     <span class='ocr_line' id='line_1_10' title="bbox 156 1533 1241 1612; baseline -0.006 0"><span class='ocrx_word' id='word_1_80' title='bbox 156 1561 285 1612; x_wconf 92' lang='lat' dir='ltr'><strong>rarum.</strong></span> <span class='ocrx_word' id='word_1_81' title='bbox 319 1537 391 1610; x_wconf 88' lang='lat' dir='ltr'><strong>Nec</strong></span> <span class='ocrx_word' id='word_1_82' title='bbox 422 1557 501 1608; x_wconf 92' lang='lat' dir='ltr'><strong>sum</strong></span> <span class='ocrx_word' id='word_1_83' title='bbox 534 1536 685 1608; x_wconf 84' lang='lat' dir='ltr'><strong>difficilis</strong></span> <span class='ocrx_word' id='word_1_84' title='bbox 714 1533 759 1608; x_wconf 90' lang='lat' dir='ltr'><strong>ad</strong></span> <span class='ocrx_word' id='word_1_85' title='bbox 789 1533 1000 1608; x_wconf 84' lang='lat' dir='ltr'><strong>credendum</strong></span> <span class='ocrx_word' id='word_1_86' title='bbox 1027 1537 1116 1607; x_wconf 81' lang='lat' dir='ltr'><strong>sorte</strong></span> <span class='ocrx_word' id='word_1_87' title='bbox 1140 1536 1241 1607; x_wconf 88' lang='lat' dir='ltr'><strong>aliter</strong></span> 
     </span>
     <span class='ocr_line' id='line_1_11' title="bbox 155 1656 1240 1754; baseline -0.004 -20"><span class='ocrx_word' id='word_1_88' title='bbox 155 1673 378 1744; x_wconf 89' lang='lat' dir='ltr'><strong>eventurum,</strong></span> <span class='ocrx_word' id='word_1_89' title='bbox 407 1661 437 1731; x_wconf 92' lang='lat' dir='ltr'><strong>si</strong></span> <span class='ocrx_word' id='word_1_90' title='bbox 462 1657 508 1730; x_wconf 88' lang='lat' dir='ltr'><strong>ad</strong></span> <span class='ocrx_word' id='word_1_91' title='bbox 541 1679 688 1750; x_wconf 81' lang='lat' dir='ltr'><strong>magnas</strong></span> <span class='ocrx_word' id='word_1_92' title='bbox 713 1656 856 1732; x_wconf 89' lang='lat' dir='ltr'><strong>divitias</strong></span> <span class='ocrx_word' id='word_1_93' title='bbox 880 1661 1131 1754; x_wconf 78' lang='lat' dir='ltr'><strong>pervenissem.</strong></span> <span class='ocrx_word' id='word_1_94' title='bbox 1153 1659 1240 1750; x_wconf 87' lang='lat' dir='ltr'><strong>Nam</strong></span> 
     </span>
     <span class='ocr_line' id='line_1_12' title="bbox 155 1778 1241 1878; baseline -0.005 -21"><span class='ocrx_word' id='word_1_95' title='bbox 155 1797 195 1857; x_wconf 91' lang='lat' dir='ltr'><strong>ut</strong></span> <span class='ocrx_word' id='word_1_96' title='bbox 214 1783 331 1856; x_wconf 82' lang='lat' dir='ltr'><strong>navim</strong></span> <span class='ocrx_word' id='word_1_97' title='bbox 352 1803 449 1876; x_wconf 73' lang='lat' dir='ltr'><strong>saepe</strong></span> <span class='ocrx_word' id='word_1_98' title='bbox 470 1778 537 1854; x_wconf 92' lang='lat' dir='ltr'><strong>sub</strong></span> <span class='ocrx_word' id='word_1_99' title='bbox 562 1784 657 1854; x_wconf 88' lang='lat' dir='ltr'><strong>fasce</strong></span> <span class='ocrx_word' id='word_1_100' title='bbox 683 1779 790 1852; x_wconf 89' lang='lat' dir='ltr'><strong>hahiii</strong></span> <span class='ocrx_word' id='word_1_101' title='bbox 816 1782 1016 1878; x_wconf 72' lang='lat' dir='ltr'><strong>expeditam</strong></span> <span class='ocrx_word' id='word_1_102' title='bbox 1042 1779 1180 1877; x_wconf 92' lang='lat' dir='ltr'><strong>pondus</strong></span> <span class='ocrx_word' id='word_1_103' title='bbox 1205 1781 1241 1854; x_wconf 93' lang='lat' dir='ltr'><strong>in</strong></span> 
     </span>
     <span class='ocr_line' id='line_1_13' title="bbox 155 1901 1240 1978; baseline -0.003 -1"><span class='ocrx_word' id='word_1_104' title='bbox 155 1927 254 1978; x_wconf 88' lang='lat' dir='ltr'><strong>mare</strong></span> <span class='ocrx_word' id='word_1_105' title='bbox 286 1905 471 1978; x_wconf 85' lang='lat' dir='ltr'><strong>demersit:</strong></span> <span class='ocrx_word' id='word_1_106' title='bbox 506 1916 542 1976; x_wconf 88' lang='lat' dir='ltr'><strong>et</strong></span> <span class='ocrx_word' id='word_1_107' title='bbox 574 1905 694 1976; x_wconf 87' lang='lat' dir='ltr'><strong>oeulos</strong></span> <span class='ocrx_word' id='word_1_108' title='bbox 715 1901 874 1974; x_wconf 92' lang='lat' dir='ltr'><strong>modesto</strong></span> <span class='ocrx_word' id='word_1_109' title='bbox 895 1903 1025 1976; x_wconf 88' lang='lat' dir='ltr'><strong>lumine</strong></span> <span class='ocrx_word' id='word_1_110' title='bbox 1048 1904 1240 1976; x_wconf 88' lang='lat' dir='ltr'><strong>delectatos</strong></span> 
     </span>
     <span class='ocr_line' id='line_1_14' title="bbox 156 2026 1242 2121; baseline -0.003 -20"><span class='ocrx_word' id='word_1_111' title='bbox 156 2026 341 2101; x_wconf 87' lang='lat' dir='ltr'><strong>immodica</strong></span> <span class='ocrx_word' id='word_1_112' title='bbox 374 2029 438 2099; x_wconf 87' lang='lat' dir='ltr'><strong>lux</strong></span> <span class='ocrx_word' id='word_1_113' title='bbox 471 2026 634 2098; x_wconf 86' lang='lat' dir='ltr'><strong>offendit:</strong></span> <span class='ocrx_word' id='word_1_114' title='bbox 670 2026 720 2098; x_wconf 90' lang='lat' dir='ltr'><strong>sio</strong></span> <span class='ocrx_word' id='word_1_115' title='bbox 745 2036 779 2100; x_wconf 89' lang='lat' dir='ltr'><strong>et</strong></span> <span class='ocrx_word' id='word_1_116' title='bbox 804 2047 871 2118; x_wconf 78' lang='lat' dir='ltr'><strong>ego</strong></span> <span class='ocrx_word' id='word_1_117' title='bbox 897 2047 1003 2121; x_wconf 93' lang='lat' dir='ltr'><strong>opum</strong></span> <span class='ocrx_word' id='word_1_118' title='bbox 1024 2030 1114 2100; x_wconf 90' lang='lat' dir='ltr'><strong>mole</strong></span> <span class='ocrx_word' id='word_1_119' title='bbox 1135 2027 1242 2099; x_wconf 91' lang='lat' dir='ltr'><strong>nimia</strong></span> 
     </span>
     <span class='ocr_line' id='line_1_15' title="bbox 155 2150 1241 2244; baseline -0.003 -20"><span class='ocrx_word' id='word_1_120' title='bbox 155 2151 353 2225; x_wconf 86' lang='lat' dir='ltr'><strong>vincendus</strong></span> <span class='ocrx_word' id='word_1_121' title='bbox 375 2162 413 2223; x_wconf 93' lang='lat' dir='ltr'><strong>ut</strong></span> <span class='ocrx_word' id='word_1_122' title='bbox 432 2152 560 2224; x_wconf 82' lang='lat' dir='ltr'><strong>oaeteri.</strong></span> <span class='ocrx_word' id='word_1_123' title='bbox 584 2151 657 2222; x_wconf 91' lang='lat' dir='ltr'><strong>Nisi</strong></span> <span class='ocrx_word' id='word_1_124' title='bbox 678 2173 735 2224; x_wconf 90' lang='lat' dir='ltr'><strong>me</strong></span> <span class='ocrx_word' id='word_1_125' title='bbox 755 2151 841 2222; x_wconf 87' lang='lat' dir='ltr'><strong>fallit</strong></span> <span class='ocrx_word' id='word_1_126' title='bbox 858 2151 984 2244; x_wconf 90' lang='lat' dir='ltr'><strong>opinio,</strong></span> <span class='ocrx_word' id='word_1_127' title='bbox 1004 2150 1241 2223; x_wconf 77' lang='lat' dir='ltr'><strong>mediocritate</strong></span> 
     </span>
     <span class='ocr_line' id='line_1_16' title="bbox 156 2273 1239 2367; baseline -0.005 -21"><span class='ocrx_word' id='word_1_128' title='bbox 156 2276 325 2348; x_wconf 89' lang='lat' dir='ltr'><strong>haetenus</strong></span> <span class='ocrx_word' id='word_1_129' title='bbox 359 2295 437 2346; x_wconf 94' lang='lat' dir='ltr'><strong>sum</strong></span> <span class='ocrx_word' id='word_1_130' title='bbox 473 2274 640 2346; x_wconf 89' lang='lat' dir='ltr'><strong>invictus:</strong></span> <span class='ocrx_word' id='word_1_131' title='bbox 674 2276 838 2367; x_wconf 91' lang='lat' dir='ltr'><strong>quamvis</strong></span> <span class='ocrx_word' id='word_1_132' title='bbox 866 2273 933 2345; x_wconf 90' lang='lat' dir='ltr'><strong>hoc</strong></span> <span class='ocrx_word' id='word_1_133' title='bbox 958 2274 1075 2366; x_wconf 89' lang='lat' dir='ltr'><strong>ipsum</strong></span> <span class='ocrx_word' id='word_1_134' title='bbox 1106 2273 1239 2357; x_wconf 90' lang='lat' dir='ltr'><strong>multis,</strong></span> 
     </span>
     <span class='ocr_line' id='line_1_17' title="bbox 155 2395 1241 2491; baseline -0.002 -21"><span class='ocrx_word' id='word_1_135' title='bbox 155 2397 277 2471; x_wconf 87' lang='lat' dir='ltr'><strong>nescio</strong></span> <span class='ocrx_word' id='word_1_136' title='bbox 290 2421 335 2470; x_wconf 89' lang='lat' dir='ltr'><strong>an</strong></span> <span class='ocrx_word' id='word_1_137' title='bbox 348 2409 383 2471; x_wconf 86' lang='lat' dir='ltr'><strong>et</strong></span> <span class='ocrx_word' id='word_1_138' title='bbox 400 2397 472 2485; x_wconf 89' lang='lat' dir='ltr'><strong>tibi,</strong></span> <span class='ocrx_word' id='word_1_139' title='bbox 492 2419 674 2491; x_wconf 88' lang='lat' dir='ltr'><strong>perrarum</strong></span> <span class='ocrx_word' id='word_1_140' title='bbox 692 2406 798 2490; x_wconf 92' lang='lat' dir='ltr'><strong>atque</strong></span> <span class='ocrx_word' id='word_1_141' title='bbox 816 2395 1016 2469; x_wconf 85' lang='lat' dir='ltr'><strong>incredibile</strong></span> <span class='ocrx_word' id='word_1_142' title='bbox 1030 2396 1148 2468; x_wconf 85' lang='lat' dir='ltr'><strong>visum</strong></span> <span class='ocrx_word' id='word_1_143' title='bbox 1166 2398 1241 2468; x_wconf 91' lang='lat' dir='ltr'><strong>iure</strong></span> 
     </span>
     <span class='ocr_line' id='line_1_18' title="bbox 158 2518 1242 2613; baseline -0.003 -20"><span class='ocrx_word' id='word_1_144' title='bbox 158 2519 320 2593; x_wconf 91' lang='lat' dir='ltr'><strong>arbitror.</strong></span> <span class='ocrx_word' id='word_1_145' title='bbox 343 2521 378 2591; x_wconf 92' lang='lat' dir='ltr'><strong>Si</strong></span> <span class='ocrx_word' id='word_1_146' title='bbox 400 2521 466 2593; x_wconf 88' lang='lat' dir='ltr'><strong>hoo</strong></span> <span class='ocrx_word' id='word_1_147' title='bbox 485 2521 591 2612; x_wconf 78' lang='lat' dir='ltr'><strong>igitur</strong></span> <span class='ocrx_word' id='word_1_148' title='bbox 612 2532 773 2605; x_wconf 79' lang='lat' dir='ltr'><strong>nonest,</strong></span> <span class='ocrx_word' id='word_1_149' title='bbox 794 2518 889 2613; x_wconf 93' lang='lat' dir='ltr'><strong>quod</strong></span> <span class='ocrx_word' id='word_1_150' title='bbox 910 2520 991 2590; x_wconf 89' lang='lat' dir='ltr'><strong>mali</strong></span> <span class='ocrx_word' id='word_1_151' title='bbox 1011 2519 1116 2592; x_wconf 93' lang='lat' dir='ltr'><strong>huius</strong></span> <span class='ocrx_word' id='word_1_152' title='bbox 1134 2519 1242 2591; x_wconf 88' lang='lat' dir='ltr'><strong>usita-</strong></span> 
     </span>
     <span class='ocr_line' id='line_1_19' title="bbox 157 2640 1242 2739; baseline -0.002 -25"><span class='ocrx_word' id='word_1_153' title='bbox 157 2654 232 2714; x_wconf 89' lang='lat' dir='ltr'><strong>tum</strong></span> <span class='ocrx_word' id='word_1_154' title='bbox 252 2656 288 2714; x_wconf 87' lang='lat' dir='ltr'><strong>et</strong></span> <span class='ocrx_word' id='word_1_155' title='bbox 307 2645 461 2715; x_wconf 82' lang='lat' dir='ltr'><strong>maxime</strong></span> <span class='ocrx_word' id='word_1_156' title='bbox 482 2645 661 2739; x_wconf 90' lang='lat' dir='ltr'><strong>proprium</strong></span> <span class='ocrx_word' id='word_1_157' title='bbox 683 2641 880 2729; x_wconf 85' lang='lat' dir='ltr'><strong>videretur,</strong></span> <span class='ocrx_word' id='word_1_158' title='bbox 902 2642 987 2735; x_wconf 93' lang='lat' dir='ltr'><strong>quid</strong></span> <span class='ocrx_word' id='word_1_159' title='bbox 1006 2640 1100 2713; x_wconf 89' lang='lat' dir='ltr'><strong>aliud</strong></span> <span class='ocrx_word' id='word_1_160' title='bbox 1124 2661 1242 2714; x_wconf 83' lang='lat' dir='ltr'><strong>causae</strong></span> 
     </span>
     <span class='ocr_line' id='line_1_20' title="bbox 156 2763 1241 2859; baseline -0.004 -23"><span class='ocrx_word' id='word_1_161' title='bbox 156 2766 235 2836; x_wconf 78' lang='lat' dir='ltr'><strong>esti</strong></span> <span class='ocrx_word' id='word_1_162' title='bbox 260 2765 379 2834; x_wconf 77' lang='lat' dir='ltr'><strong>forsan</strong></span> <span class='ocrx_word' id='word_1_163' title='bbox 405 2764 613 2857; x_wconf 79' lang='lat' dir='ltr'><strong>interroges.</strong></span> <span class='ocrx_word' id='word_1_164' title='bbox 641 2767 759 2837; x_wconf 87' lang='lat' dir='ltr'><strong>Dicam</strong></span> <span class='ocrx_word' id='word_1_165' title='bbox 785 2787 855 2859; x_wconf 95' lang='lat' dir='ltr'><strong>quo</strong></span> <span class='ocrx_word' id='word_1_166' title='bbox 880 2765 931 2838; x_wconf 88' lang='lat' dir='ltr'><strong>rei</strong></span> <span class='ocrx_word' id='word_1_167' title='bbox 964 2763 1068 2836; x_wconf 92' lang='lat' dir='ltr'><strong>simul</strong></span> <span class='ocrx_word' id='word_1_168' title='bbox 1100 2785 1141 2835; x_wconf 91' lang='lat' dir='ltr'><strong>ac</strong></span> <span class='ocrx_word' id='word_1_169' title='bbox 1173 2765 1241 2835; x_wconf 91' lang='lat' dir='ltr'><strong>mei</strong></span> 
     </span>
     <span class='ocr_line' id='line_1_21' title="bbox 156 2888 1241 2981; baseline 0 -25"><span class='ocrx_word' id='word_1_170' title='bbox 156 2897 317 2960; x_wconf 90' lang='lat' dir='ltr'><strong>naturam</strong></span> <span class='ocrx_word' id='word_1_171' title='bbox 339 2888 508 2960; x_wconf 91' lang='lat' dir='ltr'><strong>intuearis</strong></span> <span class='ocrx_word' id='word_1_172' title='bbox 533 2888 701 2981; x_wconf 88' lang='lat' dir='ltr'><strong>apertius.</strong></span> <span class='ocrx_word' id='word_1_173' title='bbox 734 2890 800 2960; x_wconf 85' lang='lat' dir='ltr'><strong>Est</strong></span> <span class='ocrx_word' id='word_1_174' title='bbox 832 2888 993 2981; x_wconf 88' lang='lat' dir='ltr'><strong>equidem</strong></span> <span class='ocrx_word' id='word_1_175' title='bbox 1019 2888 1078 2963; x_wconf 90' lang='lat' dir='ltr'><strong>illa</strong></span> <span class='ocrx_word' id='word_1_176' title='bbox 1101 2907 1241 2980; x_wconf 91' lang='lat' dir='ltr'><strong>quoque</strong></span> 
     </span>
     <span class='ocr_line' id='line_1_22' title="bbox 156 3010 1241 3106; baseline -0.002 -24"><span class='ocrx_word' id='word_1_177' title='bbox 156 3021 324 3104; x_wconf 88' lang='lat' dir='ltr'><strong>perpetua</strong></span> <span class='ocrx_word' id='word_1_178' title='bbox 344 3019 379 3083; x_wconf 89' lang='lat' dir='ltr'><strong>et</strong></span> <span class='ocrx_word' id='word_1_179' title='bbox 399 3010 626 3084; x_wconf 86' lang='lat' dir='ltr'><strong>immutahiiis</strong></span> <span class='ocrx_word' id='word_1_180' title='bbox 645 3033 752 3106; x_wconf 89' lang='lat' dir='ltr'><strong>opum</strong></span> <span class='ocrx_word' id='word_1_181' title='bbox 769 3014 842 3096; x_wconf 76' lang='lat' dir='ltr'><strong>len,</strong></span> <span class='ocrx_word' id='word_1_182' title='bbox 858 3021 897 3083; x_wconf 93' lang='lat' dir='ltr'><strong>ut</strong></span> <span class='ocrx_word' id='word_1_183' title='bbox 913 3015 992 3083; x_wconf 90' lang='lat' dir='ltr'><strong>cum</strong></span> <span class='ocrx_word' id='word_1_184' title='bbox 1010 3031 1130 3082; x_wconf 89' lang='lat' dir='ltr'><strong>earum</strong></span> <span class='ocrx_word' id='word_1_185' title='bbox 1148 3031 1241 3080; x_wconf 89' lang='lat' dir='ltr'><strong>sem-</strong></span> 
     </span>
     <span class='ocr_line' id='line_1_23' title="bbox 156 3126 1240 3226; baseline 0 -24"><span class='ocrx_word' id='word_1_186' title='bbox 156 3151 219 3224; x_wconf 88' lang='lat' dir='ltr'><strong>per</strong></span> <span class='ocrx_word' id='word_1_187' title='bbox 239 3142 429 3222; x_wconf 79' lang='lat' dir='ltr'><strong>ougmento</strong></span> <span class='ocrx_word' id='word_1_188' title='bbox 448 3155 669 3207; x_wconf 89' lang='lat' dir='ltr'><strong>corrosorum</strong></span> <span class='ocrx_word' id='word_1_189' title='bbox 692 3156 861 3206; x_wconf 91' lang='lat' dir='ltr'><strong>numerus</strong></span> <span class='ocrx_word' id='word_1_190' title='bbox 881 3126 1060 3226; x_wconf 81' lang='lat' dir='ltr'><strong>augeatur.</strong></span> <span class='ocrx_word' id='word_1_191' title='bbox 1083 3131 1240 3204; x_wconf 81' lang='lat' dir='ltr'><strong>Sciebam</strong></span> 
     </span>
     <span class='ocr_line' id='line_1_24' title="bbox 157 3252 1242 3352; baseline 0.006 -29"><span class='ocrx_word' id='word_1_192' title='bbox 157 3252 250 3325; x_wconf 89' lang='lat' dir='ltr'><strong>hano</strong></span> <span class='ocrx_word' id='word_1_193' title='bbox 269 3273 351 3326; x_wconf 88' lang='lat' dir='ltr'><strong>esse</strong></span> <span class='ocrx_word' id='word_1_194' title='bbox 372 3258 579 3328; x_wconf 86' lang='lat' dir='ltr'><strong>senteutiam</strong></span> <span class='ocrx_word' id='word_1_195' title='bbox 601 3258 811 3340; x_wconf 84' lang='lat' dir='ltr'><strong>Salomonis3</strong></span> <span class='ocrx_word' id='word_1_196' title='bbox 829 3267 865 3329; x_wconf 93' lang='lat' dir='ltr'><strong>at</strong></span> <span class='ocrx_word' id='word_1_197' title='bbox 881 3259 1064 3352; x_wconf 87' lang='lat' dir='ltr'><strong>inexperta</strong></span> <span class='ocrx_word' id='word_1_198' title='bbox 1081 3259 1144 3327; x_wconf 85' lang='lat' dir='ltr'><strong>vix</strong></span> <span class='ocrx_word' id='word_1_199' title='bbox 1165 3279 1242 3329; x_wconf 90' lang='lat' dir='ltr'><strong>ore-</strong></span> 
     </span>
     <span class='ocr_line' id='line_1_25' title="bbox 157 3375 1239 3468; baseline 0.006 -20"><span class='ocrx_word' id='word_1_200' title='bbox 157 3375 285 3450; x_wconf 79' lang='lat' dir='ltr'><strong>dimus,</strong></span> <span class='ocrx_word' id='word_1_201' title='bbox 305 3376 375 3447; x_wconf 90' lang='lat' dir='ltr'><strong>Sed</strong></span> <span class='ocrx_word' id='word_1_202' title='bbox 391 3377 554 3449; x_wconf 92' lang='lat' dir='ltr'><strong>novimus</strong></span> <span class='ocrx_word' id='word_1_203' title='bbox 568 3379 654 3450; x_wconf 87' lang='lat' dir='ltr'><strong>iarn:</strong></span> <span class='ocrx_word' id='word_1_204' title='bbox 668 3399 737 3450; x_wconf 88' lang='lat' dir='ltr'><strong>non</strong></span> <span class='ocrx_word' id='word_1_205' title='bbox 757 3378 841 3450; x_wconf 91' lang='lat' dir='ltr'><strong>mihi</strong></span> <span class='ocrx_word' id='word_1_206' title='bbox 855 3379 1042 3452; x_wconf 82' lang='lat' dir='ltr'><strong>credulitas</strong></span> <span class='ocrx_word' id='word_1_207' title='bbox 1059 3379 1239 3468; x_wconf 74' lang='lat' dir='ltr'><strong>reiturus,</strong></span> 
     </span>
     <span class='ocr_line' id='line_1_26' title="bbox 158 3498 1241 3595; baseline 0.006 -26"><span class='ocrx_word' id='word_1_208' title='bbox 158 3498 224 3572; x_wconf 92' lang='lat' dir='ltr'><strong>sed</strong></span> <span class='ocrx_word' id='word_1_209' title='bbox 242 3499 363 3572; x_wconf 91' lang='lat' dir='ltr'><strong>notitia</strong></span> <span class='ocrx_word' id='word_1_210' title='bbox 383 3511 478 3571; x_wconf 88' lang='lat' dir='ltr'><strong>certa</strong></span> <span class='ocrx_word' id='word_1_211' title='bbox 499 3511 564 3571; x_wconf 90' lang='lat' dir='ltr'><strong>est.</strong></span> <span class='ocrx_word' id='word_1_212' title='bbox 587 3499 721 3573; x_wconf 84' lang='lat' dir='ltr'><strong>Aurum</strong></span> <span class='ocrx_word' id='word_1_213' title='bbox 743 3523 806 3595; x_wconf 88' lang='lat' dir='ltr'><strong>per</strong></span> <span class='ocrx_word' id='word_1_214' title='bbox 825 3502 953 3594; x_wconf 84' lang='lat' dir='ltr'><strong>digitos</strong></span> <span class='ocrx_word' id='word_1_215' title='bbox 976 3523 1072 3575; x_wconf 88' lang='lat' dir='ltr'><strong>meos</strong></span> <span class='ocrx_word' id='word_1_216' title='bbox 1093 3503 1241 3575; x_wconf 91' lang='lat' dir='ltr'><strong>transire</strong></span> 
     </span>
     <span class='ocr_line' id='line_1_27' title="bbox 157 3620 1240 3717; baseline 0.005 -23"><span class='ocrx_word' id='word_1_217' title='bbox 157 3620 289 3707; x_wconf 85' lang='lat' dir='ltr'><strong>didicit,</strong></span> <span class='ocrx_word' id='word_1_218' title='bbox 311 3643 380 3695; x_wconf 93' lang='lat' dir='ltr'><strong>non</strong></span> <span class='ocrx_word' id='word_1_219' title='bbox 404 3622 559 3708; x_wconf 83' lang='lat' dir='ltr'><strong>haerere3</strong></span> <span class='ocrx_word' id='word_1_220' title='bbox 585 3625 699 3716; x_wconf 86' lang='lat' dir='ltr'><strong>placet</strong></span> <span class='ocrx_word' id='word_1_221' title='bbox 723 3623 883 3717; x_wconf 88' lang='lat' dir='ltr'><strong>equidem</strong></span> <span class='ocrx_word' id='word_1_222' title='bbox 918 3647 960 3698; x_wconf 89' lang='lat' dir='ltr'><strong>ac</strong></span> <span class='ocrx_word' id='word_1_223' title='bbox 992 3627 1151 3699; x_wconf 83' lang='lat' dir='ltr'><strong>delectat.</strong></span> <span class='ocrx_word' id='word_1_224' title='bbox 1186 3625 1240 3699; x_wconf 83' lang='lat' dir='ltr'><strong>Ad</strong></span> 
     </span>
     <span class='ocr_line' id='line_1_28' title="bbox 158 3745 1238 3840; baseline 0.004 -24"><span class='ocrx_word' id='word_1_225' title='bbox 158 3745 225 3818; x_wconf 94' lang='lat' dir='ltr'><strong>hoc</strong></span> <span class='ocrx_word' id='word_1_226' title='bbox 249 3745 341 3817; x_wconf 89' lang='lat' dir='ltr'><strong>enim</strong></span> <span class='ocrx_word' id='word_1_227' title='bbox 366 3748 572 3840; x_wconf 83' lang='lat' dir='ltr'><strong>quaesitum,</strong></span> <span class='ocrx_word' id='word_1_228' title='bbox 596 3748 789 3831; x_wconf 88' lang='lat' dir='ltr'><strong>inventum,</strong></span> <span class='ocrx_word' id='word_1_229' title='bbox 817 3747 1000 3836; x_wconf 84' lang='lat' dir='ltr'><strong>effossum,</strong></span> <span class='ocrx_word' id='word_1_230' title='bbox 1026 3749 1238 3835; x_wconf 88' lang='lat' dir='ltr'><strong>abstersum,</strong></span> 
     </span>
     <span class='ocr_line' id='line_1_29' title="bbox 157 3870 1241 3964; baseline 0.004 -24"><span class='ocrx_word' id='word_1_231' title='bbox 157 3870 470 3963; x_wconf 81' lang='lat' dir='ltr'><strong>consignatumque</strong></span> <span class='ocrx_word' id='word_1_232' title='bbox 489 3880 546 3943; x_wconf 91' lang='lat' dir='ltr'><strong>est</strong></span> <span class='ocrx_word' id='word_1_233' title='bbox 569 3891 709 3955; x_wconf 87' lang='lat' dir='ltr'><strong>aurum,</strong></span> <span class='ocrx_word' id='word_1_234' title='bbox 736 3891 807 3941; x_wconf 93' lang='lat' dir='ltr'><strong>non</strong></span> <span class='ocrx_word' id='word_1_235' title='bbox 831 3881 871 3942; x_wconf 91' lang='lat' dir='ltr'><strong>ut</strong></span> <span class='ocrx_word' id='word_1_236' title='bbox 895 3872 1104 3964; x_wconf 90' lang='lat' dir='ltr'><strong>cupiditates</strong></span> <span class='ocrx_word' id='word_1_237' title='bbox 1131 3874 1241 3946; x_wconf 92' lang='lat' dir='ltr'><strong>homi-</strong></span> 
     </span>
     <span class='ocr_line' id='line_1_30' title="bbox 157 3992 1240 4100; baseline 0.005 -37"><span class='ocrx_word' id='word_1_238' title='bbox 157 4011 240 4100; x_wconf 84' lang='lat' dir='ltr'><strong>num</strong></span> <span class='ocrx_word' id='word_1_239' title='bbox 262 3992 388 4064; x_wconf 89' lang='lat' dir='ltr'><strong>stando</strong></span> <span class='ocrx_word' id='word_1_240' title='bbox 408 3996 554 4078; x_wconf 89' lang='lat' dir='ltr'><strong>nutriat,</strong></span> <span class='ocrx_word' id='word_1_241' title='bbox 575 3993 639 4066; x_wconf 91' lang='lat' dir='ltr'><strong>sed</strong></span> <span class='ocrx_word' id='word_1_242' title='bbox 665 4002 703 4064; x_wconf 92' lang='lat' dir='ltr'><strong>ut</strong></span> <span class='ocrx_word' id='word_1_243' title='bbox 729 3993 945 4066; x_wconf 86' lang='lat' dir='ltr'><strong>transeundo</strong></span> <span class='ocrx_word' id='word_1_244' title='bbox 972 3996 1240 4069; x_wconf 85' lang='lat' dir='ltr'><strong>necessitatibus</strong></span> 
     </span>
     <span class='ocr_line' id='line_1_31' title="bbox 158 4113 1241 4211; baseline 0.007 -27"><span class='ocrx_word' id='word_1_245' title='bbox 158 4113 348 4188; x_wconf 90' lang='lat' dir='ltr'><strong>medeatur.</strong></span> <span class='ocrx_word' id='word_1_246' title='bbox 382 4116 426 4186; x_wconf 85' lang='lat' dir='ltr'><strong>Et</strong></span> <span class='ocrx_word' id='word_1_247' title='bbox 458 4116 575 4190; x_wconf 89' lang='lat' dir='ltr'><strong>hercle</strong></span> <span class='ocrx_word' id='word_1_248' title='bbox 608 4138 732 4190; x_wconf 91' lang='lat' dir='ltr'><strong>aurum</strong></span> <span class='ocrx_word' id='word_1_249' title='bbox 765 4115 827 4210; x_wconf 91' lang='lat' dir='ltr'><strong>qui</strong></span> <span class='ocrx_word' id='word_1_250' title='bbox 857 4117 988 4211; x_wconf 89' lang='lat' dir='ltr'><strong>spernit</strong></span> <span class='ocrx_word' id='word_1_251' title='bbox 1015 4118 1148 4206; x_wconf 86' lang='lat' dir='ltr'><strong>sobrie,</strong></span> <span class='ocrx_word' id='word_1_252' title='bbox 1175 4141 1241 4192; x_wconf 90' lang='lat' dir='ltr'><strong>nec</strong></span> 
     </span>
    </p>
   </div>
   <div class='ocr_carea' id='block_1_3' title="bbox 158 4235 1239 4414">
    <p class='ocr_par' dir='ltr' id='par_1_3' title="bbox 158 4235 1239 4414">
     <span class='ocr_line' id='line_1_32' title="bbox 158 4235 1239 4336; baseline 0.004 -26"><span class='ocrx_word' id='word_1_253' title='bbox 158 4245 238 4330; x_wconf 89' lang='lat' dir='ltr'><strong>post</strong></span> <span class='ocrx_word' id='word_1_254' title='bbox 255 4237 339 4310; x_wconf 89' lang='lat' dir='ltr'><strong>illud</strong></span> <span class='ocrx_word' id='word_1_255' title='bbox 357 4235 442 4324; x_wconf 86' lang='lat' dir='ltr'><strong>abit,</strong></span> <span class='ocrx_word' id='word_1_256' title='bbox 458 4261 522 4312; x_wconf 87' lang='lat' dir='ltr'><strong>uec</strong></span> <span class='ocrx_word' id='word_1_257' title='bbox 542 4238 577 4312; x_wconf 90' lang='lat' dir='ltr'><strong>in</strong></span> <span class='ocrx_word' id='word_1_258' title='bbox 597 4241 657 4314; x_wconf 89' lang='lat' dir='ltr'><strong>ilio</strong></span> <span class='ocrx_word' id='word_1_259' title='bbox 675 4251 805 4335; x_wconf 90' lang='lat' dir='ltr'><strong>sperat,</strong></span> <span class='ocrx_word' id='word_1_260' title='bbox 821 4243 878 4314; x_wconf 87' lang='lat' dir='ltr'><strong>iiie</strong></span> <span class='ocrx_word' id='word_1_261' title='bbox 896 4240 980 4313; x_wconf 91' lang='lat' dir='ltr'><strong>mihi</strong></span> <span class='ocrx_word' id='word_1_262' title='bbox 997 4263 1083 4314; x_wconf 90' lang='lat' dir='ltr'><strong>vere</strong></span> <span class='ocrx_word' id='word_1_263' title='bbox 1101 4243 1239 4336; x_wconf 89' lang='lat' dir='ltr'><strong>sapiens</strong></span> 
     </span>
     <span class='ocr_line' id='line_1_33' title="bbox 283 4361 1083 4414; baseline 0.004 -7"><span class='ocrx_word' id='word_1_264' title='bbox 283 4368 309 4407; x_wconf 89' lang='grc' dir='ltr'><strong>ιι.</strong></span> <span class='ocrx_word' id='word_1_265' title='bbox 1053 4361 1083 4414; x_wconf 81' lang='grc'><strong>36</strong></span> 
     </span>
    </p>
   </div>
   <div class='ocr_carea' id='block_1_4' title="bbox 0 0 1518 4802">
    <p class='ocr_par' dir='ltr' id='par_1_4' title="bbox 0 0 1518 4802">
     <span class='ocr_line' id='line_1_34' title="bbox 0 0 1518 4802; baseline 0 0"><span class='ocrx_word' id='word_1_266' title='bbox 0 0 1518 4802; x_wconf 95' lang='lat' dir='ltr'><strong> </strong></span> 
     </span>
    </p>
   </div>
  </div>
 </body>
</html>
