3024 4802
260 368 319 428 lat
600 381 641 427 nn
662 380 762 429 uenus
782 380 1003 429 rnummnmus

259 531 395 604 gressa,
428 510 487 581 nbi
516 511 658 583 immota
684 513 856 585 serenitas
880 512 1027 596 habitat,
1062 533 1132 605 quo
1165 512 1281 606 lippus
1306 521 1343 583 et

259 635 366 704 multa
384 632 531 724 caligine
548 632 684 704 obsitus
701 635 859 728 popellus
877 637 1006 706 frustra
1027 633 1193 727 suspicit?
1210 632 1280 706 Sed
1296 655 1342 705 ne

258 758 367 825 multa
388 755 432 826 de
451 755 534 840 hoc,
562 755 611 826 sic
632 754 693 825 tibi
714 756 886 849 persuade
909 755 954 826 ad
982 755 1178 849 opinionem
1208 778 1339 839 meam,

258 902 362 972 quam
380 875 582 950 iamdudum
609 878 832 973 impleveraS,
855 877 1041 949 laxandam
1056 879 1185 950 nullius
1200 877 1341 950 omnino

258 1001 454 1075 facundiam
483 1010 617 1071 tantum
648 999 846 1072 habituram
876 998 1018 1085 virium,
1050 1009 1219 1093 quantum
1248 999 1342 1070 illius

260 1124 432 1196 silentium
455 1132 644 1215 stuporque
664 1121 796 1192 habuit.

762 1361 839 1370 ..—-.-

688 1605 866 1672 EPISTULA
887 1606 920 1668 X.

338 1795 532 1846 Fanuclscus
554 1794 723 1844 rennuunt
744 1793 921 1846 Futuclsco
943 1793 1050 1845 Patent
1070 1795 1263 1846 SANGTORUM

607 1898 840 1952 tposrotottuu
861 1901 887 1950 S.
908 1899 938 1948 P.
959 1901 990 1949 D.

613 2089 654 2144 De
668 2088 778 2160 legibus
793 2090 989 2146 conviviorum.

355 2309 425 2411 Oh!
449 2341 533 2413 felix
558 2295 747 2435 laetumque
764 2342 964 2414 convivium
981 2341 1077 2436 qnod
1094 2342 1181 2413 tales
1202 2350 1342 2434 tamque

257 2461 439 2533 unanimes
448 2472 518 2536 tres
529 2465 659 2537 amicos
672 2465 766 2558 apud
781 2475 815 2536 te
827 2463 1011 2537 nostrisub
1023 2464 1215 2536 adventum
1223 2462 1337 2534 nuntii

256 2578 343 2656 festa
356 2586 432 2657 luce
444 2596 676 2659 contraxerat.
688 2588 796 2659 Marci
805 2588 972 2660 Varronis
985 2587 1030 2660 de
1042 2589 1121 2678 lege
1133 2585 1288 2659 convivii
1300 2584 1342 2657 li-

256 2706 320 2778 ber
338 2717 405 2793 est,
428 2707 489 2781 ubi
513 2708 598 2782 illud
618 2710 708 2782 inter
728 2713 838 2782 multa
858 2711 1111 2805 praecipitarat
1128 2731 1243 2802 neque
1264 2709 1342 2801 plu-

256 2849 313 2900 res
333 2831 456 2915 Musis,
479 2853 594 2925 neque
613 2833 795 2927 pauciores
808 2833 935 2903 Gratiis
956 2832 1025 2903 sint
1044 2832 1219 2912 convivae,
1239 2851 1285 2902 ne
1305 2829 1341 2900 in

255 2953 402 3023 alterum
414 2956 778 3038 extremorumautin
788 2953 925 3025 turbam
935 2962 996 3026 aut
1008 2953 1044 3024 in
1053 2953 1273 3026 solitudinem
1285 2970 1340 3022 res

254 3082 324 3154 eat3
338 3073 416 3157 etsi,
432 3073 546 3146 iudice
559 3095 627 3158 me,
643 3097 782 3169 semper
801 3076 847 3148 ad
865 3077 1086 3150 solitudinem
1106 3073 1337 3168 vergendum.

254 3197 351 3268 Nosti
373 3196 458 3290 quid
482 3208 652 3295 praeterea
673 3199 868 3272 convivalis
894 3201 951 3274 illa
976 3203 1037 3272 lex
1064 3197 1210 3280 sanciat,
1233 3205 1271 3268 ut
1296 3195 1340 3268 sit

256 3319 417 3391 omnibus
443 3321 517 3392 suis
544 3321 698 3394 numeris
723 3323 926 3396 convivium
953 3321 1164 3395 absolutum.
1192 3318 1228 3390 Si
1244 3316 1337 3400 belli,

256 3423 375 3537 inquit
398 3444 600 3516 homunculi
621 3446 753 3518 collecti
775 3439 869 3518 sunt:
887 3445 982 3538 quod
1001 3444 1080 3518 ideo
1100 3443 1230 3515 dictum
1255 3447 1340 3534 puto

254 3566 336 3658 quia
361 3566 537 3638 hominum
567 3569 832 3663 praepotentium
866 3567 1068 3659 magnitudo
1102 3561 1339 3656 tranquillitati

255 3692 325 3760 fere
347 3709 485 3783 semper
505 3690 656 3763 adversa
682 3701 750 3775 est,
778 3713 848 3764 non
873 3692 971 3763 aliter
990 3713 1097 3785 quam
1120 3686 1240 3760 tumidi
1266 3706 1340 3756 ma-

255 3812 304 3884 ris
324 3811 464 3884 linctus,
485 3811 541 3886 Ad
558 3815 636 3886 haec
653 3815 683 3886 si
703 3818 845 3898 electus,
865 3814 984 3906 inquit,
1004 3814 1117 3895 leone,
1136 3809 1166 3882 si
1183 3820 1336 3902 tempus,

255 3935 284 4003 si
306 3945 495 4029 apparatus
515 3946 585 4007 no'n
602 3940 795 4030 neglectus.
814 3935 903 4007 lllud
919 3951 1057 4028 quoque
1075 3913 1279 4026 requiritur,
1300 3940 1339 4002 ul

255 4078 367 4147 neque
387 4060 595 4152 loquacitate
616 4059 806 4144 turbidum,
830 4079 942 4151 neque
963 4057 1099 4128 silentio
1120 4061 1253 4126 mutum
1274 4051 1335 4134 sit,

256 4176 317 4243 sed
334 4176 425 4248 inter
446 4190 645 4272 utrumqne,
669 4193 705 4250 et
729 4180 1004 4254 contabulatione
1027 4177 1184 4263 iucunda,
1208 4186 1244 4248 et
1264 4197 1337 4250 ser-
