2988 4800
390 409 482 456 nmnn
504 408 928 458 DUODECltlUS.-EP18TOLA
951 411 982 458 u.
1169 399 1224 458 llll

148 549 205 619 llis
228 547 283 617 ille
306 544 484 639 perlectis,
512 543 668 636 protinus
694 545 860 616 exhausit
884 548 1059 638 poculum,
1086 559 1121 617 ct
1146 571 1229 618 mox

146 673 303 763 Philippo
324 669 456 741 litteras
490 666 630 738 tradidit
663 668 840 759 legendas.
869 669 1126 741 Obtrectatorcs
1160 672 1230 740 alto

147 795 261 866 animo
283 791 465 884 despiciat,
487 801 521 862 et
543 791 593 860 sic
614 791 712 863 vivat
732 801 770 862 ut
789 813 849 862 eos
871 793 928 862 vel
956 791 990 861 in
1017 792 1151 864 silentio
1177 815 1231 863 re-

146 920 296 1010 darguat
318 914 511 1010 probetque
531 914 709 998 mentitos,
733 936 929 986 memorans
955 914 1152 1008 Augustum
1175 939 1230 987 re-

148 1041 332 1137 scripsisse
362 1038 514 1109 Tiberio:
547 1061 616 1107 non
647 1061 713 1107 esse
745 1037 986 1130 iudipnondum
1015 1039 1100 1129 quod
1130 1039 1169 1109 de
1197 1063 1231 1110 sc

147 1167 319 1256 quisquam
347 1165 433 1232 mole
466 1163 659 1252 loqueretur.
697 1159 789 1232 Satis
823 1175 869 1233 ost
907 1165 1004 1247 cuim,
1044 1163 1175 1258 inquit,
1203 1169 1233 1235 si

148 1294 202 1360 hoc
237 1289 403 1369 babemus,
439 1310 482 1356 nc
514 1290 585 1377 quis
618 1287 711 1356 nobis
743 1290 828 1357 rnalc
855 1294 963 1382 [acere
990 1291 1103 1380 possit.
1138 1291 1232 1360 Prae-

148 1417 253 1486 clare:
277 1411 429 1504 alioquin
449 1412 527 1505 plus
548 1408 694 1482 haberet
715 1410 819 1481 homo
840 1433 944 1502 quam
965 1413 1072 1495 Deus
1095 1413 1169 1503 qui,
1192 1413 1232 1480 li-

148 1547 200 1609 cet
218 1533 473 1607 inaccessibilis
489 1534 546 1618 sit,
562 1555 627 1605 nec
644 1533 754 1625 possit
771 1533 911 1614 offendi,
935 1535 1096 1606 humanis
1117 1547 1231 1606 tamen

150 1681 242 1754 saepe
264 1655 432 1756 conviciis
458 1665 657 1728 attentatur.
684 1657 754 1726 Hac
780 1655 885 1748 igitur
917 1655 952 1725 in
985 1679 1022 1728 rc
1055 1680 1117 1728 rex
1152 1669 1231 1730 tuus

149 1791 313 1853 exerceat
349 1780 503 1850 animum
537 1788 641 1872 atquc
676 1800 793 1862 aureS,
828 1780 862 1848 in
896 1801 965 1872 qua
1000 1803 1068 1852 non
1098 1791 1232 1852 tantum

152 1905 254 1976 huius
277 1904 432 1976 omnium
454 1901 597 1972 maximi
615 1923 655 1972 ac
673 1900 921 1974 modestissimi
940 1904 1112 1997 principis
1132 1905 1231 1976 cuius

151 2028 254 2099 modo
276 2025 485 2096 mentionem
508 2024 584 2108 feci,
605 2024 667 2094 sed
684 2034 720 2094 et
735 2024 852 2116 Magni
873 2025 1024 2116 Pompeii
1053 2024 1140 2096 civis
1160 2049 1233 2095 am-

151 2149 312 2244 plissimi,
339 2159 375 2219 et
400 2147 525 2242 Pyrrhi
545 2147 652 2238 regis,
680 2157 716 2217 et
739 2145 911 2217 Pisistrati
936 2146 1152 2217 atheniensis
1180 2157 1234 2242 ty-

151 2275 249 2344 ranni
274 2271 437 2365 patientia
457 2270 731 2341 commendatur.
754 2271 933 2339 Secretnm
954 2290 1039 2339 vero
1066 2271 1234 2341 suamab

151 2399 225 2470 aliis
246 2394 377 2488 inquiri
395 2416 498 2486 aequo
515 2393 630 2464 animo
647 2395 746 2477 ferat,
767 2393 918 2461 alienum
936 2414 1005 2462 non
1023 2413 1233 2486 magnopere

153 2528 341 2592 scrutetur.
369 2519 486 2609 Magni
511 2517 616 2587 animi
649 2523 703 2588 est
738 2517 817 2586 talia
851 2538 919 2586 non
952 2537 1085 2586 curare.
1109 2516 1234 2587 Contra

153 2657 266 2716 autem
288 2665 396 2737 prope
417 2663 480 2734 par
501 2639 685 2733 utrobique
706 2639 906 2712 diffidentia.
926 2638 1018 2709 Talis
1033 2639 1106 2723 fiat,
1122 2642 1234 2734 qualis

153 2761 265 2832 videri
283 2761 369 2829 vult.
389 2759 476 2829 Tum
492 2756 633 2828 demum
651 2755 686 2826 in
704 2779 742 2828 se
758 2756 843 2827 nihil
860 2758 1032 2828 occultum
1050 2758 1151 2840 volet,
1173 2781 1235 2830 neo

156 2881 269 2974 magis
290 2879 447 2952 horrebit
467 2880 579 2951 hostis
602 2883 739 2951 oculum
764 2902 868 2972 quam
896 2879 1008 2963 amici,
1036 2904 1101 2952 nec
1125 2882 1235 2975 pluris

155 3006 255 3076 saciet
275 3005 470 3087 consilium,
507 3026 612 3096 quam
647 3002 882 3073 testimonium
916 3006 1132 3076 aemulorum.
1158 3007 1236 3076 Pari

155 3126 282 3200 fiducia
304 3126 416 3218 Scipio
438 3126 518 3197 totis
539 3125 663 3197 castris
681 3127 919 3219 exploratores
936 3129 1168 3201 Romanorum
1187 3141 1238 3200 at-

155 3274 222 3344 que
249 3249 588 3340 Carthaginiensium
607 3248 851 3321 circumduxit:
879 3251 953 3344 pari
979 3251 1083 3322 animi
1104 3253 1238 3344 magni-

157 3375 277 3446 tudine
300 3371 408 3443 lulius
441 3371 560 3442 Caesar
584 3381 618 3442 ct
643 3383 782 3465 captum
809 3373 996 3444 Domitium
1029 3373 1173 3460 dimisit,
1203 3387 1238 3445 et

157 3496 373 3586 transfugam
408 3492 600 3564 Labienum
635 3495 779 3588 sprevit,
812 3517 926 3565 rerum
957 3497 1036 3566 licet
1060 3497 1236 3569 conscium

159 3638 317 3700 suarum,
341 3625 377 3686 et
397 3637 466 3686 non
488 3618 596 3686 semel
617 3638 743 3688 arcana
758 3615 911 3687 hostium
930 3615 1071 3688 inventa
1090 3639 1153 3688 nec
1174 3641 1238 3687 un-

158 3760 260 3829 quam
296 3740 384 3842 lecta
416 3734 618 3808 combussit.
653 3735 708 3810 Ad
741 3738 817 3808 haec
855 3760 921 3808 non
960 3745 1087 3809 temere
1126 3759 1238 3829 neque

159 3859 296 3930 fortuito
319 3859 534 3931 serenissimi
557 3860 692 3929 titulum
715 3858 781 3930 sibi
802 3860 999 3954 impositum
1028 3859 1237 3947 arbitretur,

161 3985 222 4055 sed
250 3994 288 4054 ut
314 3984 349 4054 in
375 3983 529 4054 animum
555 3983 647 4067 eius,
674 3984 746 4053 Deo
779 3983 976 4074 proximum
1011 3993 1046 4053 et
1078 3984 1238 4055 humanis

163 4105 382 4196 passionibus
405 4105 574 4186 altiorem,
589 4106 682 4175 nulla
702 4104 860 4175 moeroris
881 4104 1020 4189 nebula,
1044 4108 1159 4177 nullus
1180 4108 1241 4177 ssa-

165 4238 217 4300 tus
239 4229 367 4302 laetitiae
389 4227 580 4320 gestientis,
603 4229 696 4299 nulla
713 4227 853 4320 pavoris
872 4227 1012 4318 glacies,
1035 4232 1148 4300 nullus
1168 4229 1241 4298 libi-
