3024 4802
346 376 439 424 ornan
462 374 1051 426 ournvusnaeruus.-nr1sronlavr.
1180 364 1235 426 507

151 515 275 588 nullus
300 521 356 584 est
387 530 570 596 numerus,
592 510 678 586 nihil
697 513 855 584 insanius
888 533 993 604 quam
1019 511 1114 602 quod
1143 519 1240 584 tauta

153 635 340 729 diligentia
359 643 524 728 tantoque
544 631 727 728 dispendio
740 633 847 706 italici
859 632 1020 704 homines
1033 633 1143 706 ltaliae
1157 655 1241 707 oon·

154 758 320 831 ducimus
332 765 541 830 vastatores.
555 758 642 842 Quae
655 755 852 840 tamen,0hl
869 759 989 849 pietas,
1000 755 1062 827 obl
1080 757 1242 851 implaca-

155 879 239 952 bilis
259 879 370 964 dolor,
392 881 506 972 qualis
524 881 614 952 inter
639 882 831 952 amantium
847 902 887 952 ac
904 881 1093 952 colentium
1114 901 1241 952 manus
1352 932 1361 948 .

153 1012 268 1085 esset,
291 1023 372 1074 curn
394 1004 532 1076 tetiam
554 1005 694 1076 saeculis
715 1004 803 1076 inter
823 1004 1040 1076 vastantium
1060 1004 1152 1078 ieras
1169 1023 1243 1074 ma·

154 1145 225 1198 nus
244 1127 392 1196 multum
410 1124 525 1200 adhuc
542 1127 677 1198 cunctis
695 1133 799 1198 terrae
820 1125 1023 1218 regionibus
1040 1126 1244 1198 antecellat?

154 1245 253 1330 Quid
285 1247 320 1317 in
349 1247 469 1320 verbis
494 1253 634 1320 morer?
651 1249 952 1323 Praesertim·cum
975 1248 1037 1323 tibi
1058 1248 1246 1322 notissima

155 1376 242 1440 sunt
262 1389 343 1461 quae
360 1370 506 1462 loquor‘l
526 1371 628 1442 Sensi
647 1391 714 1462 ego
734 1378 817 1442 tunc
834 1380 983 1444 moestus
998 1370 1146 1444 insidias
1173 1370 1245 1440 ior-

155 1501 264 1576 tunae,
286 1499 322 1560 et
341 1513 446 1584 quam
466 1490 679 1566 doctioribus
705 1493 791 1564 nihil
810 1512 892 1564 esse
917 1492 1150 1579 credideram,
1173 1513 1244 1566 non

155 1612 264 1686 modo
284 1634 365 1686 esse
385 1614 516 1708 aliquid
532 1613 651 1700 didici,
675 1615 740 1688 sed
759 1616 1019 1709 quodammodo
1038 1616 1187 1690 inomni
1205 1637 1244 1688 re

156 1736 331 1810 dominari
351 1759 430 1810 cum
458 1738 635 1820 Sallusti0,
655 1746 690 1809 et
716 1737 946 1811 humanarum
966 1761 1048 1810 crrm
1079 1738 1247 1812 Cicerone

158 1881 278 1932 rerum
300 1860 488 1945 dominam,
508 1871 544 1932 et
563 1861 837 1960 omnipotentem
863 1873 967 1954 atque
992 1837 1264 1936 ineluctabilem

157 1991 303 2052 coaetus
329 2003 407 2052 sum
428 2003 507 2054 cum
528 1983 674 2074 Virgilio
693 1982 859 2056 confiteri.
882 1985 1002 2076 ltaque
1029 1987 1146 2056 multis
1168 1985 1249 2057 binc

158 2101 245 2174 inde
269 2100 389 2174 verbis
411 2103 565 2196 perditis,
585 2127 689 2196 quam
712 2107 787 2200 spei
802 2107 929 2200 plenus
950 2106 995 2177 ad
1012 2117 1045 2178 te
1065 2129 1246 2192 veneram,

160 2233 234 2324 tam
254 2226 432 2310 moeroris,
454 2225 598 2320 pudoris
617 2249 657 2298 ac
673 2228 816 2322 pavoris
833 2230 958 2322 plenus
980 2229 1148 2302 abscessi.
1168 2231 1249 2303 Sor-

162 2356 234 2419 tem
255 2349 347 2419 enim
368 2345 541 2443 publicam
562 2349 735 2442 lugebam,
756 2350 980 2445 pudebatque
993 2374 1049 2424 me
1062 2353 1140 2438 mei,
1156 2351 1251 2444 quod

163 2478 260 2542 tanto
294 2470 404 2562 impar
436 2469 577 2561 negotio
608 2469 785 2556 delectus3
812 2494 878 2546 nec
906 2480 1040 2546 tautum
1071 2475 1251 2567 praeclarae

163 2591 348 2682 legationis
370 2615 438 2664 una
460 2613 557 2686 pars,
578 2592 642 2666 sed
662 2591 862 2686 dignatione
882 2595 1063 2682 mittentis,
1087 2597 1251 2690 quamvis

163 2713 200 2786 id
216 2714 331 2808 ipsum
350 2735 443 2808 saepe
461 2714 626 2791 obnixius
644 2738 882 2804 excusassem,
902 2720 1064 2812 princeps
1082 2720 1252 2793 etiamad

163 2837 393 2932 loquendum,
416 2847 452 2910 et
480 2838 679 2916 tortissimis
706 2842 773 2914 illis
793 2850 897 2935 atque
924 2841 1137 2917 doctissimis
1166 2841 1252 2916 viris

165 2961 402 3057 antepositus
421 2963 480 3056 qui
499 2984 555 3036 me
571 2965 675 3056 longe
689 2962 878 3040 virtutibus
897 2964 1083 3049 anteibant,
1102 2966 1253 3036 fructum

126 3079 132 3088 “
166 3105 237 3155 non
257 3083 307 3154 rei
323 3083 462 3174 optimae
486 3085 548 3159 sed
571 3086 829 3163 insufficientiae
845 3111 935 3164 meae
956 3087 1114 3163 debitum
1135 3109 1254 3182 repor-

169 3216 296 3277 tarem:
312 3208 453 3276 tametsi
472 3207 568 3296 quod
583 3208 667 3278 mihi
681 3209 855 3294 defuerat,
872 3210 1064 3284 militariter
1077 3209 1255 3283 facundis-

170 3328 282 3400 simus
309 3328 455 3418 collega,
483 3327 634 3400 nisime
660 3349 757 3402 amor
785 3330 853 3402 viri
881 3332 974 3414 fallit,
1002 3331 1182 3422 implesset
1202 3330 1256 3402 di-

171 3451 382 3547 sceptatione
402 3449 606 3523 novissima.
630 3451 699 3523 Sed
724 3452 861 3545 aperire
885 3474 988 3524 aures
1013 3451 1193 3526 obseratas
1221 3461 1257 3524 et

171 3571 362 3648 obstinatos
389 3572 524 3646 animos
554 3595 697 3645 movere
727 3596 796 3646 uon
822 3576 948 3660 nostri,
976 3574 1095 3647 nescio
1128 3599 1172 3648 an
1199 3578 1257 3648 vel

172 3696 379 3768 ciceroniani
404 3703 501 3768 esset
532 3695 675 3790 eloquii:
701 3718 828 3788 magna
855 3696 982 3792 quippe
1011 3698 1174 3772 facundia
1202 3708 1258 3771 est

173 3822 231 3890 vel
251 3819 365 3912 potius
386 3819 481 3892 nulla
498 3839 579 3912 quae
607 3829 709 3912 cogat
730 3819 869 3891 invitos.
897 3818 999 3902 Quod
1023 3821 1098 3913 ipse
1122 3843 1257 3914 perme-

175 3951 277 4015 tuens
298 3941 333 4012 in
358 3940 435 4035 ipso
465 3940 606 4035 quidem
628 3941 783 4014 sollicitae
806 3942 973 4014 orationis
994 3941 1104 4025 initio,
1129 3942 1258 4016 cicero

174 4063 279 4140 niano
301 4066 394 4138 enim
427 4086 514 4138 usus
540 4063 663 4150 verb0,
691 4085 773 4138 esse
797 4085 886 4159 opus
919 4065 1034 4139 animo
1059 4087 1130 4138 non
1155 4087 1258 4158 repu-

177 4198 306 4278 gnante
330 4195 478 4264 testatus
512 4209 607 4264 sum:
633 4195 703 4262 tam
730 4189 859 4262 trustra
886 4199 1017 4274 tamen,
1050 4198 1089 4262 ut
1113 4190 1256 4286 reliqua.
