2988 4800
404 414 494 460 niune
517 409 942 460 nuenscmus-nrrsrunu
966 409 1015 456 vu.
1186 397 1239 456 187

154 549 387 644 quotidieque
407 549 536 641 aliquid
557 547 741 619 addiscens
763 567 956 617 senescere.
980 547 1014 615 Si
1033 568 1103 638 quo
1125 549 1242 618 forsan

156 673 279 746 studio
304 681 466 768 coaptare
490 672 573 741 rnihi
602 673 736 742 valeam
767 669 862 762 qnod
886 669 930 740 de
957 691 995 739 se
1028 668 1104 763 ipso
1135 691 1244 740 senex

155 795 212 865 ille
234 795 519 887 sapientissimus
538 792 718 884 gloriatur,
738 792 829 862 nitar
846 800 950 862 certe.
970 791 1079 883 ldque
1102 790 1244 862 liberius

154 939 210 988 me
232 921 422 1000 iacturum,
442 916 646 1007 feliciusque
666 937 910 986 successurum
930 935 1045 1006 spero,
1065 936 1144 985 curn
1164 936 1245 1010 pas-

156 1041 279 1112 siones
307 1063 350 1112 ex
379 1040 493 1110 animo
520 1038 684 1109 radicitus
711 1039 845 1108 avulsae
871 1036 1013 1120 fuerint,
1036 1036 1244 1130 penitusque

155 1186 284 1234 omnes
306 1163 522 1242 exemerint,
545 1160 673 1253 quihus
692 1161 773 1244 iam,
793 1161 864 1230 Deo
883 1155 1029 1251 gratias,
1049 1159 1245 1253 interpellor

156 1289 312 1380 parcius.
335 1285 517 1378 Reliquum
541 1295 595 1356 est
616 1293 653 1356 ut
674 1288 765 1378 quod
794 1285 827 1354 in
854 1293 992 1356 terrena
1007 1283 1100 1355 'urbe
1121 1281 1244 1375 nequi-

156 1411 291 1494 vimuS,
316 1431 380 1480 nos
399 1409 432 1478 in
451 1408 581 1480 coelesti
601 1410 804 1491 Ierusalem,
829 1409 857 1479 si
879 1409 978 1478 aliter
996 1430 1063 1479 non
1083 1405 1242 1489 sinimur,

158 1533 359 1603 videamus.
382 1533 478 1602 Vale.

305 1677 340 1730 X.
358 1677 497 1767 Kalendas
513 1677 623 1733 Martias
640 1697 723 1751 super
737 1680 853 1734 ssunrina
869 1679 1025 1750 Babylonis

576 2119 753 2185 EPISTOLA
775 2122 843 2184 Vlll.

255 2326 452 2376 Fuhuclscus
474 2326 641 2375 PETRARCA
663 2325 779 2374 lucore
801 2325 1003 2374 FLORENTINO
1025 2328 1050 2376 S.
1073 2329 1100 2376 P.
1123 2330 1152 2376 D.

278 2521 313 2574 Se
329 2520 363 2574 ad
378 2519 483 2574 fontem
497 2519 599 2591 Sergiae
613 2519 691 2574 heale
707 2521 797 2573 vivere
813 2524 841 2573 et
856 2517 996 2574 Ciceronis
1009 2521 1126 2575 lectione

518 2625 602 2679 quarn
617 2610 736 2664 maxime
750 2610 889 2665 delectari.

264 2875 361 2944 More
386 2895 464 2944 nnec
490 2897 601 2968 nuper
626 2876 660 2944 in
686 2874 848 2946 Helicona
875 2875 1123 2969 transalpinum
1152 2875 1247 2948 urhis

165 2995 293 3065 invisae
315 2995 496 3088 strepitum
522 2995 661 3086 lugiens
688 2995 830 3079 recessi,
858 3018 995 3088 unaque
1022 3007 1102 3067 tuus
1130 2997 1249 3069 Cicero

166 3116 333 3188 attonitus
354 3116 507 3188 novitate
519 3105 602 3202 loci,
622 3120 809 3210 lassusque
829 3141 1005 3211 nunquam
1025 3141 1064 3190 se
1082 3120 1193 3212 magis
1212 3122 1247 3191 in

167 3241 333 3333 Arpinate
355 3260 432 3324 suo,
454 3249 491 3309 ut
507 3239 618 3311 verbo
630 3240 707 3311 eius
721 3251 811 3323 utar,
833 3241 957 3332 gelidis
975 3243 1247 3340 circumseptum

167 3363 369 3434 fluminibus
387 3362 510 3444 fuisse,
530 3386 634 3456 quam
653 3364 697 3434 ad
716 3365 844 3435 iontem
866 3365 998 3456 sorgiae
1016 3387 1152 3437 mecum
1174 3367 1246 3438 luit.

169 3487 254 3558 Olim
297 3495 381 3582 puto
420 3465 616 3559 Narbonem
649 3499 770 3579 petens
804 3490 877 3558 loca
909 3488 965 3557 illa
998 3509 1067 3556 non
1102 3488 1246 3572 viderat,

170 3633 391 3703 quamquam,
405 3609 434 3681 si
446 3610 555 3679 Plinio
571 3609 755 3693 credimus,
771 3607 1011 3693 narbonensis,
1026 3608 1055 3679 si
1069 3609 1248 3680 hodiernae

171 3731 378 3802 dimensioni
410 3742 564 3813 stamus,
600 3731 806 3802 arelatensis
838 3730 1026 3823 provinciae
1061 3732 1134 3801 loca
1168 3731 1246 3802 sint.

172 3855 363 3945 Utcumque
386 3875 423 3924 se
449 3852 576 3924 habeat
595 3853 850 3947 provinciarum
872 3853 979 3936 ratic,
1008 3857 1084 3925 lons
1110 3853 1166 3924 ille
1191 3877 1248 3926 ce-

172 3975 388 4058 leberrimus,
413 3998 476 4046 nec
495 3997 695 4069 campancae
716 3976 901 4071 Nymphae,
924 3977 959 4045 ni
979 3977 1089 4060 fallor,
1112 3999 1175 4048 nec
1201 3979 1247 4050 si-

171 4102 256 4170 culae
275 4121 444 4170 cessurus
465 4099 663 4183 Arethusae,
684 4098 894 4192 repositique
913 4098 1003 4170 ruris
1021 4098 1121 4171 dulce
1143 4101 1248 4172 silen-

173 4223 265 4306 tium,
302 4247 341 4293 ac
375 4222 522 4294 solitudo
547 4223 811 4308 iucundissima,
842 4245 942 4293 secus
971 4222 1033 4294 iter
1058 4225 1243 4319 publicum,
