3002 4794
440 325 533 374 urenn
555 325 883 376 nonus-urrsrout
903 327 969 376 xru.
1129 297 1135 313 '
1207 314 1241 374 51

154 445 274 516 collem
295 441 596 536 contemplabere,
618 452 733 515 ortum
759 445 842 516 solis
869 443 930 515 tibi
956 445 1129 515 lustrasse
1147 441 1245 514 vide·
1263 428 1272 521 ζ’

155 565 258 650 beriS,
276 574 314 634 et
331 585 507 648 occasum,
521 563 682 658 opinione
700 576 759 637 tua
775 567 867 651 felix,
883 567 913 638 si
928 575 1044 639 tamen
1063 568 1131 637 ulla
1143 573 1198 636 ost
1211 564 1246 634 in
1265 600 1268 613 ·

156 709 276 758 errore
308 687 468 758 felicitas.
499 688 608 758 Roma
633 697 750 759 autem
776 688 961 779 digressus
982 689 1051 772 ille,
1075 711 1245 780 nequam

156 811 291 881 nesciat
311 831 376 902 per
396 808 528 881 ltaliam
546 809 654 881 ltaliae
672 810 858 901 regionem,
878 812 1125 882 Hetruscorum
1141 807 1246 880 urbes

156 932 312 1005 invisere
337 931 373 1002 in
399 931 514 1003 animo
535 931 656 1016 habet,
679 931 805 1024 gelidis
825 954 866 1004 uc
884 931 1081 1028 tepentibus
1098 933 1245 1002 circum-

157 1055 267 1126 lluurn
296 1055 450 1126 lontibus
484 1053 679 1125 Viterbium
704 1062 739 1125 et
768 1053 1053 1126 Urbemveterem
1080 1053 1246 1148 praerupti

104 1197 108 1208 ·
158 1177 236 1247 saxi
264 1178 302 1246 in
322 1176 453 1248 vertice
478 1175 668 1250 sedentem.
701 1177 811 1249 Senas
838 1186 1005 1272 praeterea
1031 1186 1066 1248 et
1092 1178 1172 1271 lupa
1196 1177 1246 1246 al-

159 1299 241 1371 trice
261 1309 299 1370 et
318 1309 451 1394 septem
472 1299 618 1372 collibus
640 1301 760 1372 Romae
781 1301 943 1372 aemulam
970 1301 1162 1382 civitatem,
1190 1321 1246 1370 ro-

158 1443 343 1494 manorum
376 1443 466 1514 opus
498 1423 628 1494 ducum
660 1423 886 1508 Florentiam,
920 1420 965 1494 de
991 1443 1061 1514 qua
1090 1421 1175 1492 nihil
1200 1422 1246 1492 ad

157 1565 329 1640 praesens,
349 1543 467 1636 nequi
487 1553 520 1615 te
539 1543 634 1628 milri,
653 1565 710 1614 me
729 1541 789 1614 tibi
808 1553 1011 1636 suspectum
1029 1543 1132 1615 iaciat
1148 1563 1246 1614 amor

157 1667 292 1761 patr-ira.
325 1666 408 1736 lude
431 1675 593 1760 superato
620 1686 744 1736 rursus
765 1663 948 1758 Apennino
968 1687 1031 1758 per
1052 1665 1245 1736 studiosam

160 1786 311 1859 transire
337 1787 539 1872 Bononiam,
570 1796 675 1879 atque
702 1787 771 1857 huc
796 1785 920 1858 iterum
947 1787 1078 1858 reverti
1102 1785 1242 1878 cogitat,

158 1909 313 1980 omnium
337 1909 392 1979 bic
412 1908 595 2000 legationis
618 1930 693 1981 suae
712 1911 934 2002 praelatorum
956 1911 1110 1980 solemne
1131 1907 1245 1980 conci-

159 2031 240 2102 lium
263 2040 429 2114 acturus3
448 2040 553 2124 atque
574 2031 711 2103 ilatum
733 2032 875 2103 demum
895 2031 1128 2104 Mediolanum
1147 2054 1246 2124 repe-

159 2162 218 2237 tet,
241 2165 278 2226 et
298 2155 345 2225 ad
364 2155 491 2226 laevam
517 2153 672 2240 flectens
701 2153 803 2225 tertio
829 2152 999 2224 transiliet
1023 2151 1243 2248 Apenninum

158 2273 304 2346 visurus
325 2282 359 2344 ct
384 2275 548 2345 lanuam:
567 2296 632 2346 neo
657 2273 838 2344 immerito.
867 2273 968 2343 Nulla
992 2272 1084 2343 enim
1111 2271 1245 2345 animo-

160 2397 245 2480 sior,
269 2398 365 2467 nulla
390 2395 494 2468 hodie
519 2396 639 2468 verius
665 2417 789 2488 regum
811 2389 934 2466 ciuitas
960 2394 1028 2467 dici
1054 2403 1185 2489 posset,
1214 2395 1244 2466 si

159 2517 272 2589 civilis
294 2516 375 2588 inde
395 2517 580 2589 concordia
599 2539 669 2589 nou
689 2516 842 2588 abesset.
864 2519 915 2590 lta
937 2538 1000 2611 per
1027 2517 1244 2610 Ligusticum

160 2640 285 2724 sinum,
307 2661 377 2732 quo
398 2641 516 2711 nullus
537 2640 716 2725 amoenior,
730 2661 794 2733 per
809 2641 970 2713 cedrinos
987 2663 1028 2712 ac
1047 2640 1244 2735 palmiferos

160 2763 287 2846 saltuS,
312 2784 376 2856 per
396 2762 606 2834 odoriferum
625 2771 729 2855 atque
749 2763 959 2834 undisonum
981 2763 1078 2846 litus,
1106 2761 1151 2834 ad
1175 2765 1244 2834 lta-

158 2885 215 2956 liae
235 2885 342 2956 finem
363 2886 494 2971 veniet,
517 2886 552 2956 in
572 2885 700 2957 Gallias
722 2905 943 2956 reversurus.
966 2885 1041 2956 Non
1062 2883 1138 2954 haec
1164 2905 1245 2976 pro-

159 3010 312 3104 perantis
327 3009 432 3081 taedio
445 3008 558 3080 affecti
579 3007 683 3080 animi
705 3007 807 3100 sigua
828 3018 918 3080 sunt.
938 3005 1045 3080 Vides
1059 3016 1098 3079 ut
1113 3007 1245 3079 Maean-

159 3129 236 3200 drio
274 3149 371 3200 more
408 3127 687 3200 circumflectitur
722 3150 793 3222 quo
825 3136 860 3200 et
897 3150 917 3199 a
958 3127 1117 3221 pluribus
1159 3127 1243 3197 locis

161 3249 337 3321 adventus
372 3250 427 3322 sui
454 3251 652 3323 iucunditas
680 3251 862 3332 sentiatur,
889 3259 925 3321 et
945 3235 1118 3342 generosa
1144 3267 1243 3320 mens

160 3369 412 3462 pluriformium
434 3392 551 3440 rerum
573 3382 750 3444 recreetur
771 3369 981 3464 aspectibus.
1009 3369 1120 3442 Habet
1139 3369 1244 3460 igitur

160 3491 270 3562 herus
299 3501 380 3562 tuus
403 3513 565 3583 magnam
587 3493 764 3585 gaudendi
781 3492 968 3577 materiam,
989 3495 1097 3564 multa
1117 3502 1152 3562 et
1171 3511 1245 3560 ma·

160 3633 237 3702 gna,
261 3622 297 3684 et
318 3613 555 3685 memorabilia
574 3616 716 3701 vidisse,
736 3627 771 3688 et
791 3615 838 3687 ibi
858 3614 1164 3710 praeclarissimum
1183 3635 1243 3684 no-

160 3756 240 3804 rnen
274 3757 377 3806 suum
410 3736 482 3820 illa,
513 3757 594 3828 quae
619 3738 776 3809 minuere
808 3741 934 3810 samam
968 3737 1069 3817 solet,
1098 3733 1243 3804 auxisse

159 3856 369 3948 praesentia3
391 3856 551 3928 habetet
570 3881 640 3950 quo
661 3861 797 3931 laetetur
818 3857 922 3944 ltalia,
941 3879 1021 3949 quae
1043 3855 1132 3924 inter
1152 3876 1243 3949 prae-

160 3978 269 4051 sentis
301 3979 371 4050 aevi
401 3979 519 4052 nubila
550 3979 615 4051 hoo
645 3983 744 4052 velut
771 3979 923 4070 benigno
948 3979 1101 4072 quodam
1128 3977 1243 4050 sidere

159 4108 323 4174 serenata
339 4109 410 4185 est3
429 4111 463 4173 et
482 4123 562 4193 quae
582 4101 627 4173 ab
647 4103 743 4174 initio
759 4124 885 4188 rerum,
905 4111 943 4173 ut
962 4101 1035 4196 ipse
1056 4122 1124 4172 non
1145 4101 1244 4193 igno-
