3062 4798
292 357 350 416 tlt
636 373 677 419 on
698 373 799 421 nuans
821 371 1042 422 ruururuuraus
1108 375 1110 380 ’

293 507 384 576 unde
402 505 461 575 tibi
484 527 530 575 ex
552 527 607 609 me
629 505 757 575 amoris
788 506 1002 591 tantundem,
1027 507 1119 579 taedii
1138 508 1369 580 minusesset.

291 629 360 700 lste
387 651 492 720 quem
510 629 633 712 cernis
661 628 857 722 peregrinae
882 629 962 700 licet
988 627 1151 720 originis,
1183 630 1244 702 sed
1269 631 1370 702 amici

291 753 395 823 animi
415 763 491 834 est,
514 751 628 844 etqui
651 773 718 821 uon
740 773 796 822 me
813 753 944 835 solum,
966 753 1029 824 sed
1048 773 1290 847 quoscumque
1317 775 1371 824 me

290 899 408 947 amare
422 875 634 966 cognoverit,
649 885 742 944 amet
759 883 794 944 et
811 875 910 944 colat.
929 875 1049 966 ltaque
1069 875 1119 944 sic
1135 895 1215 944 eum
1234 886 1273 946 ut
1290 876 1371 946 ami-

289 1021 367 1068 cum
383 998 514 1092 aspice;
530 996 634 1067 iacies
649 997 781 1087 ignotam
796 1017 896 1066 meus
915 995 990 1080 viri,
1007 996 1036 1068 si
1050 995 1134 1088 quid
1152 996 1236 1066 mihi
1248 998 1369 1080 credie,

289 1118 503 1190 humanitate
516 1117 705 1188 notissima.
721 1118 838 1208 Dirige
852 1118 952 1201 hunc,
972 1141 1034 1189 oro
1048 1129 1091 1190 te.
1108 1129 1145 1189 ut
1161 1141 1274 1212 nuper
1288 1121 1371 1192 alios

288 1242 463 1324 direxisti,
483 1264 552 1334 qua
571 1241 782 1312 tutissimum
802 1263 864 1334 per
881 1240 986 1336 Alpes
1007 1251 1110 1334 atque
1124 1241 1371 1314 brevissimum

289 1365 323 1434 in
345 1366 543 1435 interiorem
568 1364 808 1435 Alemanuiam
830 1374 885 1434 est
915 1364 989 1434 iter.
1013 1363 1150 1435 Annum
1173 1373 1317 1436 acturus
1337 1366 1371 1434 iu

289 1487 385 1557 ltalia
412 1508 489 1557 cum
519 1488 648 1577 Legato
675 1485 774 1556 Sedis
801 1484 1011 1580 Apostolicae
1037 1498 1194 1560 venerat.
1220 1489 1311 1560 Vicit
1339 1501 1373 1560 at

290 1610 410 1700 patriae
427 1620 463 1678 et
481 1631 621 1679 suorum
637 1629 749 1678 amor:
766 1611 897 1679 saeculo
910 1610 1044 1701 longior
1058 1631 1171 1682 annus
1185 1620 1240 1681 est
1258 1612 1369 1681 visus:

288 1734 460 1803 decimum
485 1752 641 1808 mensem
662 1733 806 1824 explere
826 1753 895 1801 non
923 1732 1044 1826 potuit.
1071 1733 1190 1825 ltaque
1210 1743 1372 1825 properat

288 1855 368 1923 hinc
394 1852 496 1923 taedio
522 1863 751 1946 perurgente,
781 1852 873 1924 illiue
900 1840 1067 1926 tr'aheute
1084 1855 1273 1927 desiderio.
1296 1855 1367 1925 Ma-

289 1989 374 2048 trem
395 1975 499 2047 habet
516 1996 699 2057 annosam,
720 1977 819 2046 cuius
841 1980 977 2048 fatalem
993 1977 1187 2071 praevenire
1205 1977 1298 2049 diem
1315 1998 1369 2047 ar-

288 2103 358 2186 det,
382 2111 417 2173 et
436 2100 582 2170 nimium
604 2099 785 2172 distulisse
805 2102 976 2172 formidat.
999 2105 1064 2174 Est
1077 2103 1169 2174 enim
1188 2103 1278 2172 inter
1297 2123 1367 2174 cae-

290 2233 362 2294 tera
380 2223 504 2317 pietate
526 2222 686 2304 mirabili,
707 2233 973 2318 maternumque
992 2224 1206 2297 desiderium
1229 2225 1368 2316 proprio

288 2347 446 2430 metitur,
469 2367 580 2438 eoque
608 2368 709 2420 suum
737 2347 850 2438 magis
877 2368 918 2418 ac
944 2347 1056 2439 magis
1083 2348 1295 2419 accenditur.
1318 2348 1368 2416 Tu

288 2490 427 2560 quoque
445 2468 565 2540 matris
581 2471 662 2540 eius
677 2471 829 2540 animum
850 2471 1009 2563 perfacile
1032 2470 1184 2551 metiore,
1210 2442 1238 2540 si
1256 2478 1293 2540 et
1309 2467 1367 2537 tibi

288 2604 357 2662 tuae
378 2591 554 2682 genitricis
573 2592 690 2683 imago
711 2603 909 2677 succurrat,
929 2602 964 2663 et
984 2592 1101 2686 pietati
1123 2591 1235 2684 pietas
1257 2591 1366 2686 stipu-

287 2717 384 2797 letur,
399 2715 426 2784 si
440 2715 594 2805 cogitare
609 2715 755 2808 coeperis
770 2715 885 2808 ipsum
899 2715 1016 2786 viduae
1028 2713 1135 2785 filium
1150 2716 1253 2786 talem
1264 2725 1365 2805 atque

287 2838 425 2908 unicum
448 2837 585 2908 abesse.
609 2839 725 2908 Solent
745 2837 836 2906 euim
856 2845 891 2906 et
910 2858 991 2929 quae
1011 2857 1091 2909 cara
1106 2846 1201 2921 suut,
1218 2835 1316 2928 copia
1332 2844 1365 2904 et

286 2960 493 3030 assiduitate
510 2959 691 3029 vilescere.
710 2958 772 3028 Hie
788 2979 875 3029 vero
892 2981 973 3052 quae
990 2959 1139 3054 pretium
1157 2961 1268 3033 lacere
1287 2977 1364 3050 pos-

286 3080 355 3148 sint
374 3081 533 3149 uuiversa
552 3090 772 3149 concurrunt.
791 3081 877 3150 Nam
891 3092 927 3152 et
944 3079 1044 3162 filius,
1056 3088 1093 3151 et
1109 3081 1234 3152 unicus
1247 3092 1318 3162 est,
1332 3091 1366 3150 et

284 3199 396 3291 qualis
413 3199 466 3268 vir
480 3206 651 3290 aspectus
661 3199 737 3292 ipse
755 3201 1120 3273 testabitur.Absuerat
1132 3203 1236 3272 etiam
1251 3203 1364 3294 prius·

284 3344 388 3415 quam
407 3321 452 3393 ad
469 3321 599 3393 ltaliam
620 3322 770 3408 veniret,
790 3333 827 3396 et
842 3347 935 3396 nunc
956 3347 1034 3395 curn
1051 3325 1161 3418 pietas
1176 3324 1278 3394 insita
1294 3334 1362 3394 tum
1379 3351 1387 3370 ·

284 3446 473 3516 amicorum
494 3446 690 3536 expectatio
711 3457 745 3516 et
766 3446 800 3514 in
822 3445 941 3538 primis
968 3445 1087 3516 matris
1113 3454 1202 3516 aetas
1224 3467 1265 3517 ae
1286 3445 1364 3516 soli-

284 3566 401 3638 citudo
424 3567 603 3638 solicitant.
623 3569 706 3637 Tam
730 3568 824 3660 pium
844 3577 983 3659 tamque
1004 3567 1157 3660 undique
1178 3587 1363 3639 accensum

284 3689 496 3760 desiderium
517 3711 585 3781 qua
603 3701 700 3782 potes
715 3691 856 3772 adiuva,
872 3700 907 3760 et
924 3689 983 3761 tibi
1001 3692 1058 3760 vel
1078 3689 1127 3760 sic
1143 3691 1267 3760 alienae
1280 3710 1365 3781 quo-

284 3833 353 3903 que
373 3812 510 3903 pietatis
529 3821 660 3903 partem
679 3810 827 3882 vindica.
844 3810 961 3882 Redde
977 3820 1095 3882 natum
1115 3810 1216 3882 matri
1237 3809 1361 3890 anxiae,

287 3931 393 4003 redde
409 3933 521 4004 civem
542 3934 662 4024 patriae
679 3941 868 4026 exoptatae:
887 3933 954 4004 nisi
971 3934 1058 4003 forte
1076 3931 1276 4003 barbaricos
1293 3930 1364 4000 ani-

285 4075 360 4124 mos
395 4076 463 4125 nou
492 4067 655 4148 putamus
681 4054 805 4126 natalis
833 4056 894 4125 soli
923 4054 1052 4126 sentire
1072 4053 1308 4133 dulcedinem,
1330 4063 1366 4122 et

287 4169 380 4238 huno
398 4172 557 4240 allectum
581 4175 717 4243 nonnisi
739 4168 897 4256 Italicum¹
913 4175 1099 4246 delinimus
1117 4185 1178 4245 aut
1193 4173 1362 4246 Graecum.
