3002 4794
253 311 290 373 52
595 321 636 368 uu
658 319 758 369 nunus
779 316 1002 367 arundincus

252 466 319 528 ras,
334 443 489 514 omnium
507 449 685 513 auctorum
700 438 896 510 testimonio
908 436 1148 508 laudatissima
1161 445 1334 508 terrarum

252 566 406 638 omnium
429 586 566 657 semper
590 562 669 646 luit,
697 571 831 632 tantum
856 582 1051 653 praeconem
1076 569 1195 632 nostra
1215 568 1331 641 aetate,

254 689 345 759 unde
366 708 436 758 non
454 685 617 778 sperabat
637 683 779 754 invenit.
798 683 908 754 Crede
924 682 1016 754 enim
1034 682 1131 764 mihi,
1151 682 1333 767 mirabere,

253 811 332 906 eubi
353 834 412 880 um
430 808 593 879 reducem
610 806 732 878 audies
754 805 797 876 de
815 805 920 876 rebus
938 804 1060 875 italicis
1074 804 1333 897 praedicantem.

253 935 382 1025 ltaque,
403 931 526 1002 utiam
548 929 687 1000 tandem
709 926 894 1020 aliquando
914 927 1126 1010 concludam,
1147 927 1177 997 si
1194 925 1336 998 deside-

253 1055 344 1127 rium
366 1054 449 1125 tanti
471 1052 579 1147 patris
600 1072 695 1142 aegre
713 1053 793 1134 fers
810 1051 841 1121 si
855 1049 1073 1121 solitudinem
1094 1058 1245 1121 tuamet
1267 1048 1335 1120 situ

253 1177 358 1248 nimio
379 1182 589 1246 contractam
610 1173 716 1244 animi
736 1171 929 1264 rubiginem
950 1171 1161 1256 lamentaris
1188 1193 1335 1266 possum

253 1300 416 1370 humanis
435 1296 659 1390 passionibus
680 1297 817 1367 veniam
835 1294 930 1366 dare.
953 1295 989 1364 Si
1014 1317 1099 1366 vero
1119 1297 1177 1366 vel
1203 1315 1266 1364 nos
1287 1293 1334 1363 illi

253 1421 429 1494 velillum
453 1421 553 1492 nobis
584 1419 735 1504 invides,
762 1441 907 1511 prorsus
934 1418 1085 1514 satyrico
1110 1415 1215 1488 dente
1240 1436 1334 1486 mor-

253 1542 388 1614 dendus
409 1565 461 1624 es,
484 1565 588 1636 quem
609 1531 768 1634 torqueat
788 1541 899 1612 aliena
916 1539 1044 1613 laetitia.
1065 1539 1212 1610 Proinde
1233 1538 1335 1630 quid-

253 1665 338 1758 quid
357 1676 425 1749 est,
452 1664 567 1736 breve
579 1674 644 1737 est.
667 1665 785 1735 AEstas
807 1673 841 1733 te
859 1662 1019 1756 proxima
1039 1661 1207 1734 victorem
1221 1661 1330 1743 faciet,

254 1786 433 1859 redditura
460 1786 521 1856 tibi
546 1808 651 1880 quem
671 1785 773 1856 nobis
793 1784 928 1879 eripiet:
951 1784 1136 1876 imaginem
1159 1793 1275 1854 tamen
1292 1784 1335 1854 il-

235 1908 320 1978 ¹lius
354 1910 448 1978 nulla
479 1908 556 1979 dies
588 1908 633 1979 de
665 1907 795 1979 nostris
825 1907 1026 2001 praecordiis
1057 1906 1255 1999 extirpabit.
1290 1905 1336 1976 Et

253 2038 383 2122 quanto
415 2039 519 2122 putas
544 2028 707 2114 alacrior,
734 2038 934 2123 quantoque
959 2051 1075 2100 rerum
1101 2027 1335 2121 experientior

254 2149 387 2236 redibit,
407 2159 537 2243 quanto
554 2172 623 2221 non
645 2153 756 2222 solum
773 2152 920 2235 caeteris,
940 2150 1123 2222 sedetiam
1145 2149 1334 2242 semetipso

254 2272 442 2358 sublimior,
465 2275 523 2366 qui
546 2284 616 2346 tam
634 2276 741 2345 multa
760 2272 870 2344 oculis
890 2272 963 2342 suis
984 2270 1120 2355 viderit,
1142 2281 1176 2341 et
1194 2269 1335 2342 urbani-

254 2403 359 2465 tatem
381 2395 538 2486 gallicam
564 2390 676 2468 italica
694 2395 888 2466 condiverit
907 2395 1099 2485 gravitate?
1120 2393 1158 2462 ln
1187 2395 1334 2485 plausus

252 2514 337 2584 illud
369 2523 468 2585 tuum
499 2517 716 2609 omnipotens
749 2527 866 2586 vertes
897 2516 1087 2608 eloquium,
1122 2514 1335 2608 pudebitque

253 2635 423 2705 inutilium
441 2637 670 2727 querelarum,
689 2640 949 2734 quarum-nulla
968 2637 1110 2730 quidem
1131 2648 1206 2708 erat
1225 2658 1336 2708 excu-

255 2755 355 2840 satio,
381 2755 450 2828 nisi
474 2756 556 2848 quia
580 2758 719 2848 vulgari
745 2779 907 2830 sermone
931 2759 1138 2853 conscriptae
1167 2770 1269 2842 sunt;
1296 2768 1335 2830 ut

253 2875 397 2967 intelligi
417 2876 519 2948 detur
544 2899 614 2948 non
636 2886 668 2948 te
694 2879 816 2950 inillis
843 2890 947 2966 tuam,
971 2881 1033 2953 sed
1054 2882 1150 2974 vulgi
1173 2891 1334 2953 secutum

254 3018 335 3069 esse
368 3000 589 3085 sententiam,
624 3003 724 3073 cuius
756 3007 890 3074 caecum
919 3004 1242 3096 reprehensumque
1275 3003 1330 3072 iu-

254 3119 382 3192 dicium
403 3142 542 3215 semper
562 3122 635 3194 suit.
657 3125 708 3193 Tu
724 3124 807 3196 vive
823 3135 859 3196 et
878 3126 958 3197 vale
975 3125 1083 3197 nostri
1100 3147 1244 3196 memor.
1272 3123 1335 3194 Sa-

254 3243 343 3314 lutat
364 3259 396 3314 te
415 3223 555 3336 Marcus
577 3246 733 3319 Medicus
754 3247 980 3342 compatriota
1000 3245 1147 3342 Virgilii.

397 3391 515 3461 Patavii,
532 3391 591 3446 XV.
608 3391 743 3448 Calendas
760 3393 881 3449 Martiae.
