2958 4804
336 386 427 434 bruun
448 375 944 436 unctuosrnurros.-natarunt
967 391 994 437 r.
1146 375 1205 436 tull

128 519 246 592 videri.
270 519 405 592 Habere
425 529 541 592 autem
563 541 618 592 me
638 543 730 593 nunc
751 521 835 594 satis
856 525 980 606 multa,
1001 524 1090 596 illico
1107 524 1207 597 delu-

130 656 200 715 tura
221 642 249 713 si
268 643 445 738 cupiditati
463 642 578 714 aditus
596 645 823 739 ponderatum
843 647 1068 717 necessitates
1087 669 1207 718 curas-

129 789 192 860 que
206 765 452 858 gravissimaS,
472 788 549 837 oum
565 765 696 838 divitiis
711 766 902 839 subituras:
917 780 1093 862 postremo
1106 791 1206 842 orare

128 900 161 961 et
172 888 353 971 obtestari,
378 899 416 958 ut
434 911 489 959 me
509 899 661 981 coeptum
687 889 768 961 vitae
793 912 934 962 cursum
957 890 1109 964 sinerent
1129 913 1206 964 meo
1306 931 1310 940 ,

128 1037 223 1087 more
243 1034 426 1108 peragere,
456 1035 547 1084 neve
579 1013 823 1086 offendiculum
844 1013 992 1106 pedibus
1025 1013 1111 1084 meis
1137 1014 1205 1086 iam

127 1135 231 1206 fassis
251 1144 287 1205 et
307 1145 433 1206 metam
465 1134 700 1228 spectantibus
726 1133 928 1206 obiicerent:
956 1147 1135 1229 parcerent
1160 1137 1208 1206 la-

129 1256 217 1341 bori,
234 1265 417 1350 parcerent·
432 1254 570 1350 pudori,
586 1279 643 1339 ne,
662 1259 751 1328 male
769 1257 909 1328 mutatis
928 1258 1066 1342 studiis,
1086 1257 1206 1330 fierem

129 1379 247 1452 senilis
268 1377 425 1450 avaritiae
442 1381 686 1473 spectaculum,
703 1390 738 1450 ot
750 1379 877 1472 quibus
890 1380 1073 1452 comitibus
1088 1383 1203 1452 laetam

129 1525 166 1574 ac
186 1501 329 1573 liberam
348 1502 562 1572 iuventutem
580 1501 741 1596 egissem,
761 1500 961 1574 auctoribus
981 1503 1115 1573 tristem
1135 1525 1207 1576 ser-

129 1645 280 1718 vamque
306 1631 518 1696 senectutem
544 1645 648 1716 agere
673 1633 814 1696 coactus
840 1625 1036 1720 inciperem.
1059 1627 1203 1699 Frustra

130 1768 366 1842 supervacuos
399 1748 535 1820 labores
569 1747 796 1840 laborumque
816 1769 943 1820 causas
969 1758 1063 1820 tanto
1091 1749 1206 1821 studio

129 1870 256 1964 quaeri:
274 1891 357 1941 esse
374 1870 426 1941 eis
443 1883 477 1942 et
494 1870 579 1940 mibi
593 1871 748 1962 requiem
762 1870 796 1940 in
810 1870 959 1943 loribus:
978 1871 1091 1964 ipsum
1114 1871 1204 1943 diem

127 1994 184 2087 qui
205 2015 269 2065 eos
290 2002 360 2066 tam
382 1992 544 2064 sollicitos
568 1992 724 2078 haberet,
746 2015 827 2064 esse
847 1995 963 2064 forsan
984 2005 1202 2065 extremum:

127 2116 171 2188 ab
189 2099 350 2188 extremo
370 2125 464 2188 certe
491 2137 559 2187 non
585 2138 712 2206 magno
736 2115 846 2209 spatio
879 2115 1023 2188 distare:
1046 2117 1207 2190 festinare

127 2239 217 2309 illam
240 2259 321 2331 quae
341 2236 445 2308 finem
462 2239 555 2309 curis
577 2238 755 2308 hominum
782 2250 817 2308 et
844 2237 1004 2309 inanibus
1030 2239 1122 2309 votis
1144 2239 1208 2308 im-

127 2370 282 2454 poneret.
306 2361 445 2432 Talibus
480 2361 626 2453 agebam
659 2374 755 2452 saepe
787 2359 982 2451 indignans
1007 2381 1101 2454 saepe
1123 2383 1207 2432 vero

127 2484 287 2556 flebiliter
301 2494 337 2556 et
349 2507 455 2578 prope
472 2507 551 2556 oum
565 2485 726 2557 lacrimis.
745 2484 870 2554 Contra
887 2491 1003 2553 autem
1016 2484 1206 2555 amicorum
1236 2471 1241 2489 '

127 2605 299 2680 obstinata
334 2607 441 2692 acies,
479 2615 515 2677 et
551 2605 694 2678 consilia
726 2625 918 2701 precesque
952 2607 1136 2677 multorum
1172 2614 1208 2675 et

127 2731 241 2824 opinio
263 2730 359 2822 vulgi
380 2730 480 2801 terris
503 2751 639 2823 semper
665 2728 780 2798 affixa.
806 2728 979 2798 Veneram
1008 2729 1138 2801 interea
1163 2728 1206 2798 ad

127 2853 217 2924 illius
238 2853 346 2948 pedes
368 2853 426 2946 qui
448 2851 556 2946 digito
573 2853 698 2923 coelum
716 2851 850 2945 pandit,
870 2860 1090 2945 attemperat
1110 2857 1207 2922 astra

128 2979 257 3067 galero.
280 2979 314 3047 Is
339 2975 501 3069 equidem
525 2975 678 3047 adventu
705 2995 784 3046 meo
813 2976 922 3046 laetari
947 2974 1067 3060 visus,
1099 2977 1207 3047 multa

127 3098 215 3170 dixit
235 3097 364 3191 quibus
383 3097 467 3168 satis
485 3108 628 3192 apparet
647 3119 717 3200 non
736 3095 885 3170 libertati
904 3119 993 3170 meae
1014 3099 1121 3183 illum,
1146 3099 1207 3171 sed

127 3221 278 3314 opinioni
298 3221 452 3291 omnium
473 3223 599 3291 favere.
628 3219 718 3304 Quid
744 3231 776 3292 te
801 3224 939 3294 moror‘l
959 3223 1056 3293 Unus
1082 3222 1208 3294 adver-

129 3365 189 3415 sus
208 3346 337 3416 multos
357 3353 393 3415 et
410 3343 605 3437 pertinaces
623 3353 658 3414 et
675 3343 825 3416 disertos
845 3366 966 3439 parum
989 3353 1157 3436 poteram,
1174 3359 1209 3418 et

127 3465 196 3536 iam
217 3486 319 3558 paene
339 3466 454 3538 victus
476 3476 697 3559 moestusque
723 3465 790 3537 sub
816 3467 934 3557 iugum
955 3464 1058 3537 ibam.
1086 3465 1208 3538 Attulit
1322 3473 1329 3480 ‘

128 3586 211 3657 mibi
230 3587 353 3658 melior
369 3591 504 3660 fortuna
521 3589 725 3660 remedium.
744 3588 938 3658 AEstimatio
956 3588 1115 3679 quaedam
1139 3609 1207 3660 uon

129 3711 314 3782 mediocris
334 3710 476 3804 eloquii,
501 3711 574 3783 sed·
592 3711 699 3782 multo
726 3711 879 3784 maxime
905 3709 1030 3781 silentii
1058 3711 1208 3804 fideique

131 3855 217 3906 meae
243 3831 379 3904 animos
403 3844 643 3928 occupaverat.
667 3834 777 3919 Quam
803 3855 901 3916 vera,
931 3832 1082 3905 viderint
1106 3837 1208 3906 famae

132 3958 206 4029 talis
224 3966 396 4029 auctores.
415 3955 559 4029 Arcanis
577 3955 693 4049 itaque
709 3957 853 4028 maximi
871 3955 1043 4052 pontificis
1062 3955 1208 4028 idoneus

130 4081 229 4152 visus
250 4102 364 4164 eram,
386 4081 491 4174 inque
511 4081 577 4152 boc
598 4080 712 4175 ipsum
734 4087 914 4165 evocatus,
937 4101 1044 4151 unum
1069 4079 1209 4152 obstare

132 4202 324 4288 dicebatur,
347 4202 441 4294 quod
458 4201 540 4273 mibi
559 4203 657 4276 altior
679 4202 777 4274 stilus
794 4213 903 4288 esset,
923 4224 1026 4296 quam
1057 4205 1209 4275 romanco
1237 4271 1248 4296 ⁴
