2988 4800
263 327 320 386 tao
599 341 639 387 ou
661 341 761 389 nunus
784 340 1003 389 auruumnmus

261 476 480 568 propediem:
502 477 640 547 veniam
661 478 751 547 enim
774 499 871 561 mor,
899 487 937 547 ut
963 479 1159 568 squalorem
1180 487 1216 548 et
1242 480 1335 549 aesti-

261 623 343 671 vum
364 602 543 692 pulverem
564 601 669 673 lucidi
690 602 793 672 fontis
815 622 880 694 ope
902 599 1089 670 detersero.
1111 601 1209 670 Vale.

401 750 434 802 V.
452 749 568 803 Kalend.
586 749 658 803 Iulii.

678 1061 856 1124 EPISTULA
876 1062 920 1123 Xl.

312 1225 502 1273 FRANCISCUS
525 1223 693 1273 PETRARCA
715 1225 858 1273 PHILIPPO
880 1225 1032 1273 EPISCOPO
1054 1226 1282 1278 ctvtttlcuust

715 1330 740 1377 S.
762 1331 790 1378 P.
813 1331 842 1378 D.

378 1489 485 1543 Gratias
498 1490 553 1559 agit
566 1489 640 1560 quod
655 1505 683 1543 se
698 1488 807 1543 duobus
821 1488 948 1542 Ecclesiae
962 1487 1132 1559 principibus
1147 1489 1213 1543 viris

618 1578 716 1631 litteris
732 1575 973 1631 commendaverit.

356 1755 443 1836 Quae
460 1752 504 1823 de
521 1774 576 1822 me
590 1750 728 1832 scribis,
744 1763 851 1843 pater,
868 1751 1006 1822 duobus
1025 1751 1091 1820 illis
1110 1761 1180 1821 tam
1198 1753 1333 1843 magnis

259 1877 457 1972 apostolicae
483 1874 618 1968 cymbae
651 1873 841 1964 remigibus
874 1875 1005 1946 intenta
1037 1887 1152 1946 mente
1182 1875 1334 1969 perlegi3

259 2023 361 2093 quam
385 2021 469 2069 vera
486 1997 637 2089 quidem,
653 2006 687 2068 et
703 1997 762 2089 qui
780 1996 923 2068 dictavit
942 1997 999 2069 illa
1015 1998 1142 2069 viderit
1157 2008 1192 2068 et
1209 1998 1268 2091 qui
1286 2001 1335 2068 le-

257 2132 350 2218 gent.
377 2124 453 2213 Ego
474 2131 566 2192 certe
596 2144 666 2214 quo
698 2131 730 2190 te
756 2132 790 2192 et
811 2130 869 2191 tua
889 2121 1094 2216 profundius
1118 2131 1266 2204 scrutor,
1293 2144 1334 2192 eo

256 2246 334 2337 plus
353 2243 433 2315 fidei
448 2243 560 2315 babeo
582 2243 691 2314 veteri
710 2238 757 2312 illi
775 2242 984 2337 laudatoque
1002 2243 1202 2336 proverbio:
1217 2265 1337 2313 amau-

257 2377 331 2437 tum
351 2390 446 2438 caeca
467 2389 547 2438 esse
570 2368 707 2439 iudicia.
732 2369 787 2438 Sic
811 2378 925 2460 tamen
945 2389 1024 2438 esse
1046 2366 1195 2458 gaudee,
1217 2365 1336 2458 cupio-

255 2512 324 2582 que
345 2490 561 2582 persuadeas
583 2490 678 2583 quod
699 2491 857 2576 intendis,
880 2491 928 2561 ita
947 2490 1089 2582 quidem
1108 2499 1154 2572 ut,
1174 2511 1252 2559 cum
1274 2511 1335 2559 au-

256 2611 413 2681 ctoritate
438 2618 497 2680 tua
523 2612 607 2682 moti
630 2621 744 2682 tecum
766 2614 894 2684 sentire
915 2612 1095 2708 coeperint,
1117 2612 1210 2683 idem
1231 2611 1334 2683 etiam

258 2733 376 2818 velint,
410 2734 610 2826 errorisque
654 2735 757 2806 simul
790 2734 874 2806 fiant
908 2735 1105 2829 amorisque
1138 2735 1333 2830 participes.

256 2859 348 2948 Ego·
366 2856 527 2949 utrinque
560 2866 595 2927 et
629 2858 825 2948 incognitus
858 2861 1080 2952 permaneam
1110 2869 1144 2930 et
1177 2859 1333 2930 dilectus.

257 2978 352 3048 Vale.

402 3123 451 3178 m.
468 3123 529 3178 uar.
545 3123 617 3178 iuur.
632 3090 677 3180 la
690 3089 796 3180 sontem
813 3126 925 3197 sargae.

758 3298 838 3307 ..ι-

670 3414 847 3529 EPIS'POLA
871 3465 926 3527 Xll.

410 3627 603 3676 FRANCISCUS
625 3628 793 3676 Pnununut
817 3629 951 3677 OLYMPIO
973 3629 1031 3678 SUO
1053 3629 1079 3677 S.
1101 3630 1129 3677 P.
1151 3630 1181 3677 D.

281 3785 374 3841 Animi
390 3788 433 3842 sui
446 3787 645 3842 volubilitatem
658 3791 785 3856 excusat,
799 3787 893 3842 laudat
907 3788 992 3842 Vallis
1008 3787 1113 3842 Clausae
1126 3786 1313 3842 amoenitalem

381 3882 408 3931 et
422 3877 527 3946 ocium,
544 3877 635 3948 ibique
652 3895 681 3932 se
696 3877 805 3932 duobus
819 3878 898 3932 annis
913 3894 1076 3932 mansurum
1090 3877 1213 3931 nunciat.

361 4053 470 4134 Quam
506 4051 687 4124 instabiles
709 4062 744 4123 et
768 4075 872 4145 quam
899 4053 1009 4122 variae
1044 4051 1112 4122 siut
1141 4049 1335 4122 mortalium

261 4177 469 4258 voluntates,
484 4185 519 4246 et
535 4198 638 4268 quam
653 4176 699 4247 de
713 4179 827 4248 futuro
841 4198 978 4269 semper
991 4196 1164 4269 suspensa
1176 4173 1332 4257 consilia,
