3078 4798
422 286 514 334 traua
536 281 1037 343 ournrusnncruus.-xr1sronl
1059 284 1122 332 xiv.
1254 271 1313 332 355

227 425 340 496 ritatis
363 443 404 494 ac
424 419 614 512 diligentiae
628 419 762 489 litteras
782 417 986 502 destinavit,
1005 416 1196 509 inquibus,
1218 417 1313 511 quod

228 549 305 620 sine
338 543 489 617 lacrimis
516 542 714 613 meminisse
740 561 891 632 nequeo,
921 539 1122 632 suppliciter
1147 537 1313 634 precaba-

228 682 285 742 tur
308 678 345 743 ut
364 668 429 741 sihi
456 683 697 738 successorem
714 661 878 733 idoneum
896 662 981 733 dare
1000 664 1140 746 vellent,
1163 671 1198 734 et
1216 664 1313 733 velut

228 793 263 862 in
283 787 454 864 extremis
475 805 584 878 agens
606 793 704 876 pater
724 781 852 853 anxius
874 781 944 854 fido
965 783 1077 854 amico
1097 782 1225 853 nubilis
1252 803 1312 852 na-

228 922 275 986 taa
296 933 432 992 curam,
456 910 507 982 sic
527 908 663 978 illorum
689 905 771 977 fidei
798 905 940 978 viduam
966 906 1232 978 commendabat
1255 929 1313 980 eo-

228 1035 394 1108 eles'iam?
419 1034 447 1103 Ο
472 1029 712 1104 beatissimam
739 1028 1066 1122 sanctissimamque
1091 1029 1263 1114 animam,
1290 1053 1312 1103 o

228 1178 315 1229 vere
340 1155 454 1227 virum
487 1155 694 1248 perlectum,
729 1170 750 1220 o
782 1171 866 1222 vere
893 1151 1079 1234 solicitum,
1106 1175 1127 1226 o
1153 1154 1313 1248 superin-

230 1279 429 1351 tendentem
451 1276 651 1370 apisoopum
687 1294 728 1343 ac
758 1275 952 1368 pastorem!
991 1274 1138 1358 Quando
1170 1273 1228 1346 alii
1253 1284 1313 1346 aut

230 1401 384 1474 medicos
406 1404 570 1489 quaerunt
587 1406 648 1466 aut
665 1396 816 1468 hariolos
837 1397 1069 1490 interpellant,
1089 1409 1149 1470 aut
1165 1418 1312 1494 operosa

228 1519 424 1604 conficiunt,
448 1529 509 1590 aut
528 1518 665 1590 variant
684 1528 906 1604 testamenta,
922 1529 983 1591 aut
995 1519 1079 1589 nihil
1093 1531 1238 1612 agentes
1260 1531 1312 1591 ta-

229 1641 286 1714 citi
307 1639 552 1732 ingemiscunt,
572 1650 632 1712 aut
650 1648 725 1711 toro
742 1642 933 1712 volvuntur
953 1640 1075 1712 flentes
1098 1663 1139 1711 ac
1160 1642 1310 1734 queruli,

228 1776 290 1837 aut
308 1762 443 1836 attoniti
466 1772 501 1834 et
520 1761 714 1833 immobiles
740 1763 861 1834 mortis
889 1763 1064 1835 vicinitate
1091 1773 1310 1856 torpescunt,
1397 1803 1403 1812 -

229 1888 295 1960 iste
315 1909 385 1959 non
403 1907 517 1970 sirum,
539 1885 603 1957 sed
620 1885 779 1956 eeclesiae
802 1907 878 1957 suae
905 1896 1034 1958 statum
1057 1886 1243 1959 miseratus
1268 1886 1313 1958 de

228 2014 345 2084 futuro
371 2007 531 2105 pontifice
556 2007 742 2100 cogitabat,
770 2031 835 2080 nec
860 2009 1026 2080 censebat
1050 2009 1311 2081 dilectissimam

230 2156 396 2230 sponsam
414 2153 530 2218 suam,
547 2153 626 2204 cum
640 2153 710 2225 qua
729 2141 797 2203 tam
816 2132 1033 2203 concorditer
1051 2139 1184 2225 septem
1203 2133 1313 2203 lustra

232 2264 459 2349 transegerat,
474 2257 532 2326 vel
545 2253 736 2326 intransitu
749 2253 990 2325 deserendam.
1006 2252 1091 2335 Quis
1107 2252 1196 2322 hanc
1208 2249 1311 2334 fidem

229 2403 299 2452 non
325 2379 453 2461 laudet,
476 2377 555 2472 quis
582 2378 675 2447 hunc
700 2375 853 2446 animum
880 2367 948 2446 uon
976 2383 1086 2468 optet;
1112 2373 1193 2468 quis
1225 2367 1314 2448 hauc

232 2501 412 2574 morientis
433 2499 663 2572 constantiam
683 2521 752 2570 non
772 2497 942 2570 miretur‘l
959 2497 1034 2569 lulii
1052 2490 1203 2571 Caesaris
1224 2499 1314 2571 inter

230 2625 340 2696 multa
364 2623 448 2695 illud
469 2643 622 2694 romanae
655 2620 825 2692 mirantur
844 2621 1002 2694 historiae
1028 2622 1121 2716 quod
1149 2625 1311 2709 moriens,

231 2769 275 2820 ne
296 2748 476 2818 inferiores
495 2755 613 2840 partes
631 2745 787 2841 corporis
801 2745 950 2817 nudaret
966 2758 1072 2839 atque
1085 2757 1124 2818 ut
1136 2747 1314 2819 honestior

231 2883 337 2936 casus
357 2870 467 2946 esset,
496 2873 589 2953 togae
615 2860 786 2952 gremium
808 2862 854 2934 ad
875 2861 943 2934 ima
963 2862 1155 2935 demiserit.
1177 2863 1315 2934 Lauda-

232 2986 342 3058 turin
368 2984 536 3056 extremis
558 3006 698 3079 quoque
718 3007 839 3056 curam
866 2985 1003 3059 decoris
1025 2984 1192 3059 habuisse
1211 2987 1315 3056 Pom·

232 3108 355 3202 peius3
377 3106 470 3201 apud
494 3107 636 3178 Graeoos
661 3107 839 3202 Olympias
867 3109 964 3201 regia
984 3106 1176 3182 Alexandri
1203 3117 1315 3180 mater

231 3229 315 3301 dum
336 3229 564 3314 occideretur,
588 3226 744 3300 similiter
765 3239 858 3322 togae
885 3232 1000 3302 sinum
1020 3231 1207 3305 demisisse
1231 3255 1313 3304 nan

233 3359 350 3435 ratur3
372 3351 487 3423 minus
509 3349 729 3448 mirabilisin
754 3351 900 3423 muliere
922 3354 1148 3436 verecundia,
1172 3355 1314 3426 mirabi-

232 3473 364 3568 liorque
389 3473 595 3545 constantia.
626 3474 887 3567 Epaminondas
914 3496 1001 3547 vero
1027 3475 1226 3559 Thebanus,
1259 3477 1314 3546 vir

231 3593 321 3668 inter
343 3595 468 3670 Graios
488 3595 767 3681 laudatissimus,
790 3597 874 3668 dum
895 3621 942 3670 ex
964 3599 1115 3692 acceptis
1136 3599 1172 3667 in
1192 3598 1314 3691 praelio

232 3715 437 3790 vulneribus
458 3726 668 3802 moreretur,
690 3727 912 3810 percontatus
931 3742 975 3791 an
996 3723 1120 3814 clypeo
1140 3741 1206 3792 suo
1226 3722 1314 3812 poti-

233 3847 326 3910 retur
346 3838 470 3924 hostis,
493 3838 553 3911 ubi
576 3842 712 3911 salvum
735 3841 881 3924 audivit,
906 3841 1020 3914 afferri
1042 3843 1136 3914 illurn
1164 3843 1314 3914 iussisse

230 3958 485 4055 dicitur,quem
503 3962 628 4033 martia
641 3963 793 4056 quadam
810 3985 890 4035 cum
905 3967 1082 4059 voluptate
1099 3968 1313 4058 complexus,

230 4085 327 4155 velut
361 4093 486 4158 testem
520 4085 653 4159 bellicae
675 4108 749 4159 suae
775 4085 902 4170 laudis,
931 4087 1210 4184 deosculansque
1234 4110 1312 4162 curn
1394 4189 1397 4194 ι
