3002 4794
275 339 311 399 tn
613 349 654 396 nn
675 347 775 396 nunus
797 345 1018 394 rnumrnnmus

271 495 347 579 fuit,
368 494 469 565 nobis
491 491 653 564 omnibus
673 490 783 585 pudor
804 503 844 562 ac
861 489 959 561 dolor
979 489 1159 581 ingentior.
1181 487 1349 561 Desidere

272 619 369 689 illum
390 638 457 707 ego
476 639 580 708 quem
606 615 836 708 perdidimus,
864 635 928 684 nec
953 613 1068 683 minus
1093 612 1349 706 providentiam

271 740 444 822 desidero,
463 761 567 832 quam
584 737 784 833 perdiderat
803 737 869 821 ille,
892 737 975 808 dum
997 757 1035 806 se
1055 735 1212 828 perdidit.
1231 735 1351 820 Quod-

271 884 340 954 que
361 861 442 933 olim
464 863 499 931 in
516 859 660 932 Claudio
680 861 841 931 Marcello
869 857 966 932 flevit
986 858 1134 951 populus
1162 858 1347 943 Romanus

272 985 307 1056 id
327 985 362 1054 in
383 985 449 1055 hoc
466 983 620 1054 flendum
641 1003 781 1066 censeo,
804 1004 873 1053 non
893 989 1055 1064 mortem,
1083 1002 1164 1074 quae
1188 980 1349 1053 omnibus

273 1129 375 1200 aequa
395 1116 460 1187 est,
479 1127 548 1175 non
570 1104 717 1195 gladios
745 1123 834 1195 quos
859 1101 956 1172 multi
989 1123 1083 1197 saepe
1114 1126 1243 1194 magna
1271 1126 1351 1175 cum

273 1229 384 1322 gloria
401 1230 632 1322 pertulerunt,
654 1225 718 1296 sed
742 1248 894 1296 errorem
921 1234 1054 1296 tantum
1078 1249 1121 1298 ea
1145 1209 1250 1300 aetate
1271 1247 1352 1319 quae

272 1350 468 1446 praecipites
488 1348 733 1422 adolescentiae
750 1357 866 1419 motus
887 1349 1055 1420 transisse
1075 1350 1252 1435 debuerat,
1267 1350 1352 1422 ado-

271 1476 541 1569 lescentiamque
554 1473 665 1566 ipsam
677 1470 737 1542 diu
749 1483 829 1543 ante
841 1471 1036 1544 transierat.
1050 1473 1176 1544 Nescio
1189 1493 1350 1565 quaenam

273 1599 448 1670 infernalis
476 1596 595 1668 Alecto
612 1596 747 1668 moestis
764 1593 897 1666 facibus
919 1595 987 1666 iam
1011 1595 1203 1686 frigescens
1228 1606 1350 1688 pectus

272 1722 444 1806 accendit,
467 1743 530 1791 seu
547 1741 709 1812 quaenam
730 1717 824 1789 Dirae
844 1727 1006 1789 tartareae
1033 1717 1260 1789 stridentibus
1286 1718 1349 1788 alis

271 1843 401 1915 circum
421 1842 551 1913 lumina
568 1841 753 1911 volitantes
783 1840 909 1911 vicinae
928 1841 1048 1912 mortis
1078 1841 1237 1934 eripuere
1269 1862 1350 1911 con-

274 1977 440 2058 spectum.
460 1966 591 2036 Verum
612 1964 687 2035 baec
713 1963 890 2034 calamitas
911 1985 958 2032 ex
990 1964 1125 2034 illarum
1146 1986 1273 2056 genere
1296 1973 1351 2033 est

271 2113 360 2184 quas
377 2090 462 2163 flere
483 2087 622 2172 licitum,
644 2109 714 2158 non
731 2097 876 2158 mutare.
894 2084 949 2158 Ad
967 2095 1000 2157 te
1021 2096 1155 2169 vertor,
1171 2107 1240 2178 quo
1264 2085 1351 2157 irre-

272 2210 446 2284 mediabili
467 2211 587 2283 dolore
608 2211 769 2303 seposito,
792 2221 922 2282 metum
943 2209 999 2281 cui
1020 2210 1153 2282 occurri
1171 2217 1285 2301 potest
1300 2218 1351 2279 at-

273 2337 404 2428 tingam
425 2334 604 2406 brevibus.
630 2334 738 2406 Multa
766 2333 859 2404 enim
891 2333 935 2405 de
963 2355 1081 2403 amore
1111 2345 1225 2403 tecum
1245 2353 1349 2423 agere

273 2477 501 2552 supervacuae
513 2455 753 2526 ostentationis
766 2454 882 2537 luerit,
898 2476 1001 2545 quem
1016 2453 1232 2544 experientia
1243 2462 1280 2522 et
1291 2476 1350 2526 ars

271 2571 444 2648 Nasonem
462 2576 571 2647 nostri
592 2575 755 2667 temporis
775 2574 1026 2648 autcatullum
1051 2582 1113 2643 aut
1135 2573 1350 2667 Propertium

271 2706 332 2770 aut
348 2696 519 2768 Tibullum
541 2697 629 2768 fecit.
651 2696 775 2786 lugere
791 2694 853 2766 tibi
874 2717 965 2766 nunc
984 2694 1068 2787 quid
1086 2694 1121 2766 hi
1144 2694 1274 2787 quidve
1293 2695 1350 2765 alii

271 2821 433 2901 dixerint,
452 2831 487 2891 et
503 2818 697 2913 praesertim
717 2818 860 2890 Flaccus
877 2819 912 2894 in
938 2839 1097 2889 sermone
1118 2818 1176 2890 illo
1194 2818 1240 2890 de
1260 2817 1351 2910 fugi-

272 2944 385 3016 tandis
403 2941 581 3013 amoribus
603 2950 850 3012 matronarum.
875 2942 958 3012 Plus
983 2963 1087 3034 quam
1114 2952 1196 3013 nota
1221 2944 1350 3012 referre

271 3067 319 3137 nil
347 3076 402 3136 est
421 3063 515 3136 aliud
535 3085 641 3157 quam
673 3066 775 3157 pleno
796 3064 925 3155 pectori
955 3085 1124 3136 nauseam
1156 3064 1349 3157 peperisse.

273 3191 394 3273 Unum,
416 3186 509 3281 quod
521 3186 641 3257 nescio
654 3209 699 3257 an
716 3183 830 3258 adbuc
842 3186 976 3277 tegeris,
990 3185 1154 3270 inseram,
1172 3194 1209 3255 ut
1228 3184 1350 3254 intelli-

272 3333 335 3404 gas
356 3310 633 3405 antiquissimam
659 3309 858 3404 passionem
883 3331 986 3402 quam
1014 3307 1166 3402 quotidie
1195 3307 1349 3379 mortalis

271 3434 407 3508 insania
423 3455 550 3505 novam
569 3432 658 3502 facit.
680 3433 822 3504 Plautus
839 3431 875 3500 in
895 3453 937 3502 ea
956 3450 1036 3524 quae
1054 3430 1247 3504 Cistellaria
1263 3431 1348 3505 dici-

273 3571 329 3633 tur
347 3560 436 3632 duas
457 3558 677 3628 mulierculas
698 3557 932 3655 colloquentes
946 3556 1050 3650 ponit,
1065 3555 1191 3629 rudem
1205 3557 1349 3628 alteram

272 3694 376 3777 atque
395 3681 523 3755 amoris
544 3683 773 3774 inexpertam,
806 3682 949 3752 alteram
982 3703 1069 3752 vero
1100 3676 1346 3753 doctissimam.

272 3806 399 3880 Prioris
417 3805 629 3899 percontatio
649 3803 805 3877 adhunc
823 3825 862 3876 se
882 3803 986 3876 habet
1008 3805 1171 3878 modum:
1192 3794 1201 3827 ยน

433 3979 477 4038 An
495 3991 597 4040 amare
614 3977 750 4057 occipere
767 3992 908 4041 amarum
925 3982 970 4040 est
987 3975 1122 4039 obsecro.

368 4215 376 4248 ยน
395 4217 474 4270 Plaut.
488 4217 629 4278 Cistellam,
644 4227 691 4272 act.
707 4221 730 4282 l,
745 4234 781 4271 sc.
798 4221 819 4269 l.
