2958 4804
257 386 316 445 0238
592 399 632 444 aa
656 398 756 446 nanus
778 393 998 444 allacrimans

258 533 412 628 pore'ah
435 534 501 604 hac
527 533 700 605 sententia
720 533 944 604 metuendum
971 543 1081 617 esset3
1103 532 1263 625 quamvis
1287 555 1328 602 ne

257 680 349 728 nunc
368 657 509 749 quidem
537 658 642 726 ullum
669 655 749 726 inde
777 655 841 726 sibi
869 657 970 726 iamae
990 655 1176 726 discrimen
1202 655 1326 750 impen-

257 781 339 851 deat
364 778 455 872 apud
476 799 537 848 eos
558 779 760 869 quiveram
786 780 931 869 gloriam
952 780 1148 871 salsumque
1167 779 1328 862 dedecus,

257 927 325 974 non
351 901 511 998 opinione
536 899 688 992 vulgari,
711 902 775 973 sed
795 900 1004 994 quibusdam
1026 902 1232 974 certioribus
1260 901 1330 972 suis

257 1028 348 1100 notis
367 1025 577 1106 examinant,
596 1035 632 1094 et
650 1035 799 1094 eventus
817 1024 971 1095 virorum
993 1023 1178 1096 illustrium
1196 1024 1332 1095 virtutis

257 1173 327 1222 non
340 1153 487 1220 lortunae
504 1145 630 1217 iudicio
647 1147 846 1217 metiuntur.
863 1146 966 1230 Quod
983 1147 1031 1216 ita
1048 1168 1131 1217 esse
1147 1169 1194 1218 ex
1211 1145 1334 1218 obiecti

257 1272 410 1345 criminis
431 1269 596 1363 qualitate
622 1269 855 1365 perpenditur.
878 1270 968 1340 Nihil
994 1269 1085 1340 euim
1111 1268 1230 1340 exeis
1257 1290 1335 1361 quae

257 1397 357 1467 bonis
382 1393 543 1464 omnibus
569 1393 604 1462 in
630 1393 687 1464 illo
715 1395 790 1464 viro
814 1393 996 1488 displicent
1022 1391 1194 1483 arguitur,
1222 1414 1335 1484 neque

257 1517 396 1589 omnino
417 1515 496 1588 finis
524 1516 586 1587 sed
606 1515 762 1608 principii
788 1539 870 1587 reus
891 1527 956 1586 est.
982 1517 1058 1586 Non
1087 1513 1153 1584 sihi
1178 1513 1338 1584 obiicitur

256 1641 350 1732 quod
367 1639 468 1709 malis
485 1637 681 1721 adhaeserit,
701 1639 796 1731 quod
812 1639 1005 1710 libertatem
1021 1636 1225 1720 destituerit,
1245 1637 1339 1728 quod

258 1785 277 1833 e
310 1761 475 1855 Capitolio
507 1761 647 1851 sugerit,
676 1783 756 1832 cum
780 1783 953 1854 nusquam
987 1760 1168 1832 honestius
1197 1761 1335 1842 vivere,

257 1906 429 1976 nusquam
448 1883 635 1975 gloriosius
648 1883 735 1954 mori
753 1894 883 1976 posset.
898 1883 990 1967 Quid
1003 1887 1111 1975 ergo‘l
1124 1881 1212 1954 lllud
1226 1905 1337 2002 qaum

257 2006 322 2077 sibi
342 2005 474 2077 crimen
494 2005 678 2100 opponitur
697 2005 800 2088 unde,
820 2005 851 2076 si
869 2006 1119 2078 condemnatus
1136 2003 1249 2088 suerit,
1269 2026 1337 2075 non

257 2130 341 2200 mihi
361 2128 502 2223 quidem
528 2128 678 2213 infamis,
707 2129 770 2200 sed
793 2137 927 2200 aeterna
946 2128 1132 2200 decoratus
1155 2126 1265 2217 gloria
1285 2126 1337 2196 vi-

257 2250 416 2334 debitur3
433 2250 529 2343 quod
554 2249 683 2322 scilicet
703 2252 856 2344 cogitare
876 2273 985 2322 ausus
1007 2251 1052 2322 sit
1078 2259 1116 2320 ut
1143 2251 1277 2320 salvam
1299 2271 1337 2318 ac

257 2374 402 2444 liberam
422 2375 527 2444 vellet
553 2395 633 2446 esse
658 2374 921 2468 rempublicam,
943 2373 1044 2446 etde
1065 2393 1210 2446 romano
1229 2371 1337 2466 impe-

258 2495 310 2566 rio
342 2495 457 2588 deque
485 2497 639 2568 romanis
671 2499 902 2590 potestatibus
931 2501 1052 2570 Romae
1078 2496 1145 2589 agi.
1179 2495 1207 2566 O
1237 2516 1337 2566 cruce

258 2615 527 2710 vulturibusque
540 2618 684 2711 dignum
703 2623 835 2692 scelus!
856 2621 969 2693 civem
989 2641 1170 2692 romanum
1183 2617 1338 2690 doluisse

257 2739 353 2836 quod
372 2739 519 2834 patriam
541 2765 641 2813 suam
658 2743 733 2814 iure
746 2745 899 2816 omnium
919 2745 1104 2827 dominam,
1124 2764 1263 2814 servam
1286 2742 1340 2812 vi-

257 2864 471 2935 lissimorum
492 2864 668 2936 hominum
691 2866 844 2938 'videretl
865 2869 942 2938 haec
959 2878 1051 2940 certe
1067 2866 1220 2938 criminis
1240 2887 1340 2936 sum-

258 3007 315 3055 ma
330 2994 398 3066 est,
418 2983 499 3054 hinc
521 2987 725 3079 supplicium
744 2987 909 3079 poscitur.
929 2990 968 3059 ln
986 2991 1050 3060 hoc
1069 2997 1175 3071 statu,
1197 2987 1337 3081 (utiam
1409 3061 1411 3066 ,

260 3105 400 3177 tandem
419 3105 542 3177 audias
560 3129 623 3178 cur
645 3108 771 3202 incepi,
794 3111 995 3205 habeasque
1013 3112 1108 3205 quod
1124 3110 1239 3182 rideas
1260 3123 1341 3203 post

258 3229 431 3323 dolorem)
459 3252 564 3301 unam
600 3231 665 3302 sihi
698 3233 851 3306 relictam
880 3257 976 3328 spem
1002 3235 1125 3307 salutis
1151 3235 1339 3307 amicorum

258 3351 380 3424 litteris
414 3351 552 3437 edidici,
578 3355 672 3448 quod
701 3360 808 3448 vulgo
834 3359 926 3428 lama
946 3358 1179 3452 percrebuerit
1199 3367 1337 3451 poetam

260 3475 355 3546 illum
387 3496 469 3548 esse
505 3477 756 3548 clarissimum:
796 3479 912 3573 itaque
947 3482 1044 3552 nefas
1083 3479 1195 3552 videri
1236 3482 1339 3550 talem

260 3607 295 3667 et
316 3603 386 3667 tam
404 3619 503 3670 sacro
520 3599 635 3670 studio
655 3599 812 3673 deditum
829 3600 1005 3672 hominem
1023 3601 1167 3686 violare,
1190 3599 1246 3670 illa
1264 3600 1340 3692 qui-

260 3720 341 3792 dem
365 3723 533 3813 praeclara
559 3723 729 3795 sententia
748 3724 816 3795 iam
843 3724 876 3794 in
897 3727 1027 3816 vulgus
1047 3724 1166 3808 ellusa,
1188 3745 1258 3817 qua
1278 3745 1340 3816 pro

261 3841 352 3914 Aulo
371 3843 502 3915 Licinio
520 3841 647 3917 Archia
667 3856 880 3941 praeoeptore
902 3871 966 3921 suo
987 3848 1078 3943 apud
1099 3848 1231 3920 iudices
1253 3867 1339 3918 usus

262 3978 317 4038 est
330 3967 463 4052 Cicero,
477 3990 582 4060 quam
600 3992 669 4041 uon
686 3970 848 4064 apposui,
864 3972 1028 4064 quoniam
1041 3969 1230 4044 orationem
1248 3969 1341 4040 illam

262 4087 307 4158 ab
335 4098 493 4162 extrema
517 4092 598 4161 olim
624 4091 808 4164 Germania
840 4094 1041 4178 advectam,
1068 4094 1153 4167 dum
1186 4095 1260 4165 loca
1284 4090 1340 4161 illa

264 4208 399 4280 visendi
425 4211 549 4282 ardore
575 4212 771 4285 iuveniliter
796 4236 1034 4307 peragrarcm,
1057 4228 1093 4288 et
1117 4238 1207 4288 anno
1233 4216 1339 4286 altero
