<?xml version="1.0" encoding="UTF-8"?>
<!DOCTYPE html PUBLIC "-//W3C//DTD XHTML 1.0 Transitional//EN"
    "http://www.w3.org/TR/xhtml1/DTD/xhtml1-transitional.dtd">
<html xmlns="http://www.w3.org/1999/xhtml" xml:lang="en" lang="en">
 <head>
  <title>
</title>
<meta http-equiv="Content-Type" content="text/html;charset=utf-8" />
  <meta name='ocr-system' content='tesseract 3.04.00' />
  <meta name='ocr-capabilities' content='ocr_page ocr_carea ocr_par ocr_line ocrx_word'/>
</head>
<body>
  <div class='ocr_page' id='page_1' title='image "./franciscipetrar01fracgoog_0154.png"; bbox 0 0 2988 4800; ppageno 0'>
   <div class='ocr_carea' id='block_1_1' title="bbox 399 387 1227 447">
    <p class='ocr_par' dir='ltr' id='par_1_1' title="bbox 399 387 1227 447">
     <span class='ocr_line' id='line_1_1' title="bbox 399 387 1227 447; baseline 0.001 -4"><span class='ocrx_word' id='word_1_1' title='bbox 399 395 490 444; x_wconf 77' lang='lat' dir='ltr'><strong>trouu</strong></span> <span class='ocrx_word' id='word_1_2' title='bbox 513 396 906 446; x_wconf 79' lang='lat' dir='ltr'><strong>uuuucruus.-ur1srcun</strong></span> <span class='ocrx_word' id='word_1_3' title='bbox 928 399 977 447; x_wconf 79' lang='lat' dir='ltr'><strong>xv.</strong></span> <span class='ocrx_word' id='word_1_4' title='bbox 1171 387 1227 445; x_wconf 76' lang='lat' dir='ltr'>ll‘l</span> 
     </span>
    </p>
   </div>
   <div class='ocr_carea' id='block_1_2' title="bbox 562 659 817 726">
    <p class='ocr_par' dir='ltr' id='par_1_2' title="bbox 562 659 817 726">
     <span class='ocr_line' id='line_1_2' title="bbox 562 659 817 726; baseline 0 -2"><span class='ocrx_word' id='word_1_5' title='bbox 562 659 738 726; x_wconf 77' lang='lat' dir='ltr'><strong>urlslotn</strong></span> <span class='ocrx_word' id='word_1_6' title='bbox 759 661 817 724; x_wconf 81' lang='lat' dir='ltr'><strong>xv.</strong></span> 
     </span>
    </p>
   </div>
   <div class='ocr_carea' id='block_1_3' title="bbox 205 848 1180 1004">
    <p class='ocr_par' dir='ltr' id='par_1_3' title="bbox 205 848 1180 1004">
     <span class='ocr_line' id='line_1_3' title="bbox 205 848 1180 901; baseline -0.002 -1"><span class='ocrx_word' id='word_1_7' title='bbox 205 848 400 900; x_wconf 76' lang='lat' dir='ltr'><strong>rulnclscus</strong></span> <span class='ocrx_word' id='word_1_8' title='bbox 421 849 589 898; x_wconf 76' lang='lat' dir='ltr'>PETRARGA</span> <span class='ocrx_word' id='word_1_9' title='bbox 610 849 755 900; x_wconf 80' lang='lat' dir='ltr'>PHILIPPO</span> <span class='ocrx_word' id='word_1_10' title='bbox 777 851 930 900; x_wconf 71' lang='lat' dir='ltr'><strong>Episcopo</strong></span> <span class='ocrx_word' id='word_1_11' title='bbox 953 851 1180 901; x_wconf 71' lang='lat' dir='ltr'><strong>cavattrcuusr</strong></span> 
     </span>
     <span class='ocr_line' id='line_1_4' title="bbox 629 955 756 1004; baseline 0.016 -2"><span class='ocrx_word' id='word_1_12' title='bbox 629 955 654 1003; x_wconf 87' lang='lat' dir='ltr'><strong>S.</strong></span> <span class='ocrx_word' id='word_1_13' title='bbox 675 955 704 1004; x_wconf 88' lang='lat' dir='ltr'><strong>P.</strong></span> <span class='ocrx_word' id='word_1_14' title='bbox 725 956 756 1004; x_wconf 89' lang='lat' dir='ltr'><strong>D.</strong></span> 
     </span>
    </p>
   </div>
   <div class='ocr_carea' id='block_1_4' title="bbox 247 1134 1138 1298">
    <p class='ocr_par' dir='ltr' id='par_1_4' title="bbox 247 1134 1138 1298">
     <span class='ocr_line' id='line_1_5' title="bbox 247 1134 1138 1206; baseline -0.002 -15"><span class='ocrx_word' id='word_1_15' title='bbox 247 1135 357 1191; x_wconf 79' lang='lat' dir='ltr'>Gaudet</span> <span class='ocrx_word' id='word_1_16' title='bbox 371 1135 405 1190; x_wconf 91' lang='lat' dir='ltr'><strong>de</strong></span> <span class='ocrx_word' id='word_1_17' title='bbox 421 1135 512 1190; x_wconf 90' lang='lat' dir='ltr'><strong>reditu</strong></span> <span class='ocrx_word' id='word_1_18' title='bbox 527 1134 601 1204; x_wconf 88' lang='lat' dir='ltr'><strong>eius,</strong></span> <span class='ocrx_word' id='word_1_19' title='bbox 617 1139 703 1206; x_wconf 82' lang='lat' dir='ltr'><strong>utque</strong></span> <span class='ocrx_word' id='word_1_20' title='bbox 718 1135 829 1190; x_wconf 87' lang='lat' dir='ltr'><strong>taudem</strong></span> <span class='ocrx_word' id='word_1_21' title='bbox 844 1134 878 1190; x_wconf 88' lang='lat' dir='ltr'><strong>ab</strong></span> <span class='ocrx_word' id='word_1_22' title='bbox 893 1135 1037 1190; x_wconf 81' lang='lat' dir='ltr'><strong>itineribus</strong></span> <span class='ocrx_word' id='word_1_23' title='bbox 1051 1141 1138 1192; x_wconf 84' lang='lat' dir='ltr'><strong>cesset</strong></span> 
     </span>
     <span class='ocr_line' id='line_1_6' title="bbox 449 1225 935 1298; baseline -0.002 -17"><span class='ocrx_word' id='word_1_24' title='bbox 449 1232 476 1282; x_wconf 91' lang='lat' dir='ltr'><strong>et</strong></span> <span class='ocrx_word' id='word_1_25' title='bbox 490 1225 577 1280; x_wconf 91' lang='lat' dir='ltr'><strong>otium</strong></span> <span class='ocrx_word' id='word_1_26' title='bbox 592 1225 654 1279; x_wconf 87' lang='lat' dir='ltr'><strong>vitae</strong></span> <span class='ocrx_word' id='word_1_27' title='bbox 668 1230 784 1298; x_wconf 79' lang='lat' dir='ltr'><strong>quaerat,</strong></span> <span class='ocrx_word' id='word_1_28' title='bbox 800 1226 935 1281; x_wconf 76' lang='lat' dir='ltr'><strong>hortatur.</strong></span> 
     </span>
    </p>
   </div>
   <div class='ocr_carea' id='block_1_5' title="bbox 154 1445 1230 1663">
    <p class='ocr_par' dir='ltr' id='par_1_5' title="bbox 154 1445 1230 1663">
     <span class='ocr_line' id='line_1_7' title="bbox 251 1445 1230 1539; baseline 0.001 -23"><span class='ocrx_word' id='word_1_29' title='bbox 251 1449 426 1520; x_wconf 82' lang='lat' dir='ltr'>Reducem</span> <span class='ocrx_word' id='word_1_30' title='bbox 446 1456 479 1519; x_wconf 91' lang='lat' dir='ltr'><strong>te</strong></span> <span class='ocrx_word' id='word_1_31' title='bbox 496 1445 774 1539; x_wconf 81' lang='lat' dir='ltr'><strong>peregrinatione</strong></span> <span class='ocrx_word' id='word_1_32' title='bbox 787 1447 989 1538; x_wconf 82' lang='lat' dir='ltr'><strong>longissima</strong></span> <span class='ocrx_word' id='word_1_33' title='bbox 1008 1449 1110 1519; x_wconf 90' lang='lat' dir='ltr'><strong>laetus</strong></span> <span class='ocrx_word' id='word_1_34' title='bbox 1128 1445 1230 1519; x_wconf 88' lang='lat' dir='ltr'><strong>audio</strong></span> 
     </span>
     <span class='ocr_line' id='line_1_8' title="bbox 154 1567 1092 1663; baseline -0.004 -19"><span class='ocrx_word' id='word_1_35' title='bbox 154 1583 187 1644; x_wconf 91' lang='lat' dir='ltr'><strong>et</strong></span> <span class='ocrx_word' id='word_1_36' title='bbox 207 1572 316 1643; x_wconf 91' lang='lat' dir='ltr'><strong>tensis</strong></span> <span class='ocrx_word' id='word_1_37' title='bbox 337 1570 382 1641; x_wconf 83' lang='lat' dir='ltr'><strong>ed</strong></span> <span class='ocrx_word' id='word_1_38' title='bbox 401 1573 527 1642; x_wconf 91' lang='lat' dir='ltr'><strong>coelum</strong></span> <span class='ocrx_word' id='word_1_39' title='bbox 547 1569 671 1663; x_wconf 90' lang='lat' dir='ltr'><strong>palmis</strong></span> <span class='ocrx_word' id='word_1_40' title='bbox 691 1592 770 1641; x_wconf 90' lang='lat' dir='ltr'><strong>cum</strong></span> <span class='ocrx_word' id='word_1_41' title='bbox 791 1567 943 1642; x_wconf 79' lang='lat' dir='ltr'><strong>Anchise</strong></span> <span class='ocrx_word' id='word_1_42' title='bbox 960 1571 1092 1643; x_wconf 91' lang='lat' dir='ltr'><strong>ordior:</strong></span> 
     </span>
    </p>
   </div>
   <div class='ocr_carea' id='block_1_6' title="bbox 272 1753 1113 2031">
    <p class='ocr_par' dir='ltr' id='par_1_6' title="bbox 272 1753 1113 2031">
     <span class='ocr_line' id='line_1_9' title="bbox 272 1753 684 1820; baseline 0.002 -1"><span class='ocrx_word' id='word_1_43' title='bbox 272 1753 387 1819; x_wconf 86' lang='lat' dir='ltr'><strong>Venisti</strong></span> <span class='ocrx_word' id='word_1_44' title='bbox 403 1755 526 1820; x_wconf 87' lang='lat' dir='ltr'><strong>tandem</strong></span> <span class='ocrx_word' id='word_1_45' title='bbox 543 1803 684 1820; x_wconf 91' lang='grc'><strong>......</strong></span> 
     </span>
     <span class='ocr_line' id='line_1_10' title="bbox 272 1853 1113 1934; baseline 0 -18"><span class='ocrx_word' id='word_1_46' title='bbox 272 1853 351 1926; x_wconf 86' lang='lat' dir='ltr'><strong>Quas</strong></span> <span class='ocrx_word' id='word_1_47' title='bbox 368 1869 425 1931; x_wconf 79' lang='lat' dir='ltr'><strong>ego</strong></span> <span class='ocrx_word' id='word_1_48' title='bbox 443 1859 472 1915; x_wconf 90' lang='lat' dir='ltr'><strong>te</strong></span> <span class='ocrx_word' id='word_1_49' title='bbox 490 1859 586 1915; x_wconf 86' lang='lat' dir='ltr'><strong>terras</strong></span> <span class='ocrx_word' id='word_1_50' title='bbox 603 1859 634 1916; x_wconf 90' lang='lat' dir='ltr'><strong>et</strong></span> <span class='ocrx_word' id='word_1_51' title='bbox 651 1861 761 1932; x_wconf 88' lang='lat' dir='ltr'>quanta</span> <span class='ocrx_word' id='word_1_52' title='bbox 778 1870 832 1934; x_wconf 90' lang='lat' dir='ltr'><strong>per</strong></span> <span class='ocrx_word' id='word_1_53' title='bbox 849 1871 972 1934; x_wconf 70' lang='lat' dir='ltr'><strong>aequora</strong></span> <span class='ocrx_word' id='word_1_54' title='bbox 990 1861 1113 1918; x_wconf 82' lang='lat' dir='ltr'><strong>vectum</strong></span> 
     </span>
     <span class='ocr_line' id='line_1_11' title="bbox 273 1951 413 2031; baseline -0.014 -17"><span class='ocrx_word' id='word_1_55' title='bbox 273 1951 413 2031; x_wconf 80' lang='lat' dir='ltr'><strong>Accipiol</strong></span> 
     </span>
    </p>
   </div>
   <div class='ocr_carea' id='block_1_7' title="bbox 152 2129 1313 4317">
    <p class='ocr_par' dir='ltr' id='par_1_7' title="bbox 152 2129 1313 4317">
     <span class='ocr_line' id='line_1_12' title="bbox 248 2129 1232 2222; baseline 0.002 -20"><span class='ocrx_word' id='word_1_56' title='bbox 248 2131 393 2217; x_wconf 90' lang='lat' dir='ltr'><strong>Quidni</strong></span> <span class='ocrx_word' id='word_1_57' title='bbox 411 2140 527 2203; x_wconf 90' lang='lat' dir='ltr'><strong>autem</strong></span> <span class='ocrx_word' id='word_1_58' title='bbox 548 2132 702 2222; x_wconf 79' lang='lat' dir='ltr'>gratuler</span> <span class='ocrx_word' id='word_1_59' title='bbox 722 2139 855 2200; x_wconf 89' lang='lat' dir='ltr'><strong>tantum</strong></span> <span class='ocrx_word' id='word_1_60' title='bbox 873 2140 907 2200; x_wconf 90' lang='lat' dir='ltr'><strong>et</strong></span> <span class='ocrx_word' id='word_1_61' title='bbox 925 2140 995 2201; x_wconf 88' lang='lat' dir='ltr'><strong>tam</strong></span> <span class='ocrx_word' id='word_1_62' title='bbox 1012 2129 1102 2202; x_wconf 90' lang='lat' dir='ltr'><strong>bene</strong></span> <span class='ocrx_word' id='word_1_63' title='bbox 1119 2130 1162 2202; x_wconf 94' lang='lat' dir='ltr'><strong>de</strong></span> <span class='ocrx_word' id='word_1_64' title='bbox 1178 2155 1232 2204; x_wconf 93' lang='lat' dir='ltr'><strong>me</strong></span> 
     </span>
     <span class='ocr_line' id='line_1_13' title="bbox 153 2253 1230 2350; baseline -0.001 -22"><span class='ocrx_word' id='word_1_65' title='bbox 153 2256 313 2329; x_wconf 89' lang='lat' dir='ltr'><strong>meritum</strong></span> <span class='ocrx_word' id='word_1_66' title='bbox 334 2264 467 2350; x_wconf 86' lang='lat' dir='ltr'><strong>patrem</strong></span> <span class='ocrx_word' id='word_1_67' title='bbox 489 2255 655 2347; x_wconf 90' lang='lat' dir='ltr'><strong>sospitem</strong></span> <span class='ocrx_word' id='word_1_68' title='bbox 675 2253 931 2338; x_wconf 81' lang='lat' dir='ltr'><strong>mihirestitui,</strong></span> <span class='ocrx_word' id='word_1_69' title='bbox 953 2253 982 2324; x_wconf 92' lang='lat' dir='ltr'><strong>si</strong></span> <span class='ocrx_word' id='word_1_70' title='bbox 1002 2262 1071 2324; x_wconf 90' lang='lat' dir='ltr'><strong>tota</strong></span> <span class='ocrx_word' id='word_1_71' title='bbox 1094 2277 1230 2327; x_wconf 90' lang='lat' dir='ltr'><strong>mecum</strong></span> 
     </span>
     <span class='ocr_line' id='line_1_14' title="bbox 152 2375 1231 2472; baseline 0 -22"><span class='ocrx_word' id='word_1_72' title='bbox 152 2378 284 2472; x_wconf 77' lang='lat' dir='ltr'><strong>gaudet</strong></span> <span class='ocrx_word' id='word_1_73' title='bbox 302 2378 471 2462; x_wconf 83' lang='lat' dir='ltr'><strong>Ecclesia,</strong></span> <span class='ocrx_word' id='word_1_74' title='bbox 492 2400 597 2471; x_wconf 92' lang='lat' dir='ltr'><strong>quam</strong></span> <span class='ocrx_word' id='word_1_75' title='bbox 615 2377 772 2448; x_wconf 82' lang='lat' dir='ltr'><strong>bimestri</strong></span> <span class='ocrx_word' id='word_1_76' title='bbox 790 2375 913 2470; x_wconf 84' lang='lat' dir='ltr'><strong>spatio,</strong></span> <span class='ocrx_word' id='word_1_77' title='bbox 933 2377 1028 2470; x_wconf 90' lang='lat' dir='ltr'><strong>quod</strong></span> <span class='ocrx_word' id='word_1_78' title='bbox 1044 2379 1231 2472; x_wconf 88' lang='lat' dir='ltr'><strong>plusquam</strong></span> 
     </span>
     <span class='ocr_line' id='line_1_15' title="bbox 152 2498 1234 2594; baseline 0.001 -21"><span class='ocrx_word' id='word_1_79' title='bbox 152 2501 279 2574; x_wconf 84' lang='lat' dir='ltr'><strong>hienae</strong></span> <span class='ocrx_word' id='word_1_80' title='bbox 297 2500 412 2572; x_wconf 91' lang='lat' dir='ltr'><strong>visum</strong></span> <span class='ocrx_word' id='word_1_81' title='bbox 430 2511 493 2585; x_wconf 89' lang='lat' dir='ltr'><strong>est,</strong></span> <span class='ocrx_word' id='word_1_82' title='bbox 512 2501 712 2594; x_wconf 86' lang='lat' dir='ltr'>acephalam</span> <span class='ocrx_word' id='word_1_83' title='bbox 732 2498 925 2593; x_wconf 85' lang='lat' dir='ltr'><strong>reliquisti?</strong></span> <span class='ocrx_word' id='word_1_84' title='bbox 944 2500 1050 2572; x_wconf 89' lang='lat' dir='ltr'><strong>Totus</strong></span> <span class='ocrx_word' id='word_1_85' title='bbox 1068 2501 1234 2574; x_wconf 89' lang='lat' dir='ltr'><strong>amantis·</strong></span> 
     </span>
     <span class='ocr_line' id='line_1_16' title="bbox 154 2623 1233 2718; baseline -0.002 -23"><span class='ocrx_word' id='word_1_86' title='bbox 154 2625 265 2696; x_wconf 88' lang='lat' dir='ltr'><strong>simus</strong></span> <span class='ocrx_word' id='word_1_87' title='bbox 291 2626 348 2696; x_wconf 92' lang='lat' dir='ltr'><strong>ille</strong></span> <span class='ocrx_word' id='word_1_88' title='bbox 376 2645 465 2716; x_wconf 83' lang='lat' dir='ltr'><strong>grex</strong></span> <span class='ocrx_word' id='word_1_89' title='bbox 492 2631 572 2696; x_wconf 90' lang='lat' dir='ltr'><strong>tuus</strong></span> <span class='ocrx_word' id='word_1_90' title='bbox 605 2634 807 2718; x_wconf 79' lang='lat' dir='ltr'><strong>exoptatum</strong></span> <span class='ocrx_word' id='word_1_91' title='bbox 837 2623 985 2718; x_wconf 91' lang='lat' dir='ltr'><strong>pastoris</strong></span> <span class='ocrx_word' id='word_1_92' title='bbox 1015 2623 1069 2695; x_wconf 88' lang='lat' dir='ltr'><strong>sni</strong></span> <span class='ocrx_word' id='word_1_93' title='bbox 1102 2623 1233 2717; x_wconf 90' lang='lat' dir='ltr'><strong>plaudit</strong></span> 
     </span>
     <span class='ocr_line' id='line_1_17' title="bbox 153 2745 1233 2840; baseline -0.002 -22"><span class='ocrx_word' id='word_1_94' title='bbox 153 2749 196 2820; x_wconf 90' lang='lat' dir='ltr'><strong>ad</strong></span> <span class='ocrx_word' id='word_1_95' title='bbox 217 2745 380 2831; x_wconf 85' lang='lat' dir='ltr'><strong>reditum,</strong></span> <span class='ocrx_word' id='word_1_96' title='bbox 409 2747 645 2818; x_wconf 79' lang='lat' dir='ltr'><strong>serenissimae</strong></span> <span class='ocrx_word' id='word_1_97' title='bbox 677 2767 882 2840; x_wconf 86' lang='lat' dir='ltr'><strong>semperque</strong></span> <span class='ocrx_word' id='word_1_98' title='bbox 908 2745 1104 2817; x_wconf 87' lang='lat' dir='ltr'><strong>mitissimae</strong></span> <span class='ocrx_word' id='word_1_99' title='bbox 1134 2746 1233 2816; x_wconf 86' lang='lat' dir='ltr'><strong>iubar</strong></span> 
     </span>
     <span class='ocr_line' id='line_1_18' title="bbox 154 2869 1228 2964; baseline 0 -24"><span class='ocrx_word' id='word_1_100' title='bbox 154 2871 275 2942; x_wconf 85' lang='lat' dir='ltr'><strong>frontis</strong></span> <span class='ocrx_word' id='word_1_101' title='bbox 298 2871 481 2964; x_wconf 71' lang='lat' dir='ltr'><strong>aspiciens</strong></span> <span class='ocrx_word' id='word_1_102' title='bbox 503 2869 716 2952; x_wconf 88' lang='lat' dir='ltr'><strong>benesuadae</strong></span> <span class='ocrx_word' id='word_1_103' title='bbox 733 2879 768 2942; x_wconf 90' lang='lat' dir='ltr'><strong>et</strong></span> <span class='ocrx_word' id='word_1_104' title='bbox 787 2870 971 2942; x_wconf 81' lang='lat' dir='ltr'><strong>salutiferae</strong></span> <span class='ocrx_word' id='word_1_105' title='bbox 990 2893 1114 2942; x_wconf 90' lang='lat' dir='ltr'><strong>sonum</strong></span> <span class='ocrx_word' id='word_1_106' title='bbox 1132 2869 1228 2941; x_wconf 86' lang='lat' dir='ltr'><strong>vocis</strong></span> 
     </span>
     <span class='ocr_line' id='line_1_19' title="bbox 155 2991 1234 3087; baseline 0.002 -25"><span class='ocrx_word' id='word_1_107' title='bbox 155 2995 314 3079; x_wconf 65' lang='lat' dir='ltr'><strong>audiens</strong></span> <span class='ocrx_word' id='word_1_108' title='bbox 338 2995 418 3066; x_wconf 86' lang='lat' dir='ltr'><strong>laeta</strong></span> <span class='ocrx_word' id='word_1_109' title='bbox 438 3017 568 3087; x_wconf 88' lang='lat' dir='ltr'><strong>pascua</strong></span> <span class='ocrx_word' id='word_1_110' title='bbox 589 2993 847 3086; x_wconf 66' lang='lat' dir='ltr'><strong>designantem</strong></span> <span class='ocrx_word' id='word_1_111' title='bbox 865 2993 911 3066; x_wconf 91' lang='lat' dir='ltr'><strong>ad</strong></span> <span class='ocrx_word' id='word_1_112' title='bbox 931 2995 1007 3065; x_wconf 88' lang='lat' dir='ltr'><strong>haeo</strong></span> <span class='ocrx_word' id='word_1_113' title='bbox 1027 3002 1064 3063; x_wconf 89' lang='lat' dir='ltr'><strong>et</strong></span> <span class='ocrx_word' id='word_1_114' title='bbox 1083 2995 1161 3065; x_wconf 90' lang='lat' dir='ltr'><strong>leve</strong></span> <span class='ocrx_word' id='word_1_115' title='bbox 1181 2991 1234 3064; x_wconf 90' lang='lat' dir='ltr'><strong>iu-</strong></span> 
     </span>
     <span class='ocr_line' id='line_1_20' title="bbox 156 3113 1233 3209; baseline -0.001 -22"><span class='ocrx_word' id='word_1_116' title='bbox 156 3139 236 3208; x_wconf 81' lang='lat' dir='ltr'><strong>gum</strong></span> <span class='ocrx_word' id='word_1_117' title='bbox 251 3127 287 3187; x_wconf 91' lang='lat' dir='ltr'><strong>et</strong></span> <span class='ocrx_word' id='word_1_118' title='bbox 299 3118 508 3209; x_wconf 87' lang='lat' dir='ltr'><strong>pastoralem</strong></span> <span class='ocrx_word' id='word_1_119' title='bbox 522 3115 682 3188; x_wconf 87' lang='lat' dir='ltr'><strong>haculum</strong></span> <span class='ocrx_word' id='word_1_120' title='bbox 699 3113 949 3186; x_wconf 90' lang='lat' dir='ltr'><strong>suavissimum</strong></span> <span class='ocrx_word' id='word_1_121' title='bbox 962 3136 1233 3206; x_wconf 80' lang='lat' dir='ltr'><strong>recognoscens.</strong></span> 
     </span>
     <span class='ocr_line' id='line_1_21' title="bbox 156 3236 1235 3333; baseline 0 -25"><span class='ocrx_word' id='word_1_122' title='bbox 156 3239 223 3333; x_wconf 90' lang='lat' dir='ltr'><strong>lpsi</strong></span> <span class='ocrx_word' id='word_1_123' title='bbox 244 3241 366 3323; x_wconf 90' lang='lat' dir='ltr'><strong>colles,</strong></span> <span class='ocrx_word' id='word_1_124' title='bbox 385 3240 460 3333; x_wconf 88' lang='lat' dir='ltr'><strong>ipsa</strong></span> <span class='ocrx_word' id='word_1_125' title='bbox 477 3237 574 3309; x_wconf 89' lang='lat' dir='ltr'><strong>urbis</strong></span> <span class='ocrx_word' id='word_1_126' title='bbox 596 3249 665 3309; x_wconf 82' lang='lat' dir='ltr'><strong>tuce</strong></span> <span class='ocrx_word' id='word_1_127' title='bbox 686 3237 814 3308; x_wconf 85' lang='lat' dir='ltr'><strong>moenia</strong></span> <span class='ocrx_word' id='word_1_128' title='bbox 840 3236 924 3308; x_wconf 91' lang='lat' dir='ltr'><strong>mihi</strong></span> <span class='ocrx_word' id='word_1_129' title='bbox 950 3248 1044 3309; x_wconf 87' lang='lat' dir='ltr'><strong>certe</strong></span> <span class='ocrx_word' id='word_1_130' title='bbox 1069 3237 1235 3309; x_wconf 91' lang='lat' dir='ltr'><strong>videntur</strong></span> 
     </span>
     <span class='ocr_line' id='line_1_22' title="bbox 157 3359 1234 3453; baseline 0 -21"><span class='ocrx_word' id='word_1_131' title='bbox 157 3365 211 3432; x_wconf 91' lang='lat' dir='ltr'><strong>vel</strong></span> <span class='ocrx_word' id='word_1_132' title='bbox 232 3361 268 3433; x_wconf 93' lang='lat' dir='ltr'><strong>in</strong></span> <span class='ocrx_word' id='word_1_133' title='bbox 290 3361 426 3432; x_wconf 92' lang='lat' dir='ltr'><strong>silentio</strong></span> <span class='ocrx_word' id='word_1_134' title='bbox 447 3360 613 3453; x_wconf 83' lang='lat' dir='ltr'><strong>gratulari</strong></span> <span class='ocrx_word' id='word_1_135' title='bbox 636 3359 702 3431; x_wconf 91' lang='lat' dir='ltr'><strong>sibi</strong></span> <span class='ocrx_word' id='word_1_136' title='bbox 724 3360 859 3433; x_wconf 89' lang='lat' dir='ltr'><strong>reddito</strong></span> <span class='ocrx_word' id='word_1_137' title='bbox 886 3361 958 3432; x_wconf 88' lang='lat' dir='ltr'><strong>sole</strong></span> <span class='ocrx_word' id='word_1_138' title='bbox 985 3383 1060 3433; x_wconf 87' lang='lat' dir='ltr'><strong>suo.</strong></span> <span class='ocrx_word' id='word_1_139' title='bbox 1087 3362 1234 3432; x_wconf 88' lang='lat' dir='ltr'>Molesta</span> 
     </span>
     <span class='ocr_line' id='line_1_23' title="bbox 157 3481 1234 3576; baseline -0.001 -22"><span class='ocrx_word' id='word_1_140' title='bbox 157 3483 296 3576; x_wconf 92' lang='lat' dir='ltr'><strong>quidem</strong></span> <span class='ocrx_word' id='word_1_141' title='bbox 316 3481 513 3553; x_wconf 88' lang='lat' dir='ltr'><strong>amantibus</strong></span> <span class='ocrx_word' id='word_1_142' title='bbox 529 3505 669 3576; x_wconf 88' lang='lat' dir='ltr'><strong>semper</strong></span> <span class='ocrx_word' id='word_1_143' title='bbox 685 3483 856 3568; x_wconf 86' lang='lat' dir='ltr'><strong>absentia,</strong></span> <span class='ocrx_word' id='word_1_144' title='bbox 873 3482 936 3554; x_wconf 90' lang='lat' dir='ltr'><strong>sed</strong></span> <span class='ocrx_word' id='word_1_145' title='bbox 953 3482 1126 3555; x_wconf 90' lang='lat' dir='ltr'><strong>interdum</strong></span> <span class='ocrx_word' id='word_1_146' title='bbox 1141 3482 1234 3554; x_wconf 90' lang='lat' dir='ltr'><strong>utilis</strong></span> 
     </span>
     <span class='ocr_line' id='line_1_24' title="bbox 157 3605 1234 3700; baseline -0.001 -24"><span class='ocrx_word' id='word_1_147' title='bbox 157 3607 349 3678; x_wconf 81' lang='lat' dir='ltr'><strong>excitandis</strong></span> <span class='ocrx_word' id='word_1_148' title='bbox 371 3605 561 3677; x_wconf 85' lang='lat' dir='ltr'><strong>affectibus.</strong></span> <span class='ocrx_word' id='word_1_149' title='bbox 579 3607 613 3678; x_wconf 88' lang='grc' dir='ltr'><strong>Μ</strong></span> <span class='ocrx_word' id='word_1_150' title='bbox 618 3609 705 3678; x_wconf 90' lang='lat' dir='ltr'><strong>ultos</strong></span> <span class='ocrx_word' id='word_1_151' title='bbox 722 3629 789 3699; x_wconf 84' lang='lat' dir='ltr'><strong>ego</strong></span> <span class='ocrx_word' id='word_1_152' title='bbox 807 3605 955 3678; x_wconf 89' lang='lat' dir='ltr'><strong>arbitror</strong></span> <span class='ocrx_word' id='word_1_153' title='bbox 972 3628 1123 3700; x_wconf 87' lang='lat' dir='ltr'><strong>quonam</strong></span> <span class='ocrx_word' id='word_1_154' title='bbox 1139 3608 1234 3677; x_wconf 89' lang='lat' dir='ltr'>cultu</span> 
     </span>
     <span class='ocr_line' id='line_1_25' title="bbox 159 3727 1233 3822; baseline 0.002 -26"><span class='ocrx_word' id='word_1_155' title='bbox 159 3727 204 3798; x_wconf 91' lang='lat' dir='ltr'><strong>sis</strong></span> <span class='ocrx_word' id='word_1_156' title='bbox 226 3727 393 3800; x_wconf 91' lang='lat' dir='ltr'><strong>colendus</strong></span> <span class='ocrx_word' id='word_1_157' title='bbox 414 3749 571 3821; x_wconf 84' lang='lat' dir='ltr'><strong>praesens</strong></span> <span class='ocrx_word' id='word_1_158' title='bbox 592 3751 654 3822; x_wconf 92' lang='lat' dir='ltr'><strong>per</strong></span> <span class='ocrx_word' id='word_1_159' title='bbox 667 3729 860 3800; x_wconf 86' lang='lat' dir='ltr'><strong>absentiam</strong></span> <span class='ocrx_word' id='word_1_160' title='bbox 878 3727 1056 3810; x_wconf 90' lang='lat' dir='ltr'><strong>didicisse;</strong></span> <span class='ocrx_word' id='word_1_161' title='bbox 1080 3738 1116 3799; x_wconf 89' lang='lat' dir='ltr'><strong>ut</strong></span> <span class='ocrx_word' id='word_1_162' title='bbox 1141 3727 1233 3798; x_wconf 90' lang='lat' dir='ltr'><strong>enim</strong></span> 
     </span>
     <span class='ocr_line' id='line_1_26' title="bbox 158 3849 1235 3944; baseline 0.001 -25"><span class='ocrx_word' id='word_1_163' title='bbox 158 3852 246 3922; x_wconf 91' lang='lat' dir='ltr'><strong>ruris</strong></span> <span class='ocrx_word' id='word_1_164' title='bbox 270 3851 320 3923; x_wconf 90' lang='lat' dir='ltr'><strong>sic</strong></span> <span class='ocrx_word' id='word_1_165' title='bbox 342 3853 522 3925; x_wconf 87' lang='lat' dir='ltr'><strong>convictus</strong></span> <span class='ocrx_word' id='word_1_166' title='bbox 542 3852 654 3923; x_wconf 91' lang='lat' dir='ltr'><strong>mutui</strong></span> <span class='ocrx_word' id='word_1_167' title='bbox 674 3851 843 3944; x_wconf 86' lang='lat' dir='ltr'><strong>prodesse</strong></span> <span class='ocrx_word' id='word_1_168' title='bbox 864 3854 952 3923; x_wconf 89' lang='lat' dir='ltr'><strong>solet</strong></span> <span class='ocrx_word' id='word_1_169' title='bbox 968 3849 1180 3922; x_wconf 88' lang='lat' dir='ltr'><strong>intermissio</strong></span> <span class='ocrx_word' id='word_1_170' title='bbox 1199 3859 1235 3920; x_wconf 91' lang='lat' dir='ltr'><strong>et</strong></span> 
     </span>
     <span class='ocr_line' id='line_1_27' title="bbox 157 3973 1313 4071; baseline -0.005 -27"><span class='ocrx_word' id='word_1_171' title='bbox 157 3976 307 4048; x_wconf 86' lang='lat' dir='ltr'><strong>cessatio</strong></span> <span class='ocrx_word' id='word_1_172' title='bbox 332 3977 545 4069; x_wconf 86' lang='lat' dir='ltr'><strong>temporalis,</strong></span> <span class='ocrx_word' id='word_1_173' title='bbox 567 3987 603 4048; x_wconf 90' lang='lat' dir='ltr'><strong>et</strong></span> <span class='ocrx_word' id='word_1_174' title='bbox 623 3977 714 4049; x_wconf 86' lang='lat' dir='ltr'><strong>sicut</strong></span> <span class='ocrx_word' id='word_1_175' title='bbox 734 3978 873 4071; x_wconf 80' lang='lat' dir='ltr'><strong>frugum</strong></span> <span class='ocrx_word' id='word_1_176' title='bbox 895 3998 942 4046; x_wconf 86' lang='lat' dir='ltr'><strong>ex</strong></span> <span class='ocrx_word' id='word_1_177' title='bbox 962 3973 1155 4059; x_wconf 70' lang='lat' dir='ltr'><strong>novalibus</strong></span> <span class='ocrx_word' id='word_1_178' title='bbox 1184 3974 1234 4044; x_wconf 89' lang='lat' dir='ltr'><strong>sic</strong></span> <span class='ocrx_word' id='word_1_179' title='bbox 1309 4027 1313 4038; x_wconf 80' lang='grc'>.</span> 
     </span>
     <span class='ocr_line' id='line_1_28' title="bbox 157 4097 1234 4172; baseline 0.003 -5"><span class='ocrx_word' id='word_1_180' title='bbox 157 4099 348 4170; x_wconf 84' lang='lat' dir='ltr'><strong>exanimis</strong></span> <span class='ocrx_word' id='word_1_181' title='bbox 376 4099 572 4172; x_wconf 89' lang='lat' dir='ltr'><strong>uberiorem</strong></span> <span class='ocrx_word' id='word_1_182' title='bbox 605 4121 757 4172; x_wconf 90' lang='lat' dir='ltr'><strong>messem</strong></span> <span class='ocrx_word' id='word_1_183' title='bbox 781 4099 974 4172; x_wconf 88' lang='lat' dir='ltr'><strong>dilectionis</strong></span> <span class='ocrx_word' id='word_1_184' title='bbox 1004 4097 1138 4172; x_wconf 89' lang='lat' dir='ltr'><strong>elicere.</strong></span> <span class='ocrx_word' id='word_1_185' title='bbox 1165 4098 1234 4170; x_wconf 88' lang='lat' dir='ltr'><strong>Ve-</strong></span> 
     </span>
     <span class='ocr_line' id='line_1_29' title="bbox 157 4221 1232 4317; baseline 0.004 -27"><span class='ocrx_word' id='word_1_186' title='bbox 157 4243 232 4292; x_wconf 93' lang='lat' dir='ltr'><strong>rum</strong></span> <span class='ocrx_word' id='word_1_187' title='bbox 249 4221 327 4294; x_wconf 88' lang='lat' dir='ltr'><strong>haec</strong></span> <span class='ocrx_word' id='word_1_188' title='bbox 348 4233 383 4295; x_wconf 92' lang='lat' dir='ltr'><strong>et</strong></span> <span class='ocrx_word' id='word_1_189' title='bbox 408 4224 443 4294; x_wconf 91' lang='lat' dir='ltr'><strong>in</strong></span> <span class='ocrx_word' id='word_1_190' title='bbox 465 4223 567 4297; x_wconf 90' lang='lat' dir='ltr'><strong>terris</strong></span> <span class='ocrx_word' id='word_1_191' title='bbox 589 4225 764 4298; x_wconf 89' lang='lat' dir='ltr'><strong>sterilibus</strong></span> <span class='ocrx_word' id='word_1_192' title='bbox 786 4224 1010 4317; x_wconf 78' lang='lat' dir='ltr'><strong>agriculturae</strong></span> <span class='ocrx_word' id='word_1_193' title='bbox 1038 4228 1110 4306; x_wconf 85' lang='lat' dir='ltr'><strong>lex,</strong></span> <span class='ocrx_word' id='word_1_194' title='bbox 1137 4232 1172 4293; x_wconf 90' lang='lat' dir='ltr'><strong>et</strong></span> <span class='ocrx_word' id='word_1_195' title='bbox 1198 4222 1232 4294; x_wconf 90' lang='lat' dir='ltr'><strong>in</strong></span> 
     </span>
    </p>
   </div>
   <div class='ocr_carea' id='block_1_8' title="bbox 0 0 1507 4800">
    <p class='ocr_par' dir='ltr' id='par_1_8' title="bbox 0 0 1507 4800">
     <span class='ocr_line' id='line_1_30' title="bbox 0 0 1507 4800; baseline 0 0"><span class='ocrx_word' id='word_1_196' title='bbox 0 0 1507 4800; x_wconf 95' lang='lat' dir='ltr'><strong> </strong></span> 
     </span>
    </p>
   </div>
  </div>
 </body>
</html>
