3024 4802
267 380 325 441 5138
587 393 627 440 ou
649 393 751 442 rusus
772 391 994 442 unuiunuusus

265 557 405 628 quoque
438 535 577 607 laudem
612 535 749 606 tertiam
783 555 954 628 usurpare
985 535 1066 628 quis
1100 533 1278 629 prohibet,
1313 549 1351 612 ut

265 658 417 751 optimus
437 661 543 731 etiam
565 659 614 730 sis
636 668 786 742 senator,
805 657 947 751 quando
967 659 1080 730 omnis
1101 660 1225 753 patriae
1242 662 1350 734 sortu-

265 802 322 881 na,
349 800 471 852 omnes
500 780 689 872 primorum
720 779 872 851 civitatis
904 779 1087 852 sententiae
1119 782 1165 854 de
1196 783 1350 856 consiliis

266 901 335 972 tuis
353 900 534 995 pendent?
553 902 640 973 Tres
659 904 752 974 enim
776 903 810 972 io
831 901 972 975 bomine
998 923 1156 976 summas
1176 926 1234 976 res
1256 917 1351 978 uter·

265 1047 334 1119 que
355 1026 493 1098 illorum
513 1024 721 1118 praestitisse
740 1028 861 1109 fertur,
880 1033 919 1094 ut
935 1035 1031 1098 esset
1050 1027 1202 1120 optimus
1223 1039 1348 1114 orator,

265 1147 417 1242 optimus
438 1147 635 1241 imperator,
658 1149 810 1241 optimus
831 1156 983 1220 senator.
1006 1149 1075 1221 Sed
1096 1150 1189 1235 vide,
1211 1173 1284 1236 oro,
1307 1175 1350 1224 ne

265 1294 335 1365 qua
369 1283 402 1345 te
435 1273 555 1364 gloriae
586 1269 758 1364 cupiditas
783 1269 934 1364 obliquis
962 1270 1159 1345 tramitibus
1184 1273 1254 1344 huc
1286 1271 1350 1344 im·

265 1398 379 1489 pellat.
406 1396 563 1468 Profecto
588 1395 681 1466 euim
706 1417 810 1467 nemo
834 1396 894 1467 vel
919 1407 1060 1468 senator
1080 1398 1137 1467 vel
1162 1397 1350 1489 imperator

264 1516 379 1590 bonus
400 1526 470 1603 est,
490 1539 534 1588 ne
555 1517 670 1590 dicam
691 1518 858 1611 optimuS,
873 1518 940 1589 nisi
956 1519 1017 1612 qui
1032 1518 1129 1592 domi
1145 1518 1348 1611 militiaeque

265 1663 307 1714 ea
332 1640 482 1714 consulit
507 1649 614 1733 atque
639 1641 761 1734 agitat,
788 1662 859 1713 uon
883 1661 965 1734 quae
991 1641 1059 1713 sibi
1082 1637 1261 1734 speciosa,
1288 1643 1349 1714 sed

264 1783 345 1856 quae
365 1765 493 1857 populo
512 1774 618 1855 atque
639 1763 812 1836 exercitui
836 1766 1017 1836 fructuosa
1043 1773 1136 1836 sunt.
1163 1763 1194 1834 Α
1218 1787 1291 1859 quo
1316 1773 1349 1838 te

264 1909 370 1980 quam
403 1887 607 1978 longissime
640 1885 766 1961 abesse
797 1887 878 1980 quis
910 1909 982 1959 non
1013 1886 1126 1974 videt,
1159 1889 1222 1982 qui
1254 1889 1347 1983 pacis

264 2009 448 2084 dulcedine
471 2012 640 2103 relegata,
665 2012 757 2082 ultro
783 2009 818 2082 in
843 2009 991 2105 patriam
1016 2010 1147 2083 bellum
1172 2012 1349 2084 amarissi-

264 2157 360 2206 mum
388 2145 494 2228 atque
520 2155 648 2228 anceps
674 2134 884 2206 attraxeris?
908 2135 1030 2207 Restat
1050 2136 1198 2208 oratoris
1222 2157 1348 2208 nomeu

265 2259 389 2342 solum,
423 2256 520 2350 quod
552 2257 668 2350 ipsum
701 2259 793 2329 mala
817 2268 853 2330 et
877 2259 984 2330 noxia
1010 2257 1192 2331 suadendo
1220 2257 1348 2330 mereri

262 2380 425 2475 equidem
445 2389 650 2476 conpotes,
673 2403 764 2465 cum,
788 2379 880 2454 sicut
905 2381 1053 2452 summis
1078 2380 1276 2454 oratoribus
1296 2379 1348 2450 vi-

263 2526 343 2577 sum
363 2511 430 2585 est,
452 2514 569 2575 orator
585 2505 631 2574 sit
647 2503 702 2574 vir
718 2504 835 2575 bonus
848 2503 1058 2597 dicendique
1074 2503 1219 2600 peritus.
1236 2503 1348 2576 Video

263 2629 299 2701 in
318 2640 468 2721 quantas
493 2626 676 2719 angustias
702 2635 737 2698 te
762 2637 936 2698 coarctem
960 2629 1022 2719 qui
1047 2649 1095 2698 ex
1120 2625 1281 2698 omuibus
1307 2626 1347 2697 ti-

263 2754 345 2825 tulis
366 2777 456 2850 quos
476 2752 644 2848 sperabas
665 2775 710 2826 ne
733 2774 841 2824 unum
857 2751 1000 2846 quidem
1019 2751 1081 2825 tibi
1097 2751 1345 2836 concesserim,

263 2875 332 2948 nisi
362 2898 428 2971 pro
459 2885 559 2970 parte
592 2875 746 2947 dimidia.
780 2873 858 2946 Etsi
891 2875 985 2946 enim
1022 2872 1161 2947 dicendi
1197 2872 1345 2968 peritum

265 3021 334 3070 non
354 2997 500 3084 inficior,
523 3008 696 3071 oratorem
720 3019 822 3090 nego.
847 2997 970 3090 Neque
993 2997 1124 3070 etenim
1148 3004 1208 3067 aut
1232 2994 1359 3066 bonus

263 3121 376 3190 vires
397 3131 457 3192 aut
475 3139 555 3191 esse
575 3131 685 3214 potes.
707 3119 877 3212 quamdiu
898 3127 932 3190 te
952 3117 1100 3213 publicis
1117 3116 1231 3202 bonis,
1247 3118 1346 3189 utfa-

263 3243 324 3328 ciS,
344 3250 379 3314 et
398 3241 496 3336 pacis
515 3243 670 3316 consiliis
691 3243 882 3316 adversum
901 3242 1052 3336 praebes.
1073 3243 1101 3312 0
1120 3254 1253 3337 quanto
1272 3242 1346 3314 leli-

263 3365 338 3438 cius
360 3369 417 3438 vel
437 3365 498 3438 tibi
518 3369 578 3438 vel
602 3369 726 3461 patriae
750 3377 869 3439 mutus
889 3385 1001 3448 essee,
1023 3387 1130 3460 quam
1149 3364 1344 3438 facundiam

263 3491 483 3584 pestilentem
504 3499 600 3562 tauto
621 3489 737 3563 studio
757 3488 1007 3582 quaesivisses!
1031 3490 1126 3581 Ergo
1147 3488 1176 3558 si
1197 3497 1235 3559 tu
1251 3485 1345 3579 loqui

264 3623 323 3686 aut
343 3613 500 3687 nescires
523 3623 584 3684 aut
603 3613 783 3707 nequires
802 3634 867 3684 neo
883 3611 1059 3684 laboraret
1078 3613 1188 3696 ltalia,
1209 3631 1274 3682 nec
1293 3610 1345 3679 lu-

264 3746 375 3828 geret.
400 3738 495 3829 Ergo
520 3737 554 3808 iu
580 3737 699 3830 lingua
725 3745 784 3806 tua
807 3733 957 3829 publicae
976 3734 1131 3808 miseriae
1151 3731 1254 3806 radix
1273 3737 1342 3814 est,

263 3883 369 3956 quam
391 3861 421 3932 si
441 3862 565 3946 Deum,
588 3859 617 3930 si
637 3857 852 3952 proximum,
875 3857 904 3928 si
925 3855 1086 3953 patriam,
1115 3855 1145 3928 si
1171 3868 1205 3928 te
1230 3856 1344 3949 ipsum

263 3984 438 4076 diligeres,
457 3983 754 4056 commorsitatam
771 3981 936 4054 dentibus
958 3983 1148 4076 proiecisse
1167 3981 1342 4063 decuerat,

263 4111 478 4198 profuturam
497 4106 612 4200 potius
634 4104 750 4176 corvis
770 4115 830 4177 aut
846 4104 1003 4190 canibus
1023 4127 1129 4198 quam
1146 4101 1343 4176 hominibus

264 4225 468 4298 nocituram.
504 4230 553 4298 Tu
587 4238 702 4299 tamen
733 4227 800 4300 hoc
825 4227 917 4320 agis,
947 4228 990 4300 ad
1024 4229 1092 4300 hcc
1121 4227 1256 4313 riberie,
1279 4227 1342 4296 hoc
