<?xml version="1.0" encoding="UTF-8"?>
<!DOCTYPE html PUBLIC "-//W3C//DTD XHTML 1.0 Transitional//EN"
    "http://www.w3.org/TR/xhtml1/DTD/xhtml1-transitional.dtd">
<html xmlns="http://www.w3.org/1999/xhtml" xml:lang="en" lang="en">
 <head>
  <title>
</title>
<meta http-equiv="Content-Type" content="text/html;charset=utf-8" />
  <meta name='ocr-system' content='tesseract 3.04.00' />
  <meta name='ocr-capabilities' content='ocr_page ocr_carea ocr_par ocr_line ocrx_word'/>
</head>
<body>
  <div class='ocr_page' id='page_1' title='image "./franciscipetrar01fracgoog_0365.png"; bbox 0 0 3078 4798; ppageno 0'>
   <div class='ocr_carea' id='block_1_1' title="bbox 268 320 1015 383">
    <p class='ocr_par' dir='ltr' id='par_1_1' title="bbox 268 320 1015 383">
     <span class='ocr_line' id='line_1_1' title="bbox 268 320 1015 383; baseline -0.001 0"><span class='ocrx_word' id='word_1_1' title='bbox 268 320 326 383; x_wconf 74' lang='lat' dir='ltr'><strong>ccl</strong></span> <span class='ocrx_word' id='word_1_2' title='bbox 604 331 645 379; x_wconf 88' lang='lat' dir='ltr'><strong>ns</strong></span> <span class='ocrx_word' id='word_1_3' title='bbox 668 331 769 381; x_wconf 84' lang='lat' dir='ltr'><strong>nanus</strong></span> <span class='ocrx_word' id='word_1_4' title='bbox 792 332 1015 382; x_wconf 78' lang='lat' dir='ltr'><strong>rnnnrnnmos</strong></span> 
     </span>
    </p>
   </div>
   <div class='ocr_carea' id='block_1_2' title="bbox 265 469 1352 931">
    <p class='ocr_par' dir='ltr' id='par_1_2' title="bbox 265 469 1352 931">
     <span class='ocr_line' id='line_1_2' title="bbox 268 469 1351 559; baseline -0.001 -16"><span class='ocrx_word' id='word_1_5' title='bbox 268 489 332 542; x_wconf 88' lang='lat' dir='ltr'><strong>sua</strong></span> <span class='ocrx_word' id='word_1_6' title='bbox 351 469 493 559; x_wconf 75' lang='lat' dir='ltr'><strong>ingens,</strong></span> <span class='ocrx_word' id='word_1_7' title='bbox 509 469 637 538; x_wconf 89' lang='lat' dir='ltr'><strong>crescit</strong></span> <span class='ocrx_word' id='word_1_8' title='bbox 654 490 701 539; x_wconf 84' lang='lat' dir='ltr'><strong>ex</strong></span> <span class='ocrx_word' id='word_1_9' title='bbox 721 469 831 540; x_wconf 91' lang='lat' dir='ltr'><strong>aliena</strong></span> <span class='ocrx_word' id='word_1_10' title='bbox 860 469 1024 541; x_wconf 85' lang='lat' dir='ltr'><strong>felicitate</strong></span> <span class='ocrx_word' id='word_1_11' title='bbox 1052 471 1209 543; x_wconf 77' lang='lat' dir='ltr'><strong>felicitas.</strong></span> <span class='ocrx_word' id='word_1_12' title='bbox 1237 471 1351 543; x_wconf 92' lang='lat' dir='ltr'><strong>Unum</strong></span> 
     </span>
     <span class='ocr_line' id='line_1_3' title="bbox 266 589 1352 684; baseline 0 -20"><span class='ocrx_word' id='word_1_13' title='bbox 266 603 333 676; x_wconf 88' lang='lat' dir='ltr'><strong>est,</strong></span> <span class='ocrx_word' id='word_1_14' title='bbox 349 600 388 662; x_wconf 94' lang='lat' dir='ltr'><strong>ut</strong></span> <span class='ocrx_word' id='word_1_15' title='bbox 400 589 562 676; x_wconf 80' lang='lat' dir='ltr'>arbitror,</span> <span class='ocrx_word' id='word_1_16' title='bbox 578 590 672 684; x_wconf 92' lang='lat' dir='ltr'><strong>quod</strong></span> <span class='ocrx_word' id='word_1_17' title='bbox 685 590 719 660; x_wconf 90' lang='lat' dir='ltr'><strong>in</strong></span> <span class='ocrx_word' id='word_1_18' title='bbox 739 591 845 662; x_wconf 87' lang='lat' dir='ltr'><strong>tantis</strong></span> <span class='ocrx_word' id='word_1_19' title='bbox 863 591 1001 683; x_wconf 83' lang='lat' dir='ltr'><strong>gaudiis</strong></span> <span class='ocrx_word' id='word_1_20' title='bbox 1019 593 1134 664; x_wconf 87' lang='lat' dir='ltr'><strong>doleat</strong></span> <span class='ocrx_word' id='word_1_21' title='bbox 1153 595 1352 666; x_wconf 89' lang='lat' dir='ltr'><strong>amantissi-</strong></span> 
     </span>
     <span class='ocr_line' id='line_1_4' title="bbox 266 713 1352 806; baseline 0.001 -22"><span class='ocrx_word' id='word_1_22' title='bbox 266 735 345 786; x_wconf 90' lang='lat' dir='ltr'><strong>mus</strong></span> <span class='ocrx_word' id='word_1_23' title='bbox 365 731 508 806; x_wconf 91' lang='lat' dir='ltr'><strong>parens,</strong></span> <span class='ocrx_word' id='word_1_24' title='bbox 530 713 624 806; x_wconf 91' lang='lat' dir='ltr'><strong>quod</strong></span> <span class='ocrx_word' id='word_1_25' title='bbox 650 713 833 784; x_wconf 87' lang='lat' dir='ltr'><strong>ecclesiam</strong></span> <span class='ocrx_word' id='word_1_26' title='bbox 852 713 994 785; x_wconf 91' lang='lat' dir='ltr'><strong>viduam</strong></span> <span class='ocrx_word' id='word_1_27' title='bbox 1020 727 1055 786; x_wconf 91' lang='lat' dir='ltr'><strong>et</strong></span> <span class='ocrx_word' id='word_1_28' title='bbox 1080 737 1145 787; x_wconf 93' lang='lat' dir='ltr'><strong>nos</strong></span> <span class='ocrx_word' id='word_1_29' title='bbox 1171 715 1294 788; x_wconf 89' lang='lat' dir='ltr'><strong>abiens</strong></span> <span class='ocrx_word' id='word_1_30' title='bbox 1312 718 1352 786; x_wconf 88' lang='lat' dir='ltr'><strong>li-</strong></span> 
     </span>
     <span class='ocr_line' id='line_1_5' title="bbox 265 833 1350 931; baseline 0.004 -24"><span class='ocrx_word' id='word_1_31' title='bbox 265 835 342 929; x_wconf 83' lang='lat' dir='ltr'><strong>quit</strong></span> <span class='ocrx_word' id='word_1_32' title='bbox 364 835 558 927; x_wconf 91' lang='lat' dir='ltr'><strong>acepbalos.</strong></span> <span class='ocrx_word' id='word_1_33' title='bbox 575 835 661 918; x_wconf 90' lang='lat' dir='ltr'><strong>Quis</strong></span> <span class='ocrx_word' id='word_1_34' title='bbox 680 833 765 904; x_wconf 90' lang='lat' dir='ltr'><strong>mihi</strong></span> <span class='ocrx_word' id='word_1_35' title='bbox 784 835 950 930; x_wconf 89' lang='lat' dir='ltr'><strong>deinceps</strong></span> <span class='ocrx_word' id='word_1_36' title='bbox 970 836 1220 931; x_wconf 88' lang='lat' dir='ltr'><strong>scripturarum</strong></span> <span class='ocrx_word' id='word_1_37' title='bbox 1240 839 1350 912; x_wconf 88' lang='lat' dir='ltr'><strong>nodos</strong></span> 
     </span>
    </p>
   </div>
   <div class='ocr_carea' id='block_1_3' title="bbox 29 956 1351 1055">
    <p class='ocr_par' dir='ltr' id='par_1_3' title="bbox 29 956 1351 1055">
     <span class='ocr_line' id='line_1_6' title="bbox 29 956 1351 1055; baseline 0.003 -28"><span class='ocrx_word' id='word_1_38' title='bbox 29 1000 33 1010; x_wconf 86' lang='lat'><em>·</em></span> <span class='ocrx_word' id='word_1_39' title='bbox 145 965 147 970; x_wconf 80' lang='grc'><strong>“</strong></span> <span class='ocrx_word' id='word_1_40' title='bbox 265 959 370 1048; x_wconf 76' lang='lat' dir='ltr'><strong>fando</strong></span> <span class='ocrx_word' id='word_1_41' title='bbox 383 958 563 1040; x_wconf 89' lang='lat' dir='ltr'><strong>dissolvet,</strong></span> <span class='ocrx_word' id='word_1_42' title='bbox 572 956 651 1050; x_wconf 91' lang='lat' dir='ltr'><strong>quis</strong></span> <span class='ocrx_word' id='word_1_43' title='bbox 665 978 791 1029; x_wconf 87' lang='lat' dir='ltr'><strong>arcana</strong></span> <span class='ocrx_word' id='word_1_44' title='bbox 803 959 983 1043; x_wconf 87' lang='lat' dir='ltr'><strong>reserabit,</strong></span> <span class='ocrx_word' id='word_1_45' title='bbox 992 961 1071 1053; x_wconf 90' lang='lat' dir='ltr'><strong>quis</strong></span> <span class='ocrx_word' id='word_1_46' title='bbox 1083 961 1351 1055; x_wconf 85' lang='lat' dir='ltr'><strong>explicabiteni-</strong></span> 
     </span>
    </p>
   </div>
   <div class='ocr_carea' id='block_1_4' title="bbox 164 1078 1423 3873">
    <p class='ocr_par' dir='ltr' id='par_1_4' title="bbox 164 1078 1423 3873">
     <span class='ocr_line' id='line_1_7' title="bbox 267 1078 1351 1175; baseline 0.003 -24"><span class='ocrx_word' id='word_1_47' title='bbox 267 1091 397 1174; x_wconf 82' lang='lat' dir='ltr'><strong>gmata,</strong></span> <span class='ocrx_word' id='word_1_48' title='bbox 411 1079 490 1172; x_wconf 89' lang='lat' dir='ltr'><strong>quis</strong></span> <span class='ocrx_word' id='word_1_49' title='bbox 507 1078 670 1150; x_wconf 76' lang='lat' dir='ltr'>tenebras</span> <span class='ocrx_word' id='word_1_50' title='bbox 688 1079 885 1164; x_wconf 82' lang='lat' dir='ltr'><strong>illustrabit,</strong></span> <span class='ocrx_word' id='word_1_51' title='bbox 905 1082 984 1175; x_wconf 91' lang='lat' dir='ltr'><strong>quis</strong></span> <span class='ocrx_word' id='word_1_52' title='bbox 1001 1093 1171 1175; x_wconf 85' lang='lat' dir='ltr'><strong>praeterea</strong></span> <span class='ocrx_word' id='word_1_53' title='bbox 1191 1083 1351 1156; x_wconf 81' lang='lat' dir='ltr'><strong>formabit</strong></span> 
     </span>
     <span class='ocr_line' id='line_1_8' title="bbox 266 1201 1350 1298; baseline 0.004 -26"><span class='ocrx_word' id='word_1_54' title='bbox 266 1223 381 1273; x_wconf 90' lang='lat' dir='ltr'><strong>mores</strong></span> <span class='ocrx_word' id='word_1_55' title='bbox 396 1201 653 1296; x_wconf 85' lang='lat' dir='ltr'><strong>extirpabitque</strong></span> <span class='ocrx_word' id='word_1_56' title='bbox 675 1201 772 1287; x_wconf 81' lang='lat' dir='ltr'><strong>vitia,</strong></span> <span class='ocrx_word' id='word_1_57' title='bbox 797 1203 942 1276; x_wconf 86' lang='lat' dir='ltr'><strong>virtutes</strong></span> <span class='ocrx_word' id='word_1_58' title='bbox 968 1203 1112 1289; x_wconf 86' lang='lat' dir='ltr'><strong>inseret,</strong></span> <span class='ocrx_word' id='word_1_59' title='bbox 1135 1205 1216 1298; x_wconf 91' lang='lat' dir='ltr'><strong>quis</strong></span> <span class='ocrx_word' id='word_1_60' title='bbox 1241 1207 1350 1298; x_wconf 83' lang='lat' dir='ltr'><strong>eriget</strong></span> 
     </span>
     <span class='ocr_line' id='line_1_9' title="bbox 265 1321 1351 1422; baseline 0.005 -29"><span class='ocrx_word' id='word_1_61' title='bbox 265 1324 398 1419; x_wconf 89' lang='lat' dir='ltr'><strong>lapsos,</strong></span> <span class='ocrx_word' id='word_1_62' title='bbox 414 1322 568 1418; x_wconf 86' lang='lat' dir='ltr'><strong>trepidos</strong></span> <span class='ocrx_word' id='word_1_63' title='bbox 582 1321 747 1402; x_wconf 87' lang='lat' dir='ltr'><strong>firmabit,</strong></span> <span class='ocrx_word' id='word_1_64' title='bbox 764 1334 897 1397; x_wconf 90' lang='lat' dir='ltr'><strong>stantes</strong></span> <span class='ocrx_word' id='word_1_65' title='bbox 911 1327 1121 1412; x_wconf 86' lang='lat' dir='ltr'><strong>hortabitur,</strong></span> <span class='ocrx_word' id='word_1_66' title='bbox 1140 1330 1220 1422; x_wconf 85' lang='lat' dir='ltr'><strong>quis</strong></span> <span class='ocrx_word' id='word_1_67' title='bbox 1238 1329 1351 1400; x_wconf 90' lang='lat' dir='ltr'><strong>bumi-</strong></span> 
     </span>
     <span class='ocr_line' id='line_1_10' title="bbox 265 1444 1423 1538; baseline 0.003 -19"><span class='ocrx_word' id='word_1_68' title='bbox 265 1449 317 1519; x_wconf 91' lang='lat' dir='ltr'><strong>les</strong></span> <span class='ocrx_word' id='word_1_69' title='bbox 331 1449 470 1530; x_wconf 88' lang='lat' dir='ltr'><strong>attollet,</strong></span> <span class='ocrx_word' id='word_1_70' title='bbox 479 1446 683 1538; x_wconf 88' lang='lat' dir='ltr'><strong>comprimet</strong></span> <span class='ocrx_word' id='word_1_71' title='bbox 696 1444 875 1538; x_wconf 89' lang='lat' dir='ltr'><strong>superbos,</strong></span> <span class='ocrx_word' id='word_1_72' title='bbox 885 1445 1027 1518; x_wconf 85' lang='lat' dir='ltr'><strong>terrebit</strong></span> <span class='ocrx_word' id='word_1_73' title='bbox 1040 1445 1350 1531; x_wconf 75' lang='lat' dir='ltr'><strong>audacesconhm-</strong></span> <span class='ocrx_word' id='word_1_74' title='bbox 1420 1476 1423 1480; x_wconf 90' lang='lat'><em>·</em></span> 
     </span>
     <span class='ocr_line' id='line_1_11' title="bbox 266 1565 1350 1662; baseline -0.004 -20"><span class='ocrx_word' id='word_1_75' title='bbox 266 1571 326 1642; x_wconf 94' lang='lat' dir='ltr'><strong>det</strong></span> <span class='ocrx_word' id='word_1_76' title='bbox 343 1569 498 1652; x_wconf 82' lang='lat' dir='ltr'><strong>infames,</strong></span> <span class='ocrx_word' id='word_1_77' title='bbox 519 1565 666 1638; x_wconf 87' lang='lat' dir='ltr'><strong>nudabit</strong></span> <span class='ocrx_word' id='word_1_78' title='bbox 684 1567 893 1662; x_wconf 83' lang='lat' dir='ltr'><strong>hypocritas,</strong></span> <span class='ocrx_word' id='word_1_79' title='bbox 911 1567 1100 1640; x_wconf 89' lang='lat' dir='ltr'><strong>celebrabit</strong></span> <span class='ocrx_word' id='word_1_80' title='bbox 1110 1569 1228 1660; x_wconf 83' lang='lat' dir='ltr'><strong>dignis</strong></span> <span class='ocrx_word' id='word_1_81' title='bbox 1241 1569 1350 1641; x_wconf 89' lang='lat' dir='ltr'><strong>laudi-</strong></span> 
     </span>
     <span class='ocr_line' id='line_1_12' title="bbox 266 1680 1348 1785; baseline 0.002 -25"><span class='ocrx_word' id='word_1_82' title='bbox 266 1688 333 1760; x_wconf 87' lang='lat' dir='ltr'><strong>bus</strong></span> <span class='ocrx_word' id='word_1_83' title='bbox 346 1690 523 1772; x_wconf 90' lang='lat' dir='ltr'><strong>bonestos,</strong></span> <span class='ocrx_word' id='word_1_84' title='bbox 542 1680 621 1782; x_wconf 76' lang='lat' dir='ltr'><strong>qui&#39;s</strong></span> <span class='ocrx_word' id='word_1_85' title='bbox 633 1689 821 1780; x_wconf 78' lang='lat' dir='ltr'><strong>premiobit</strong></span> <span class='ocrx_word' id='word_1_86' title='bbox 829 1687 897 1783; x_wconf 72' lang='lat' dir='ltr'><strong>(sic)</strong></span> <span class='ocrx_word' id='word_1_87' title='bbox 906 1692 1079 1776; x_wconf 90' lang='lat' dir='ltr'><strong>emeritos,</strong></span> <span class='ocrx_word' id='word_1_88' title='bbox 1089 1691 1209 1785; x_wconf 89' lang='lat' dir='ltr'><strong>puniet</strong></span> <span class='ocrx_word' id='word_1_89' title='bbox 1222 1703 1348 1777; x_wconf 86' lang='lat' dir='ltr'><strong>sontes,</strong></span> 
     </span>
     <span class='ocr_line' id='line_1_13' title="bbox 265 1811 1349 1903; baseline 0.001 -20"><span class='ocrx_word' id='word_1_90' title='bbox 265 1820 421 1883; x_wconf 89' lang='lat' dir='ltr'><strong>conteret</strong></span> <span class='ocrx_word' id='word_1_91' title='bbox 440 1813 640 1895; x_wconf 86' lang='lat' dir='ltr'><strong>sceleratos,</strong></span> <span class='ocrx_word' id='word_1_92' title='bbox 668 1811 748 1903; x_wconf 86' lang='lat' dir='ltr'><strong>quis</strong></span> <span class='ocrx_word' id='word_1_93' title='bbox 773 1812 962 1884; x_wconf 89' lang='lat' dir='ltr'><strong>catholicos</strong></span> <span class='ocrx_word' id='word_1_94' title='bbox 989 1813 1165 1896; x_wconf 85' lang='lat' dir='ltr'><strong>solidabit,</strong></span> <span class='ocrx_word' id='word_1_95' title='bbox 1194 1822 1349 1886; x_wconf 82' lang='lat' dir='ltr'><strong>errantes</strong></span> 
     </span>
     <span class='ocr_line' id='line_1_14' title="bbox 265 1934 1350 2026; baseline -0.002 -18"><span class='ocrx_word' id='word_1_96' title='bbox 265 1936 406 2026; x_wconf 84' lang='lat' dir='ltr'><strong>diriget,</strong></span> <span class='ocrx_word' id='word_1_97' title='bbox 435 1943 568 2006; x_wconf 88' lang='lat' dir='ltr'><strong>sternet</strong></span> <span class='ocrx_word' id='word_1_98' title='bbox 593 1934 792 2017; x_wconf 75' lang='lat' dir='ltr'><strong>baereticae,</strong></span> <span class='ocrx_word' id='word_1_99' title='bbox 819 1935 952 2006; x_wconf 80' lang='lat' dir='ltr'><strong>arcebit</strong></span> <span class='ocrx_word' id='word_1_100' title='bbox 976 1935 1022 2006; x_wconf 92' lang='lat' dir='ltr'><strong>ab</strong></span> <span class='ocrx_word' id='word_1_101' title='bbox 1045 1934 1198 2008; x_wconf 87' lang='lat' dir='ltr'><strong>ovilibus</strong></span> <span class='ocrx_word' id='word_1_102' title='bbox 1225 1936 1350 2008; x_wconf 88' lang='lat' dir='ltr'><strong>Christi</strong></span> 
     </span>
     <span class='ocr_line' id='line_1_15' title="bbox 266 2053 1349 2153; baseline 0.003 -25"><span class='ocrx_word' id='word_1_103' title='bbox 266 2061 384 2130; x_wconf 74' lang='lat' dir='ltr'><strong>fures‘l</strong></span> <span class='ocrx_word' id='word_1_104' title='bbox 413 2059 594 2128; x_wconf 90' lang='lat' dir='ltr'><strong>Postremo</strong></span> <span class='ocrx_word' id='word_1_105' title='bbox 626 2057 706 2150; x_wconf 89' lang='lat' dir='ltr'><strong>quis</strong></span> <span class='ocrx_word' id='word_1_106' title='bbox 729 2053 910 2153; x_wconf 54' lang='lat' dir='ltr'><strong>‘orphanos</strong></span> <span class='ocrx_word' id='word_1_107' title='bbox 943 2058 1143 2151; x_wconf 86' lang='lat' dir='ltr'><strong>viduasque</strong></span> <span class='ocrx_word' id='word_1_108' title='bbox 1176 2059 1349 2144; x_wconf 83' lang='lat' dir='ltr'><strong>tuebitur,</strong></span> 
     </span>
     <span class='ocr_line' id='line_1_16' title="bbox 266 2179 1352 2276; baseline 0.001 -24"><span class='ocrx_word' id='word_1_109' title='bbox 266 2182 346 2276; x_wconf 91' lang='lat' dir='ltr'><strong>quis</strong></span> <span class='ocrx_word' id='word_1_110' title='bbox 368 2191 488 2275; x_wconf 89' lang='lat' dir='ltr'><strong>pascet</strong></span> <span class='ocrx_word' id='word_1_111' title='bbox 508 2181 718 2265; x_wconf 88' lang='lat' dir='ltr'><strong>esurientes,</strong></span> <span class='ocrx_word' id='word_1_112' title='bbox 741 2179 821 2274; x_wconf 89' lang='lat' dir='ltr'><strong>quis</strong></span> <span class='ocrx_word' id='word_1_113' title='bbox 847 2179 976 2251; x_wconf 89' lang='lat' dir='ltr'><strong>vestiet</strong></span> <span class='ocrx_word' id='word_1_114' title='bbox 1000 2180 1128 2264; x_wconf 82' lang='lat' dir='ltr'><strong>nudae,</strong></span> <span class='ocrx_word' id='word_1_115' title='bbox 1157 2181 1236 2272; x_wconf 92' lang='lat' dir='ltr'><strong>quis</strong></span> <span class='ocrx_word' id='word_1_116' title='bbox 1263 2183 1352 2253; x_wconf 88' lang='lat' dir='ltr'><strong>scla-</strong></span> 
     </span>
     <span class='ocr_line' id='line_1_17' title="bbox 266 2303 1353 2398; baseline -0.001 -21"><span class='ocrx_word' id='word_1_117' title='bbox 266 2305 360 2377; x_wconf 90' lang='lat' dir='ltr'><strong>bitur</strong></span> <span class='ocrx_word' id='word_1_118' title='bbox 379 2304 538 2390; x_wconf 79' lang='lat' dir='ltr'><strong>alllictoS,</strong></span> <span class='ocrx_word' id='word_1_119' title='bbox 573 2303 653 2398; x_wconf 89' lang='lat' dir='ltr'><strong>quis</strong></span> <span class='ocrx_word' id='word_1_120' title='bbox 686 2304 843 2375; x_wconf 89' lang='lat' dir='ltr'><strong>visitabit</strong></span> <span class='ocrx_word' id='word_1_121' title='bbox 876 2303 1049 2388; x_wconf 85' lang='lat' dir='ltr'><strong>infirmos,</strong></span> <span class='ocrx_word' id='word_1_122' title='bbox 1083 2305 1164 2397; x_wconf 86' lang='lat' dir='ltr'><strong>quis</strong></span> <span class='ocrx_word' id='word_1_123' title='bbox 1196 2304 1353 2376; x_wconf 86' lang='lat' dir='ltr'><strong>humabit</strong></span> 
     </span>
     <span class='ocr_line' id='line_1_18' title="bbox 266 2426 1351 2523; baseline -0.001 -24"><span class='ocrx_word' id='word_1_124' title='bbox 266 2428 452 2512; x_wconf 72' lang='lat' dir='ltr'><strong>extinctos</strong></span> <span class='ocrx_word' id='word_1_125' title='bbox 475 2429 554 2521; x_wconf 89' lang='lat' dir='ltr'><strong>quis</strong></span> <span class='ocrx_word' id='word_1_126' title='bbox 576 2450 767 2520; x_wconf 89' lang='lat' dir='ltr'><strong>pauperum</strong></span> <span class='ocrx_word' id='word_1_127' title='bbox 802 2427 959 2521; x_wconf 89' lang='lat' dir='ltr'><strong>publicus</strong></span> <span class='ocrx_word' id='word_1_128' title='bbox 993 2436 1091 2523; x_wconf 91' lang='lat' dir='ltr'><strong>pater</strong></span> <span class='ocrx_word' id='word_1_129' title='bbox 1120 2426 1209 2498; x_wconf 78' lang='lat' dir='ltr'><strong>erit?</strong></span> <span class='ocrx_word' id='word_1_130' title='bbox 1229 2427 1351 2498; x_wconf 90' lang='lat' dir='ltr'><strong>Omnia</strong></span> 
     </span>
     <span class='ocr_line' id='line_1_19' title="bbox 267 2548 1352 2643; baseline -0.002 -22"><span class='ocrx_word' id='word_1_131' title='bbox 267 2551 343 2622; x_wconf 86' lang='lat' dir='ltr'><strong>baec</strong></span> <span class='ocrx_word' id='word_1_132' title='bbox 363 2549 454 2622; x_wconf 89' lang='lat' dir='ltr'><strong>bona</strong></span> <span class='ocrx_word' id='word_1_133' title='bbox 475 2572 555 2621; x_wconf 89' lang='lat' dir='ltr'><strong>cum</strong></span> <span class='ocrx_word' id='word_1_134' title='bbox 580 2550 640 2621; x_wconf 94' lang='lat' dir='ltr'><strong>illo</strong></span> <span class='ocrx_word' id='word_1_135' title='bbox 664 2552 806 2643; x_wconf 86' lang='lat' dir='ltr'><strong>pariter,</strong></span> <span class='ocrx_word' id='word_1_136' title='bbox 834 2549 1052 2623; x_wconf 86' lang='lat' dir='ltr'><strong>dilectissimi</strong></span> <span class='ocrx_word' id='word_1_137' title='bbox 1072 2548 1211 2633; x_wconf 76' lang='lat' dir='ltr'><strong>france,</strong></span> <span class='ocrx_word' id='word_1_138' title='bbox 1234 2549 1352 2622; x_wconf 89' lang='lat' dir='ltr'><strong>amisi-</strong></span> 
     </span>
     <span class='ocr_line' id='line_1_20' title="bbox 268 2661 1352 2765; baseline -0.001 -20"><span class='ocrx_word' id='word_1_139' title='bbox 268 2693 360 2757; x_wconf 89' lang='lat' dir='ltr'><strong>mus,</strong></span> <span class='ocrx_word' id='word_1_140' title='bbox 384 2671 461 2744; x_wconf 87' lang='lat' dir='ltr'><strong>sive</strong></span> <span class='ocrx_word' id='word_1_141' title='bbox 481 2671 610 2765; x_wconf 92' lang='lat' dir='ltr'><strong>potius,</strong></span> <span class='ocrx_word' id='word_1_142' title='bbox 633 2678 673 2742; x_wconf 91' lang='lat' dir='ltr'><strong>ut</strong></span> <span class='ocrx_word' id='word_1_143' title='bbox 688 2661 776 2758; x_wconf 81' lang='lat' dir='ltr'><strong>dixi,</strong></span> <span class='ocrx_word' id='word_1_144' title='bbox 798 2672 936 2744; x_wconf 91' lang='lat' dir='ltr'><strong>deloco</strong></span> <span class='ocrx_word' id='word_1_145' title='bbox 956 2672 1002 2744; x_wconf 90' lang='lat' dir='ltr'><strong>ad</strong></span> <span class='ocrx_word' id='word_1_146' title='bbox 1022 2676 1136 2746; x_wconf 95' lang='lat' dir='ltr'><strong>locum</strong></span> <span class='ocrx_word' id='word_1_147' title='bbox 1162 2683 1352 2744; x_wconf 89' lang='lat' dir='ltr'><strong>commuta·</strong></span> 
     </span>
     <span class='ocr_line' id='line_1_21' title="bbox 265 2791 1352 2891; baseline -0.002 -23"><span class='ocrx_word' id='word_1_148' title='bbox 265 2797 394 2869; x_wconf 91' lang='lat' dir='ltr'><strong>vimus.</strong></span> <span class='ocrx_word' id='word_1_149' title='bbox 421 2791 644 2866; x_wconf 85' lang='lat' dir='ltr'><strong>Habebamus</strong></span> <span class='ocrx_word' id='word_1_150' title='bbox 666 2795 702 2864; x_wconf 91' lang='lat' dir='ltr'><strong>in</strong></span> <span class='ocrx_word' id='word_1_151' title='bbox 723 2795 825 2865; x_wconf 85' lang='lat' dir='ltr'><strong>terris</strong></span> <span class='ocrx_word' id='word_1_152' title='bbox 843 2806 1107 2891; x_wconf 89' lang='lat' dir='ltr'><strong>praeceptorem,</strong></span> <span class='ocrx_word' id='word_1_153' title='bbox 1127 2795 1301 2868; x_wconf 90' lang='lat' dir='ltr'><strong>babemus</strong></span> <span class='ocrx_word' id='word_1_154' title='bbox 1317 2795 1352 2866; x_wconf 90' lang='lat' dir='ltr'><strong>in</strong></span> 
     </span>
     <span class='ocr_line' id='line_1_22' title="bbox 266 2915 1353 3011; baseline 0.002 -22"><span class='ocrx_word' id='word_1_155' title='bbox 266 2919 364 2990; x_wconf 80' lang='lat' dir='ltr'><strong>ecelis</strong></span> <span class='ocrx_word' id='word_1_156' title='bbox 386 2919 655 2988; x_wconf 84' lang='lat' dir='ltr'><strong>intercessorem</strong></span> <span class='ocrx_word' id='word_1_157' title='bbox 675 2915 769 3008; x_wconf 90' lang='lat' dir='ltr'><strong>apud</strong></span> <span class='ocrx_word' id='word_1_158' title='bbox 789 2915 979 3004; x_wconf 86' lang='lat' dir='ltr'><strong>Christum,</strong></span> <span class='ocrx_word' id='word_1_159' title='bbox 1009 2919 1065 3008; x_wconf 94' lang='lat' dir='ltr'><strong>cui</strong></span> <span class='ocrx_word' id='word_1_160' title='bbox 1089 2918 1194 2990; x_wconf 90' lang='lat' dir='ltr'><strong>valde</strong></span> <span class='ocrx_word' id='word_1_161' title='bbox 1219 2921 1353 3011; x_wconf 88' lang='lat' dir='ltr'><strong>placere</strong></span> 
     </span>
     <span class='ocr_line' id='line_1_23' title="bbox 267 3037 1353 3136; baseline 0.003 -26"><span class='ocrx_word' id='word_1_162' title='bbox 267 3038 401 3110; x_wconf 86' lang='lat' dir='ltr'><strong>studuit</strong></span> <span class='ocrx_word' id='word_1_163' title='bbox 422 3038 478 3109; x_wconf 89' lang='lat' dir='ltr'><strong>illc</strong></span> <span class='ocrx_word' id='word_1_164' title='bbox 499 3037 582 3108; x_wconf 92' lang='lat' dir='ltr'><strong>dum</strong></span> <span class='ocrx_word' id='word_1_165' title='bbox 604 3037 710 3121; x_wconf 83' lang='lat' dir='ltr'><strong>vixit,</strong></span> <span class='ocrx_word' id='word_1_166' title='bbox 733 3048 769 3108; x_wconf 86' lang='lat' dir='ltr'><strong>cl</strong></span> <span class='ocrx_word' id='word_1_167' title='bbox 789 3061 905 3132; x_wconf 89' lang='lat' dir='ltr'><strong>quem,</strong></span> <span class='ocrx_word' id='word_1_168' title='bbox 926 3048 966 3111; x_wconf 94' lang='lat' dir='ltr'><strong>nt</strong></span> <span class='ocrx_word' id='word_1_169' title='bbox 983 3061 1099 3136; x_wconf 88' lang='lat' dir='ltr'><strong>spero,</strong></span> <span class='ocrx_word' id='word_1_170' title='bbox 1121 3039 1206 3111; x_wconf 93' lang='lat' dir='ltr'><strong>nibil</strong></span> <span class='ocrx_word' id='word_1_171' title='bbox 1225 3043 1353 3113; x_wconf 89' lang='lat' dir='ltr'><strong>lrustra</strong></span> 
     </span>
     <span class='ocr_line' id='line_1_24' title="bbox 266 3158 1349 3258; baseline 0.006 -28"><span class='ocrx_word' id='word_1_172' title='bbox 266 3158 473 3255; x_wconf 88' lang='lat' dir='ltr'><strong>precabitur.</strong></span> <span class='ocrx_word' id='word_1_173' title='bbox 496 3159 588 3244; x_wconf 88' lang='lat' dir='ltr'><strong>Quid</strong></span> <span class='ocrx_word' id='word_1_174' title='bbox 607 3170 724 3232; x_wconf 85' lang='lat' dir='ltr'><strong>autem</strong></span> <span class='ocrx_word' id='word_1_175' title='bbox 750 3162 848 3255; x_wconf 92' lang='lat' dir='ltr'><strong>prius</strong></span> <span class='ocrx_word' id='word_1_176' title='bbox 874 3163 1010 3258; x_wconf 89' lang='lat' dir='ltr'><strong>precari</strong></span> <span class='ocrx_word' id='word_1_177' title='bbox 1035 3164 1133 3234; x_wconf 92' lang='lat' dir='ltr'><strong>illum</strong></span> <span class='ocrx_word' id='word_1_178' title='bbox 1158 3164 1349 3246; x_wconf 87' lang='lat' dir='ltr'><strong>credimus,</strong></span> 
     </span>
     <span class='ocr_line' id='line_1_25' title="bbox 266 3281 1350 3380; baseline 0.003 -25"><span class='ocrx_word' id='word_1_179' title='bbox 266 3305 371 3378; x_wconf 91' lang='lat' dir='ltr'><strong>quam</strong></span> <span class='ocrx_word' id='word_1_180' title='bbox 394 3281 489 3376; x_wconf 89' lang='lat' dir='ltr'><strong>quod</strong></span> <span class='ocrx_word' id='word_1_181' title='bbox 507 3283 657 3379; x_wconf 86' lang='lat' dir='ltr'><strong>quisque</strong></span> <span class='ocrx_word' id='word_1_182' title='bbox 678 3284 899 3359; x_wconf 86' lang='lat' dir='ltr'><strong>mediocriter</strong></span> <span class='ocrx_word' id='word_1_183' title='bbox 919 3287 1033 3358; x_wconf 90' lang='lat' dir='ltr'><strong>bonus</strong></span> <span class='ocrx_word' id='word_1_184' title='bbox 1054 3295 1174 3380; x_wconf 87' lang='lat' dir='ltr'><strong>pastor</strong></span> <span class='ocrx_word' id='word_1_185' title='bbox 1196 3296 1350 3380; x_wconf 89' lang='lat' dir='ltr'><strong>optaret,</strong></span> 
     </span>
     <span class='ocr_line' id='line_1_26' title="bbox 268 3406 1352 3503; baseline 0.003 -26"><span class='ocrx_word' id='word_1_186' title='bbox 268 3415 307 3477; x_wconf 90' lang='lat' dir='ltr'><strong>ut</strong></span> <span class='ocrx_word' id='word_1_187' title='bbox 324 3406 454 3478; x_wconf 89' lang='lat' dir='ltr'><strong>scilicet</strong></span> <span class='ocrx_word' id='word_1_188' title='bbox 471 3428 616 3499; x_wconf 80' lang='lat' dir='ltr'><strong>gregem</strong></span> <span class='ocrx_word' id='word_1_189' title='bbox 637 3428 741 3480; x_wconf 87' lang='lat' dir='ltr'><strong>suum</strong></span> <span class='ocrx_word' id='word_1_190' title='bbox 760 3409 921 3503; x_wconf 88' lang='lat' dir='ltr'><strong>luporum</strong></span> <span class='ocrx_word' id='word_1_191' title='bbox 937 3431 979 3481; x_wconf 90' lang='lat' dir='ltr'><strong>ac</strong></span> <span class='ocrx_word' id='word_1_192' title='bbox 993 3411 1108 3480; x_wconf 86' lang='lat' dir='ltr'><strong>furum</strong></span> <span class='ocrx_word' id='word_1_193' title='bbox 1126 3409 1352 3481; x_wconf 91' lang='lat' dir='ltr'><strong>concursibus</strong></span> 
     </span>
     <span class='ocr_line' id='line_1_27' title="bbox 164 3515 1352 3627; baseline -0.003 -25"><span class='ocrx_word' id='word_1_194' title='bbox 164 3583 165 3589; x_wconf 19' lang='grc' dir='ltr'>η</span> <span class='ocrx_word' id='word_1_195' title='bbox 267 3515 305 3602; x_wconf 84' lang='lat' dir='ltr'><strong>et</strong></span> <span class='ocrx_word' id='word_1_196' title='bbox 327 3530 459 3604; x_wconf 89' lang='lat' dir='ltr'><strong>morbis</strong></span> <span class='ocrx_word' id='word_1_197' title='bbox 480 3530 642 3602; x_wconf 91' lang='lat' dir='ltr'><strong>omnibus</strong></span> <span class='ocrx_word' id='word_1_198' title='bbox 659 3532 864 3627; x_wconf 83' lang='lat' dir='ltr'><strong>expeditum</strong></span> <span class='ocrx_word' id='word_1_199' title='bbox 885 3532 1004 3605; x_wconf 86' lang='lat' dir='ltr'><strong>videat</strong></span> <span class='ocrx_word' id='word_1_200' title='bbox 1028 3533 1063 3603; x_wconf 92' lang='lat' dir='ltr'><strong>in</strong></span> <span class='ocrx_word' id='word_1_201' title='bbox 1090 3533 1195 3605; x_wconf 90' lang='lat' dir='ltr'><strong>domo</strong></span> <span class='ocrx_word' id='word_1_202' title='bbox 1219 3531 1352 3604; x_wconf 90' lang='lat' dir='ltr'><strong>Domini</strong></span> 
     </span>
     <span class='ocr_line' id='line_1_28' title="bbox 269 3653 1353 3748; baseline 0 -22"><span class='ocrx_word' id='word_1_203' title='bbox 269 3675 341 3747; x_wconf 90' lang='lat' dir='ltr'><strong>quo</strong></span> <span class='ocrx_word' id='word_1_204' title='bbox 357 3654 434 3748; x_wconf 86' lang='lat' dir='ltr'><strong>ipse</strong></span> <span class='ocrx_word' id='word_1_205' title='bbox 451 3665 597 3726; x_wconf 84' lang='lat' dir='ltr'><strong>vocatus</strong></span> <span class='ocrx_word' id='word_1_206' title='bbox 614 3653 683 3728; x_wconf 91' lang='lat' dir='ltr'><strong>iam</strong></span> <span class='ocrx_word' id='word_1_207' title='bbox 702 3656 905 3748; x_wconf 64' lang='lat' dir='ltr'><strong>precessit?</strong></span> <span class='ocrx_word' id='word_1_208' title='bbox 924 3657 1016 3745; x_wconf 80' lang='lat' dir='ltr'><strong>Quid</strong></span> <span class='ocrx_word' id='word_1_209' title='bbox 1034 3679 1120 3729; x_wconf 90' lang='lat' dir='ltr'><strong>vero</strong></span> <span class='ocrx_word' id='word_1_210' title='bbox 1137 3657 1233 3729; x_wconf 91' lang='lat' dir='ltr'><strong>aliud</strong></span> <span class='ocrx_word' id='word_1_211' title='bbox 1250 3677 1270 3728; x_wconf 89' lang='lat' dir='ltr'><strong>a</strong></span> <span class='ocrx_word' id='word_1_212' title='bbox 1286 3654 1353 3726; x_wconf 90' lang='lat' dir='ltr'><strong>Do-</strong></span> 
     </span>
     <span class='ocr_line' id='line_1_29' title="bbox 256 3777 1353 3873; baseline 0.005 -27"><span class='ocrx_word' id='word_1_213' title='bbox 256 3778 362 3848; x_wconf 88' lang='lat' dir='ltr'><strong>mino</strong></span> <span class='ocrx_word' id='word_1_214' title='bbox 384 3787 504 3869; x_wconf 89' lang='lat' dir='ltr'><strong>poscat</strong></span> <span class='ocrx_word' id='word_1_215' title='bbox 524 3777 560 3848; x_wconf 94' lang='lat' dir='ltr'><strong>in</strong></span> <span class='ocrx_word' id='word_1_216' title='bbox 581 3777 693 3862; x_wconf 87' lang='lat' dir='ltr'><strong>coelis,</strong></span> <span class='ocrx_word' id='word_1_217' title='bbox 716 3799 822 3870; x_wconf 88' lang='lat' dir='ltr'><strong>quam</strong></span> <span class='ocrx_word' id='word_1_218' title='bbox 838 3779 933 3872; x_wconf 93' lang='lat' dir='ltr'><strong>quod</strong></span> <span class='ocrx_word' id='word_1_219' title='bbox 952 3803 972 3852; x_wconf 90' lang='lat' dir='ltr'><strong>a</strong></span> <span class='ocrx_word' id='word_1_220' title='bbox 989 3779 1120 3852; x_wconf 90' lang='lat' dir='ltr'><strong>vicario</strong></span> <span class='ocrx_word' id='word_1_221' title='bbox 1136 3781 1213 3852; x_wconf 91' lang='lat' dir='ltr'><strong>eins</strong></span> <span class='ocrx_word' id='word_1_222' title='bbox 1232 3799 1353 3873; x_wconf 88' lang='lat' dir='ltr'><strong>posce—</strong></span> 
     </span>
    </p>
   </div>
   <div class='ocr_carea' id='block_1_5' title="bbox 133 3891 1352 3994">
    <p class='ocr_par' dir='ltr' id='par_1_5' title="bbox 133 3891 1352 3994">
     <span class='ocr_line' id='line_1_30' title="bbox 133 3891 1352 3994; baseline 0.006 -27"><span class='ocrx_word' id='word_1_223' title='bbox 133 3891 137 3902; x_wconf 84' lang='grc'>’</span> <span class='ocrx_word' id='word_1_224' title='bbox 267 3896 327 3968; x_wconf 90' lang='lat' dir='ltr'><strong>bat</strong></span> <span class='ocrx_word' id='word_1_225' title='bbox 346 3897 382 3968; x_wconf 89' lang='lat' dir='ltr'><strong>in</strong></span> <span class='ocrx_word' id='word_1_226' title='bbox 401 3900 517 3983; x_wconf 85' lang='lat' dir='ltr'><strong>terris,</strong></span> <span class='ocrx_word' id='word_1_227' title='bbox 546 3900 605 3992; x_wconf 88' lang='lat' dir='ltr'><strong>qni</strong></span> <span class='ocrx_word' id='word_1_228' title='bbox 633 3900 754 3994; x_wconf 85' lang='lat' dir='ltr'><strong>paucis</strong></span> <span class='ocrx_word' id='word_1_229' title='bbox 779 3910 860 3972; x_wconf 88' lang='lat' dir='ltr'><strong>ante</strong></span> <span class='ocrx_word' id='word_1_230' title='bbox 886 3901 1019 3975; x_wconf 91' lang='lat' dir='ltr'><strong>obitum</strong></span> <span class='ocrx_word' id='word_1_231' title='bbox 1045 3901 1184 3988; x_wconf 87' lang='lat' dir='ltr'><strong>diebus,</strong></span> <span class='ocrx_word' id='word_1_232' title='bbox 1210 3925 1288 3976; x_wconf 90' lang='lat' dir='ltr'><strong>cnm</strong></span> <span class='ocrx_word' id='word_1_233' title='bbox 1315 3923 1352 3974; x_wconf 90' lang='lat' dir='ltr'><strong>se</strong></span> 
     </span>
    </p>
   </div>
   <div class='ocr_carea' id='block_1_6' title="bbox 266 4017 1354 4112">
    <p class='ocr_par' dir='ltr' id='par_1_6' title="bbox 266 4017 1354 4112">
     <span class='ocr_line' id='line_1_31' title="bbox 266 4017 1354 4112; baseline 0.011 -28"><span class='ocrx_word' id='word_1_234' title='bbox 266 4017 334 4088; x_wconf 91' lang='lat' dir='ltr'><strong>iam</strong></span> <span class='ocrx_word' id='word_1_235' title='bbox 356 4017 416 4090; x_wconf 89' lang='lat' dir='ltr'><strong>fini</strong></span> <span class='ocrx_word' id='word_1_236' title='bbox 441 4022 641 4112; x_wconf 85' lang='lat' dir='ltr'><strong>proximum</strong></span> <span class='ocrx_word' id='word_1_237' title='bbox 667 4021 817 4109; x_wconf 87' lang='lat' dir='ltr'><strong>videret,</strong></span> <span class='ocrx_word' id='word_1_238' title='bbox 847 4025 893 4099; x_wconf 91' lang='lat' dir='ltr'><strong>ad</strong></span> <span class='ocrx_word' id='word_1_239' title='bbox 918 4046 1073 4098; x_wconf 71' lang='lat' dir='ltr'><strong>romanae</strong></span> <span class='ocrx_word' id='word_1_240' title='bbox 1099 4027 1194 4100; x_wconf 85' lang='lat' dir='ltr'><strong>sedis</strong></span> <span class='ocrx_word' id='word_1_241' title='bbox 1219 4027 1354 4100; x_wconf 90' lang='lat' dir='ltr'><strong>antisti-</strong></span> 
     </span>
    </p>
   </div>
   <div class='ocr_carea' id='block_1_7' title="bbox 267 4142 1354 4242">
    <p class='ocr_par' dir='ltr' id='par_1_7' title="bbox 267 4142 1354 4242">
     <span class='ocr_line' id='line_1_32' title="bbox 267 4142 1354 4242; baseline 0.014 -34"><span class='ocrx_word' id='word_1_242' title='bbox 267 4145 351 4220; x_wconf 84' lang='lat' dir='ltr'><strong>tem,</strong></span> <span class='ocrx_word' id='word_1_243' title='bbox 373 4151 408 4210; x_wconf 89' lang='lat' dir='ltr'><strong>et</strong></span> <span class='ocrx_word' id='word_1_244' title='bbox 428 4142 597 4235; x_wconf 86' lang='lat' dir='ltr'><strong>quosdam</strong></span> <span class='ocrx_word' id='word_1_245' title='bbox 617 4142 662 4214; x_wconf 86' lang='lat' dir='ltr'><strong>de</strong></span> <span class='ocrx_word' id='word_1_246' title='bbox 685 4146 846 4237; x_wconf 73' lang='lat' dir='ltr'><strong>collegio,</strong></span> <span class='ocrx_word' id='word_1_247' title='bbox 870 4150 1054 4242; x_wconf 85' lang='lat' dir='ltr'><strong>plusquam</strong></span> <span class='ocrx_word' id='word_1_248' title='bbox 1082 4151 1246 4223; x_wconf 86' lang='lat' dir='ltr'><strong>humauae</strong></span> <span class='ocrx_word' id='word_1_249' title='bbox 1270 4151 1354 4224; x_wconf 88' lang='lat' dir='ltr'><strong>cha-</strong></span> 
     </span>
    </p>
   </div>
   <div class='ocr_carea' id='block_1_8' title="bbox 0 0 1544 4798">
    <p class='ocr_par' dir='ltr' id='par_1_8' title="bbox 0 0 1544 4798">
     <span class='ocr_line' id='line_1_33' title="bbox 0 0 1544 4798; baseline 0 0"><span class='ocrx_word' id='word_1_250' title='bbox 0 0 1544 4798; x_wconf 95' lang='lat' dir='ltr'><strong> </strong></span> 
     </span>
    </p>
   </div>
  </div>
 </body>
</html>
