2988 4800
246 398 303 460 tot
580 410 621 457 nn
643 411 742 458 nunus
764 409 984 458 rnmnmnmns

245 566 377 630 merus,
396 547 426 616 si
442 566 521 614 cnm
538 545 638 614 annis
658 546 796 617 totidem
814 547 1015 630 conferatur,
1031 547 1143 619 iudice
1161 570 1231 634 me,
1245 551 1316 620 lon-

246 669 322 762 gior
340 677 443 762 atque
464 667 642 740 molestior
663 668 717 740 sit.
741 668 803 739 Hic
828 668 920 739 enim
946 679 1058 740 status
1084 693 1163 742 cum
1190 670 1316 766 ubique

246 793 330 864 mihi
342 792 460 884 gravis
478 799 513 862 et
529 791 749 885 importunus
766 793 904 863 futurus
921 803 1027 878 esset,
1043 816 1085 866 eo
1101 795 1209 888 qnod,
1228 817 1318 889 prte-

247 927 298 988 ter
318 925 475 987 naturam
495 914 722 1007 plurimorum
755 918 1070 1010 quantulacumque
1103 919 1158 990 vis
1190 918 1320 1010 ingenii

247 1039 315 1110 mei
335 1038 405 1110 situ
425 1046 460 1108 et
479 1037 595 1131 quiete
618 1037 773 1129 corporis
800 1046 924 1131 torpet,
953 1050 1049 1112 motu
1074 1040 1189 1114 sobrie
1213 1063 1321 1134 vege-

248 1172 352 1246 tatur,
376 1161 515 1254 (utnon
535 1158 938 1254 immeritoquamqnam
963 1164 1155 1236 Stoicorum
1182 1172 1321 1236 senten·

249 1288 314 1358 tias
339 1294 563 1377 anteponens,
590 1282 852 1375 Peripateticum
879 1293 996 1357 tamen
1020 1286 1220 1360 ambulandi
1248 1308 1323 1358 mo-

248 1430 322 1478 rem
348 1428 486 1500 semper
509 1416 545 1478 et
576 1403 693 1476 verbis
722 1415 758 1477 et
788 1407 895 1479 rebus
927 1407 1012 1502 ipsis
1044 1409 1236 1502 approbare
1268 1429 1325 1480 so-

248 1529 363 1626 leam)
408 1502 480 1602 tum
522 1528 579 1599 hic
616 1529 809 1620 praesertim
856 1529 1174 1624 importunissimus
1219 1542 1325 1629 atque

250 1653 481 1748 gravissimus
506 1661 561 1722 est
584 1659 726 1746 propter
751 1652 906 1726 animum
927 1655 1170 1752 inexplebilem
1194 1658 1326 1751 reginae

251 1775 347 1849 urbis
367 1773 579 1867 aspectibus,
601 1795 707 1866 quam
728 1797 799 1867 quo
819 1777 931 1868 magis
952 1778 1102 1864 intueor,
1121 1780 1234 1872 magis
1252 1803 1327 1852 ma-

156 1923 159 1930 ’
192 1874 195 1880 ’
250 1901 373 1992 gisque
390 1896 434 1969 ad
453 1894 667 1968 credendum
684 1917 792 1987 cogor
810 1898 982 1992 quidquid
1006 1901 1052 1972 de
1072 1901 1137 1972 hac
1159 1902 1326 1996 scriptum

168 2105 180 2120 ,.
252 2021 413 2115 legimus.
434 2021 562 2092 Casum
583 2028 701 2092 tamen
721 2019 795 2113 ipse
816 2043 930 2094 meum
956 2023 1178 2116 doloremque
1201 2027 1328 2096 'conso-

252 2147 317 2230 lor,
339 2141 443 2238 quasi
463 2142 529 2215 hcc
557 2143 694 2214 coelitus
719 2152 835 2214 actum
868 2144 925 2228 sit,
953 2154 1006 2231 ut,
1029 2146 1191 2240 quoniam
1213 2147 1249 2216 in
1272 2171 1328 2220 me

253 2269 433 2340 confessor
458 2288 558 2339 meus
582 2266 693 2338 fuisse
717 2268 828 2339 levior
853 2266 1051 2353 videbatur,
1077 2270 1172 2362 quod
1201 2270 1248 2341 ab
1270 2271 1329 2342 illu

253 2390 529 2488 praetermissum
545 2392 659 2463 luerat
674 2393 760 2462 alter
771 2391 942 2484 implerem
956 2400 992 2462 et
1007 2391 1195 2478 intendam,
1209 2396 1327 2476 fateor,

254 2511 376 2608 putavi
392 2511 557 2614 iudicium
574 2512 635 2584 Dei
651 2534 731 2585 esse
748 2515 905 2600 volentis,
920 2525 960 2586 nt
972 2515 1072 2588 cuius
1085 2516 1239 2588 animum
1253 2515 1331 2588 diu-

255 2633 390 2708 tissime
410 2633 661 2706 claudicantem
680 2634 756 2728 ipre
776 2635 937 2709 manibus
959 2637 1034 2711 suis
1054 2648 1230 2725 erexerat,
1253 2641 1330 2712 eius

256 2779 381 2854 corpus
401 2758 587 2830 decaetero
606 2757 829 2831 claudicaret.
847 2761 934 2845 Quae
953 2761 1019 2834 rite
1035 2759 1174 2834 libranti
1191 2762 1331 2834 minime

257 2882 367 2955 tristis
387 2891 447 2954 aut
471 2880 599 2952 misera
624 2883 798 2955 censenda
822 2893 897 2954 erat
922 2884 1113 2959 alternatio.
1138 2886 1272 2958 Gratias
1297 2885 1331 2956 ei

259 3006 319 3100 qui
331 3004 415 3076 mihi
428 3026 526 3098 spem
539 3004 703 3090 restitnit,
720 3014 753 3076 te
769 3005 805 3076 in
817 3007 1081 3101 proximarectc
1099 3008 1201 3080 simul
1218 3008 1333 3082 animo

260 3153 300 3204 ac
330 3150 475 3224 corpore
507 3128 701 3200 revidendi.
716 3171 762 3182 —
780 3131 951 3202 Caeterum
983 3131 1059 3204 hme
1092 3131 1165 3217 tihi,
1200 3132 1328 3215 amice,

260 3253 382 3338 adhuc,
398 3250 492 3346 quod
508 3251 584 3345 ipsa
603 3251 796 3324 litterarum
816 3252 922 3324 facies
940 3253 1081 3336 indicat,
1099 3254 1135 3325 in
1151 3253 1334 3346 grabatulo

261 3397 338 3448 meo
357 3374 472 3446 iacens
495 3376 619 3462 scribo,
644 3398 713 3448 nun
734 3386 773 3448 ut
791 3377 911 3450 doleas
931 3377 1009 3450 haue
1028 3376 1127 3450 nobis
1148 3378 1331 3463 accidisse,

264 3499 327 3572 sed
344 3506 382 3570 ut
397 3497 554 3590 gaudeas
571 3520 626 3569 me
641 3510 676 3572 et
693 3500 770 3573 haec
786 3522 888 3595 aequo
905 3502 1026 3574 tulisse
1043 3502 1158 3574 animo
1174 3511 1210 3573 et
1226 3505 1335 3574 multu

263 3622 424 3714 graviora
436 3624 585 3694 laturum
597 3641 690 3708 esse,
710 3623 740 3695 si
756 3623 956 3716 ingruerint.
977 3625 1028 3696 Tu
1040 3625 1123 3697 vive
1137 3624 1289 3710 feliciter,
1301 3634 1336 3696 et

263 3748 342 3818 vale
362 3747 471 3818 nostri
491 3769 633 3819 memor.

404 3895 517 3968 Romae,
532 3895 586 3952 1111
599 3895 693 3954 Nonas
706 3897 879 3972 Novembris,
893 3901 1001 3959 silentio
1015 3901 1104 3960 noctis
1117 3902 1299 3975 intempeste.
