3002 4794
436 373 529 423 arasa
550 345 877 428 nouus—mmmm
898 379 948 426 vn.
1195 371 1230 432 31

154 537 265 590 annos
286 518 418 609 ingero,
440 517 541 591 cuius
561 517 682 590 ultima
701 538 798 613 pars,
813 519 853 590 .si
874 519 1007 614 absque
1033 522 1234 615 exceptione

153 624 240 715 vera
259 652 324 727 est,
343 639 581 735 nequidquam
606 644 714 713 multa
735 639 844 714 verba
864 643 1085 738 perfuderim.
1106 646 1143 718 ln
1168 646 1235 720 hoo

153 766 260 860 igitur
292 787 441 837 acumen
477 773 574 836 tuum
600 774 639 838 ut
663 787 828 838 exerceas
855 766 967 838 velim.
995 769 1056 840 llle
1080 770 1164 863 quid
1189 772 1234 845 ad

153 893 286 964 litteras
308 911 406 961 meas
431 888 649 984 respondeat,
672 888 864 960 audiemus
886 890 962 961 Non
982 891 1097 962 omnia
1117 900 1234 963 tamen

153 1013 322 1111 expediet
342 1012 461 1105 lingua
481 1015 539 1086 vel
556 1014 732 1086 calamus:
754 1016 862 1085 multa
882 1013 976 1086 enim
997 1014 1068 1087 oris
1094 1015 1233 1087 habitus

152 1136 320 1229 ironsque
341 1134 427 1227 ipsa,
447 1145 578 1227 gestus,
598 1136 699 1220 color,
719 1143 892 1221 accentus
910 1157 982 1230 pes,
997 1157 1132 1222 manus,
1151 1158 1235 1210 ocu-

153 1260 185 1345 li,
208 1258 431 1354 supercilium
450 1261 650 1352 loquentur:
671 1258 734 1330 sed
752 1258 888 1330 absenti
908 1258 1004 1330 nibil.
1024 1261 1085 1334 Hic
1106 1271 1143 1332 tu
1161 1260 1234 1333 ani-

155 1405 253 1453 mum
287 1381 447 1466 adverte,
469 1380 528 1475 qui
554 1402 711 1476 praesens
736 1403 783 1468 es
806 1405 875 1453 nau
898 1405 955 1454 me
982 1382 1077 1455 sinas
1104 1407 1231 1457 errare.

155 1508 255 1578 Certe
274 1527 355 1598 ego,
379 1505 472 1598 quod
497 1528 613 1577 meum
635 1504 701 1576 luit
723 1506 928 1600 praestitissc
951 1506 1084 1579 videor.
1106 1505 1234 1580 Amici·

155 1629 211 1701 tiae
230 1649 408 1702 venenum
427 1627 578 1725 suspicio
594 1638 670 1701 est:
688 1629 778 1702 hanc
793 1631 968 1724 extirpare
984 1629 1150 1702 radicitus
1171 1651 1233 1701 ve-

155 1753 264 1826 ritatis
290 1752 401 1844 digito
426 1754 525 1826 nisus
552 1774 641 1825 sum.
668 1751 722 1824 An
748 1753 822 1848 ipse
851 1766 967 1826 autem
996 1775 1083 1825 vcro
1112 1776 1232 1827 aurem

156 1878 292 1971 pandat,
312 1899 359 1949 an
375 1877 542 1962 obstruat,
566 1899 669 1948 suum
695 1876 782 1947 erit:
798 1885 895 1948 tuum
908 1899 993 1949 vero
1007 1877 1097 1949 idem
1112 1901 1229 1964 unum,

156 2009 193 2070 ut
212 2000 339 2073 acriter
359 2021 464 2094 quam
484 2000 519 2072 in
539 2010 674 2095 partam
695 2009 826 2092 vergat,
849 1999 1021 2094 inspicias,
1037 2022 1161 2092 meque
1176 2001 1230 2071 sui

157 2123 287 2197 consilii
312 2124 492 2196 certiorem
517 2123 635 2196 iacias.
655 2125 733 2195 Mea
754 2144 836 2194 sane
859 2145 926 2193 non
951 2123 1097 2193 multum
1122 2121 1229 2193 iuter-

156 2246 256 2318 luerit
282 2246 367 2339 quid
396 2247 440 2317 dc
466 2268 521 2316 me
546 2242 706 2318 homines
725 2244 927 2317 existiment
951 2255 1011 2315 aut
1030 2247 1227 2337 loquantur,

154 2371 258 2442 modo
284 2369 501 2443 conscientias
526 2391 615 2442 meae
639 2393 708 2442 non
733 2389 872 2464 premar
899 2367 1039 2440 aculeis.
1056 2366 1230 2454 Quamdiu

153 2516 234 2565 cum
253 2494 309 2567 illa
338 2515 459 2588 pacem
493 2493 638 2581 habebo,
669 2504 815 2566 externa
846 2492 937 2565 bella
969 2515 1039 2565 non
1064 2501 1227 2564 metuam.

155 2618 249 2710 Coepi
281 2639 348 2709 ego
380 2639 442 2711 per
476 2617 608 2690 litteras
638 2618 814 2711 obliquam
853 2617 930 2688 eius
963 2616 1157 2710 opinionem
1185 2613 1230 2688 ad

153 2748 285 2812 rectum
305 2762 442 2813 vocare.
470 2741 505 2812 Si
525 2741 680 2827 flectitur,
708 2741 889 2825 insistam;
912 2740 965 2825 sin
978 2739 1151 2823 obduruit,
1168 2740 1230 2812 de-

155 2865 296 2937 sistam:
318 2865 447 2936 frustra
465 2865 558 2937 enim
583 2862 820 2937 retentabitur.
843 2863 951 2935 Nemo
975 2861 1073 2934 facile
1093 2862 1228 2954 cogitur

154 2987 197 3059 ad
228 2986 454 3072 credendum,
481 2995 516 3059 et
538 3009 632 3084 saepe
658 2987 782 3061 crescit
814 2986 1039 3062 excusatione
1064 2983 1225 3079 suspicio.

154 3109 248 3181 Vale.

293 3255 335 3311 ld.
352 3253 482 3328 ianuarii,
497 3257 646 3313 Avenione.

558 3555 735 3622 EPISTOLA
755 3556 823 3621 vill.

155 3717 347 3769 rnnncrscus
373 3719 542 3770 nnraaact
565 3721 675 3772 marm
699 3722 740 3772 nn
763 3721 893 3773 assumo
916 3717 1079 3771 cnusrnmo
1104 3717 1130 3767 S.
1148 3718 1176 3766 n.
1194 3718 1224 3766 n.

230 3851 338 3907 Gaudet
352 3851 405 3907 sihi
419 3851 453 3908 dc
467 3868 499 3908 eo
513 3853 674 3908 nunciatum
690 3854 765 3926 quod
779 3855 849 3910 bene
863 3854 914 3924 sit,
929 3854 963 3909 dc
977 3867 1032 3926 quo
1045 3850 1140 3924 viginti
1161 3815 1167 3838 Ι

453 3943 572 4014 amplius
586 3944 665 3999 annis
682 3942 752 3998 nibil
765 3943 921 3998 resciverat.

161 4187 165 4196 .
248 4090 325 4162 Etsi
345 4090 390 4163 ab
406 4091 635 4164 adolescentia
652 4113 764 4184 usque
781 4091 826 4163 ad
842 4090 930 4162 hanc
948 4099 1086 4163 aetatem
1103 4092 1223 4164 faciem

151 4209 234 4282 mihi
256 4222 351 4286 tuam
372 4212 532 4286 inviderit
557 4217 706 4301 fortuna,
729 4214 812 4286 mibi
835 4225 949 4288 tamen
972 4236 1108 4309 semper
1132 4237 1222 4309 prae-
