3002 4794
433 356 525 406 LIBER
547 357 692 406 DECIMUS.
705 375 742 386 -
753 357 908 408 solerols
930 359 970 408 lv.
1202 347 1240 408 89

155 496 313 592 quodam
339 492 542 567 delectabili.
567 494 669 579 Quod
692 518 752 591 per
772 498 887 568 Palem
907 496 998 568 iurat
1018 496 1156 582 Silvius
1179 519 1241 592 pa-

156 623 289 694 storale
309 620 539 692 iuramentum
560 629 630 691 est:
651 619 751 690 Pales
772 619 864 692 enim
884 629 940 692 est
959 630 1137 716 pastorum
1155 622 1238 705 dea;

154 753 280 839 posset
300 743 395 837 apud
414 765 478 814 nos
499 742 643 834 intelligi
663 744 785 830 Maria,
809 767 878 816 non
898 745 977 830 dea,
999 747 1064 819 sed
1084 748 1146 818 Dei
1167 768 1241 819 ma-

155 879 219 940 ter.
254 868 461 939 Parthenias
493 867 567 961 ipse
599 875 655 940 est
686 868 865 959 Virgilius,
899 893 969 942 non
1001 892 1022 942 a
1051 893 1106 942 me
1136 870 1240 943 modo

155 989 278 1062 fiotum
299 1011 443 1072 nomen,
465 991 499 1059 in
519 990 591 1062 vita
611 991 703 1062 enim
724 991 799 1063 eius
821 992 969 1082 legimus
987 993 1081 1086 quod
1097 993 1240 1064 Parthe-

155 1112 248 1198 niaS,
273 1112 375 1204 quasi
396 1113 489 1184 omni
510 1113 583 1186 vita
602 1113 781 1206 probatus,
809 1113 877 1186 dici
911 1114 1046 1186 meruit.
1080 1112 1181 1197 Quod
1202 1126 1241 1186 ut

153 1256 218 1327 per
239 1256 280 1305 se
301 1234 418 1327 ipsum
438 1237 546 1308 lector
565 1235 781 1330 intelligeret,
810 1239 906 1310 locus
926 1247 982 1310 est
1003 1237 1156 1322 additus,
1182 1236 1239 1308 ubi

154 1359 320 1432 videlicet
339 1361 435 1432 lacus
456 1359 640 1454 Cisalpinae
660 1361 779 1434 Galliae
798 1363 957 1432 Benacus
978 1361 1080 1434 valde
1105 1361 1170 1432 sibi
1194 1361 1240 1431 si-

154 1483 275 1554 milem
297 1482 407 1555 filium
428 1506 476 1555 ex
503 1507 541 1558 se
565 1484 685 1576 gignit.
720 1486 826 1556 Filius
861 1493 974 1556 auten
1008 1485 1065 1556 hie
1091 1484 1238 1556 Mincius

154 1616 221 1690 est,
244 1608 399 1678 Mantuae
421 1607 565 1692 fluvius
589 1629 669 1701 quae
689 1608 823 1700 Virgilii
843 1606 955 1701 patria
976 1615 1041 1678 est.
1064 1607 1238 1679 Caeterum

154 1729 296 1802 aliunde
317 1731 491 1802 advectus
507 1739 626 1823 pastor
646 1731 772 1803 nobilis
791 1733 978 1804 Homerum
998 1729 1185 1825 significan
1204 1729 1237 1799 in

154 1875 226 1945 quo
248 1853 388 1946 singula
407 1855 478 1924 lere
499 1854 610 1926 verba
630 1853 760 1947 aliquid
781 1854 980 1949 important,
1003 1877 1082 1926 nam
1103 1863 1139 1924 el
1163 1850 1240 1922 inde

156 1975 222 2048 hoc
241 1986 298 2048 est
315 1975 441 2061 deinde,
459 1997 529 2048 non
548 1977 624 2048 sine
642 1977 955 2074 mysteriodictum
973 1988 1047 2048 est:
1067 1977 1148 2069 quia
1161 1977 1240 2046 Vir-

36 2170 38 2176 .
157 2099 277 2190 gilium
300 2121 386 2194 puer
407 2101 487 2185 iam,
510 2100 602 2172 idest
626 2123 694 2172 non
721 2100 790 2172 iam
818 2101 946 2184 infans,
970 2098 1097 2170 deinde
1122 2108 1237 2170 autem

157 2233 261 2294 aetate
279 2225 476 2316 provectior
488 2225 677 2296 Homerum
695 2222 804 2314 attigi.
827 2223 861 2293 ls
879 2221 970 2292 enim
989 2221 1049 2313 qui
1066 2223 1238 2291 Homerus

156 2349 263 2438 vulgo
290 2347 430 2431 dieitur,
456 2347 598 2420 alterius
623 2346 741 2418 neseio
768 2343 868 2417 ouius
895 2346 1101 2438 opusculum
1133 2341 1235 2428 soiaS,

156 2465 229 2528 licet
246 2467 282 2530 ul
304 2467 460 2529 imnerico
487 2468 622 2544 iudicor,
643 2484 700 2530 nco
726 2466 827 2529 oratio
851 2465 964 2545 lingum
990 2465 1146 2542 particeps
1171 2463 1237 2526 lati·

154 2594 201 2639 nc
220 2572 306 2668 (sie).
321 2574 420 2646 Unde
433 2595 498 2644 nec
515 2585 633 2646 nostro
652 2571 829 2645 murmure
847 2593 974 2646 canere
992 2593 1074 2643 eum
1092 2571 1180 2656 dixi,
1201 2579 1239 2644 ut

154 2697 212 2789 qui
231 2717 347 2788 graece
365 2706 476 2768 canat.
502 2693 663 2768 Generosi
680 2719 763 2768 sane
784 2698 935 2792 pastoris
953 2695 1144 2788 epithetum
1161 2695 1237 2766 iure

154 2831 317 2914 occupat:
344 2819 429 2913 quid
452 2820 545 2892 enim
566 2823 623 2892 vel
648 2820 766 2912 lingua
786 2823 847 2892 vel
867 2819 1009 2913 ingenio
1030 2819 1237 2911 generosius

155 2941 320 3014 Homeri?
341 2941 458 3012 Nescio
478 2951 596 3014 autem
617 2966 680 3035 quo
700 2941 739 3010 de
760 2943 848 3012 valle
874 2941 954 3015 ideo
980 2949 1037 3012 est
1066 2939 1234 3024 additum,

155 3064 236 3156 quia
263 3064 309 3136 de
334 3066 409 3136 loeo
433 3063 577 3156 originis
598 3065 675 3136 eius
695 3064 875 3158 opiniones
895 3064 1004 3136 variae
1032 3073 1126 3148 sunt,
1148 3083 1237 3156 quas

154 3188 252 3260 locus
273 3187 341 3260 istc
361 3209 431 3259 non
450 3188 552 3281 capit.
574 3188 755 3262 Postremo
774 3186 813 3258 dc
832 3194 923 3282 sonte
940 3187 1116 3260 homerico
1132 3187 1238 3258 bibere

154 3309 347 3403 Virgilium,
370 3310 531 3383 omnibus
552 3320 607 3382 est
627 3321 747 3384 notum
767 3311 882 3404 quiin
903 3310 1047 3404 poeticis
1068 3331 1237 3381 exercen-

154 3442 220 3504 tur.
258 3435 375 3505 Amioo
413 3455 482 3526 qua
524 3443 669 3527 uterque
705 3433 833 3526 dignus
866 3433 1006 3519 dicitur,
1042 3435 1133 3504 lama
1165 3441 1233 3516 ast,

153 3566 422 3652 propterquam
450 3565 562 3649 poetae
588 3566 683 3630 sunt:
709 3568 850 3651 propter
875 3556 1004 3630 amicas
1034 3555 1126 3626 anim
1152 3575 1235 3626 suas

154 3690 329 3754 amatores
351 3688 488 3754 canunt.
522 3676 620 3750 Silvo
650 3680 786 3752 horrido
814 3689 850 3752 et
874 3683 1117 3760 oerii'montes,
1144 3697 1233 3771 quos

154 3802 302 3872 miratur
322 3799 451 3870 Silvius
472 3821 542 3872 non
563 3801 662 3893 sequi
682 3801 899 3872 dulcedinem
924 3797 1136 3882 canentium,
1157 3797 1235 3868 vul-

154 3945 222 4015 gus
245 3924 414 3996 incultum
434 3933 489 3994 est
511 3935 546 3996 et
568 3924 740 4018 principes
760 3923 964 3996 eminentes.
990 3925 1189 3993 Descensus
1214 3941 1234 3992 e

154 4050 277 4118 montis
309 4050 430 4119 vertice
462 4046 506 4116 ad
537 4049 621 4118 imos
653 4049 768 4131 nullm,
805 4057 841 4120 et
873 4045 918 4117 ab
961 4045 1040 4118 imis
1083 4046 1233 4118 vallibus

155 4172 352 4246 adscensus
373 4173 408 4244 in
428 4180 581 4257 montes,
600 4193 704 4264 quem
722 4171 766 4244 de
788 4193 826 4243 se
847 4170 923 4265 ipso
940 4171 1086 4264 loquens
1105 4169 1233 4242 Silvius
