3024 4802
364 403 458 452 LIBER
478 401 732 452 uobusbucluus
746 421 783 430 -·
796 399 950 450 EPISTULA
972 401 1057 450 llvlll.
1194 389 1249 448 {th

167 549 316 630 illorum,
338 544 413 640 qui,
442 553 479 616 ut
509 543 557 615 ait
582 545 782 616 Psalmista:
809 548 1037 633 copitnocrnnt
1064 545 1253 635 iniquitates

166 672 204 740 in
225 666 335 751 corde,
359 663 497 737 luteolis
519 667 758 738 constituebant
778 668 910 761 proelin.
938 666 1048 760 ldque
1073 675 1113 737 ut
1134 667 1180 738 de
1200 674 1251 752 te,

167 791 331 886 quamvis
346 791 381 860 in
394 789 504 861 aciem
524 811 593 862 non
610 789 775 886 prodeas,
790 789 992 886 perproprie
1005 789 1135 862 dietum
1151 790 1251 870 scias,

170 915 329 1008 sequitur
345 935 413 984 non
426 911 522 1004 quod
540 921 615 983 erat
632 914 810 1006 proprium
828 912 1049 997 bellatorum,
1065 911 1255 983 induerunt

168 1060 279 1123 arma,
307 1034 587 1108 conscenderunt
611 1055 735 1129 equoS,
769 1033 975 1106 ordinarunt
1007 1034 1163 1126 agmina,
1190 1031 1255 1104 sed

168 1160 277 1254 quid‘l
296 1169 458 1230 acuerunt
479 1159 628 1249 linquam
652 1179 747 1228 suom
771 1161 856 1228 sicot
881 1169 1064 1250 serpentes;
1091 1177 1255 1226 venenum

168 1282 320 1378 aspidum
344 1282 403 1352 rob
433 1282 525 1353 lobiis
556 1303 680 1352 eorum.
714 1281 791 1352 Heu
824 1280 922 1365 mibi,
957 1283 1081 1352 irater!
1118 1281 1255 1364 Quanto

169 1407 295 1478 melius
315 1415 517 1500 quantoque
537 1405 753 1499 professione
776 1412 834 1475 tua
854 1403 996 1496 dignius
1017 1405 1081 1474 luit
1100 1405 1255 1496 linguam

169 1531 241 1602 Deo
265 1529 416 1601 dicatam
442 1527 641 1598 divinorum
675 1526 819 1598 laudum
852 1546 1022 1619 occupare
1054 1526 1253 1619 praeconia,

168 1671 275 1744 quom
295 1641 531 1723 delinimentis
549 1649 712 1736 anilibus,
726 1661 763 1722 et
778 1650 936 1724 ventosis
955 1649 1255 1728 adhortationibus

171 1775 393 1868 populorum,
411 1771 541 1867 quibus
560 1781 593 1844 te
609 1795 680 1846 non
697 1765 768 1844 un'o
785 1783 845 1846 aut
862 1776 972 1845 altero
989 1783 1028 1844 ut
1047 1774 1178 1856 coeteri,
1193 1771 1256 1844 sed

169 1895 334 1968 omnibus
354 1897 511 1967 omnium
531 1895 671 1987 flagitiis
694 1896 912 1988 inquinareS,
935 1896 1161 1990 omniumque
1180 1895 1258 1988 qui-

170 2017 238 2090 bus
264 2015 444 2088 abundare
468 2016 601 2087 bellum
635 2019 723 2089 solet
748 2018 919 2112 particeps
945 2017 1168 2103 delictorum,
1192 2037 1258 2088 nec

172 2149 307 2214 tantum
328 2138 501 2233 particeps
523 2137 638 2224 lieres,
662 2139 725 2212 sed
744 2140 923 2232 magister.
951 2141 999 2210 lta
1023 2162 1067 2211 ne
1091 2139 1152 2211 tibi
1173 2161 1258 2212 cura

172 2263 395 2338 conscientia
403 2260 712 2356 posthabitn,lama
724 2260 910 2334 dumtaxat
924 2261 1038 2334 inanis
1048 2262 1257 2354 eloquentiae

173 2389 259 2462 satis
280 2399 346 2472 est,
370 2398 408 2459 ut
428 2395 569 2482 propter
591 2385 683 2456 hanc
705 2407 809 2458 unam
834 2389 912 2458 ione
937 2395 973 2457 et
996 2385 1204 2480 principium
1224 2396 1260 2457 et

172 2532 280 2584 causa
300 2511 427 2584 horum
451 2511 624 2582 malorum
649 2507 804 2579 omnium
829 2507 898 2582 dici
924 2509 1040 2579 velis‘l
1065 2508 1153 2580 Nam
1178 2507 1258 2600 quis

174 2637 245 2707 ulla
264 2644 368 2705 aetate
387 2633 518 2703 bellum
539 2631 605 2703 boc
626 2642 686 2703 aut
709 2632 906 2704 meminerit
927 2642 988 2703 aut
1008 2629 1175 2714 narrabit,
1197 2631 1259 2724 qui

173 2779 244 2828 non
263 2765 363 2826 tuum
383 2754 419 2825 in
440 2753 631 2846 primordio
651 2753 777 2825 ssebilis
798 2753 956 2826 historiae
977 2775 1106 2826 nomen
1130 2756 1260 2848 ponat‘l

173 2879 260 2963 Quis
282 2876 371 2949 banc
390 2875 511 2970 pinget
532 2875 732 2961 historiam,
753 2897 835 2968 quac
857 2876 925 2948 iam
947 2899 1009 2970 per
1028 2878 1128 2948 aulas
1152 2875 1259 2968 porti-

173 3023 309 3093 cusque
329 3010 533 3091 magnatum
555 2997 648 3094 pingi
670 2998 804 3094 incipit,
826 3001 887 3095 qui
913 3024 983 3074 non
1008 3013 1044 3073 et
1068 3001 1158 3073 inter
1178 3021 1259 3071 con-

175 3121 326 3196 siliarios
359 3131 395 3192 et
426 3121 518 3194 inter
550 3123 647 3217 ipsos
680 3123 784 3194 etiam
814 3123 999 3198 bellatores
1029 3136 1125 3198 tuom
1151 3122 1260 3217 fingat

175 3245 352 3335 effigiem?
388 3240 516 3312 Mirum
553 3263 699 3336 prorsus
736 3265 801 3315 nec
837 3267 991 3338 unquam
1024 3248 1110 3317 alias
1142 3246 1259 3318 visum

177 3367 428 3462 spectaculum,
451 3365 540 3435 inter
562 3366 681 3456 galeas
701 3366 914 3459 clypeosque
934 3377 970 3436 et
991 3366 1159 3438 micantes
1186 3370 1260 3460 gla-

175 3490 253 3564 dios
270 3499 307 3560 et
323 3490 390 3560 telo
408 3485 602 3572 trementia,
617 3508 798 3560 venenoso
814 3490 934 3560 afflatu
949 3491 1084 3561 animos
1101 3489 1259 3562 inficiens

176 3625 212 3686 ct
232 3609 350 3684 verbis
371 3609 555 3680 intendens
574 3607 706 3681 bellum
731 3610 832 3702 nigra
854 3613 1051 3684 succinctus
1072 3623 1173 3685 veste
1191 3615 1260 3686 ira-

178 3737 342 3808 teroulus.
376 3732 496 3805 Gaude
530 3731 646 3824 igitur,
681 3737 801 3805 exulta
833 3737 895 3832 qui
926 3757 946 3808 e
977 3735 1088 3808 tribus
1119 3737 1260 3810 Catonis

177 3857 297 3948 magni
317 3867 352 3929 et
373 3878 393 3926 e
413 3853 583 3949 Scipionis
605 3855 779 3927 AEmiliani
803 3855 964 3929 laudibus
985 3869 1194 3931 consecutus
1219 3879 1259 3930 cs

178 3979 279 4066 duas,
300 3989 339 4050 ut
359 3979 491 4052 scilicet
514 3987 550 4050 et
576 3978 762 4074 imperator
789 3979 850 4062 sis,
882 3991 917 4052 et
945 3989 1062 4053 orator
1090 3983 1257 4074 optimus,

178 4103 306 4196 quippe
330 4102 391 4194 qui
412 4101 605 4174 exereitum
630 4111 718 4173 nutu
744 4104 828 4186 solu,
851 4104 1017 4197 populum
1038 4125 1125 4177 voce
1146 4125 1259 4196 rugae.

180 4225 319 4318 Neque
344 4225 516 4298 errtcmin
550 4246 587 4297 rc
620 4224 765 4300 summis
791 4223 858 4298 illis
885 4225 970 4298 viris
997 4227 1111 4312 codas,
1140 4249 1260 4301 eorum
