3024 4802
371 419 464 468 urusn
487 417 954 470 consentiemus-nursicus
977 421 1050 469 xrrr.
1194 409 1251 468 503

170 581 240 654 qus
261 557 341 632 ideo
362 559 464 632 venia
484 558 640 654 qualibet
656 569 711 631 est
732 558 914 651 indignus,
932 559 1015 652 quia
1034 561 1155 632 volens
1174 583 1253 655 peo-

171 693 237 757 cat.
259 683 335 756 Non
354 693 504 778 possunt
528 703 613 756 sano
632 703 755 755 omnes
777 681 963 756 Cicerones
987 705 1068 756 csse
1094 687 1152 756 vel
1175 685 1251 758 Pla-

171 821 288 894 tones,
325 829 395 879 non
432 806 568 899 Virgilii
604 809 661 879 vel
696 806 860 890 Homeri;
897 805 980 878 boni
1015 829 1096 880 esse
1134 819 1251 880 autern

170 939 320 1026 possunt
344 951 480 1017 omues,
503 931 572 1004 nisi
592 933 653 1024 qui
673 933 805 1002 nolunt.
832 929 876 1000 Et
902 940 1019 1004 arator
1038 951 1179 1026 quoquo
1201 933 1252 1025 pi-

170 1065 358 1148 soatorquo
375 1063 410 1124 et
426 1062 554 1147 pastor,
571 1053 674 1127 modo
694 1052 750 1126 vir
768 1051 881 1126 honus
900 1053 962 1139 sit,
983 1075 1084 1126 suum
1096 1054 1252 1146 pretium

171 1174 323 1248 habebit.
358 1175 516 1268 Denique
547 1174 578 1246 si
609 1179 780 1250 alterutro
806 1178 851 1250 sit
876 1177 1078 1264 carendum,
1102 1187 1139 1249 ut
1166 1176 1253 1250 Tire-

171 1297 338 1371 mistoolis
363 1297 494 1371 dictum
520 1299 565 1372 de
590 1298 724 1373 divitiis
750 1299 795 1374 ad
821 1301 954 1374 litteras
984 1300 1136 1388 traham,
1162 1302 1254 1373 malo
1310 1297 1326 1308 *⁴

170 1418 285 1494 virum
307 1422 382 1496 sino
402 1422 543 1509 litteris,
565 1443 670 1518 quam
693 1425 827 1496 litteras
849 1425 924 1496 sine
946 1425 1034 1496 viro.
1056 1426 1150 1498 Vale.

568 1857 748 1922 nusronn
769 1857 862 1922 xvrn.
975 1935 977 1952 ι

192 2019 386 2092 rnnncts'uus
407 2041 576 2092 PETRARCA
597 2041 714 2092 lAGOBO
736 2041 851 2090 sonuli
868 2041 1098 2092 nuousrmsrtsr
1115 2044 1140 2091 S.
1159 2045 1186 2090 P.
1207 2045 1234 2091 ll.

278 2199 413 2260 Hortatur
426 2207 457 2258 ut
472 2201 617 2275 tyrannide
632 2201 821 2257 lirinensium
836 2219 866 2258 so
882 2204 1001 2272 abdicet,
1016 2207 1043 2258 et
1057 2219 1152 2276 pacem

394 2291 544 2348 conditioni
559 2305 616 2346 suae
630 2289 846 2363 respondentem
860 2291 1032 2364 proliteetur.

277 2534 377 2626 Saepe
411 2539 457 2613 te,
480 2532 599 2614 irater,
621 2525 785 2600 admonui
818 2537 858 2601 ut
883 2537 994 2601 status
1020 2539 1056 2600 et
1078 2527 1181 2601 officii
1207 2529 1255 2600 tui

173 2677 308 2728 memor
327 2653 403 2749 paci
420 2673 561 2748 operam
585 2651 703 2737 dares,
719 2673 790 2745 que
804 2651 951 2736 sublata,
967 2651 1052 2745 quid
1072 2652 1167 2724 aliud
1183 2653 1256 2723 vita

178 2779 358 2851 hominum
375 2797 480 2871 quam
501 2795 597 2848 mors
617 2779 692 2848 esti
711 2777 782 2847 Seu
802 2774 887 2870 quid
907 2776 1060 2848 mundus
1080 2776 1136 2848 hic
1162 2774 1256 2848 aliud

173 2923 280 2996 quem
311 2900 469 2974 laborum
492 2898 738 2974 immortalium
765 2919 806 2972 ao
829 2899 1068 2972 discriminum
1101 2898 1257 2972 officina?

174 3026 300 3096 Preces
319 3033 513 3118 quoquest
533 3021 792 3096 obsecrationes
809 3023 984 3096 immiscui
1001 3033 1055 3110 ut,
1071 3024 1102 3096 si
1120 3033 1151 3096 te
1168 3024 1256 3096 ratio

175 3169 244 3220 nou
277 3146 462 3230 movisset,
497 3146 598 3218 amici
630 3147 756 3220 caritas
785 3153 954 3222 moveret.
987 3147 1093 3220 Oravi
1125 3168 1256 3242 perque

175 3289 298 3342 omnes
319 3278 353 3341 te
372 3267 546 3340 coelicolas
571 3266 747 3352 adiuravi,
774 3279 879 3361 atque
904 3271 939 3340 in
964 3271 1086 3364 primis
1112 3291 1175 3364 per
1200 3291 1257 3342 sa-

175 3413 273 3466 crum
294 3399 331 3464 et
348 3386 551 3462 venerabile
567 3388 754 3480 Augustini
775 3387 875 3461 ducis
900 3389 950 3463 tui
975 3411 1113 3476 nomen,
1140 3394 1197 3464 cui
1222 3403 1257 3464 ct

175 3533 243 3606 ego
261 3513 424 3608 quemvis
442 3520 604 3608 peccator
624 3513 658 3582 in
684 3511 808 3606 spiritu
834 3533 912 3584 meo
937 3513 1068 3598 servio,
1095 3524 1132 3585 et
1155 3512 1256 3586 cuius

175 3659 277 3730 opem
298 3635 393 3732 opud
410 3635 582 3709 Christum
598 3655 713 3730 spero,
730 3643 767 3706 ut
784 3634 971 3730 aliquando
992 3635 1113 3732 sopitis
1129 3645 1191 3710 aut
1208 3639 1256 3710 le-

176 3762 258 3833 nitis
279 3761 438 3835 odiorum
460 3757 608 3831 flammis
628 3768 664 3830 et
688 3779 889 3852 compresso
915 3768 1049 3832 tumore
1082 3759 1256 3853 superbiae

176 3884 236 3979 qui
258 3886 447 3958 amicorum
472 3884 591 3956 oculos
616 3891 721 3977 atque
752 3882 856 3954 aures
883 3881 1079 3956 sanioribus
1104 3882 1256 3956 consiliis

176 4006 414 4092 obstruxerat,
442 4005 527 4080 illud
550 4027 697 4078 acumen
728 4005 856 4096 ingenii
885 4007 934 4079 tui
964 4017 1000 4078 et
1026 4004 1256 4101 eloquentiam

176 4130 315 4205 coelitus
338 4131 453 4204 datam
481 4128 556 4214 tibi,
579 4151 683 4223 quam
705 4129 881 4203 irritandis
901 4130 1026 4202 animis
1046 4139 1185 4204 tuorum
1210 4128 1258 4200 ci·

176 4248 274 4324 vium
298 4247 344 4344 (in
361 4247 464 4340 quod,
484 4269 567 4342 pace
585 4257 643 4320 tua
660 4246 823 4334 dixerim,
842 4247 1071 4343 plausibiliter
1087 4249 1257 4322 haetenus
