3002 4794
424 340 517 388 nmen
537 338 899 391 oremus-neretum
920 340 962 388 ιιι.
1196 328 1230 388 ll

143 475 303 548 tenebris
317 473 444 546 eduxit
456 473 634 568 repentina
648 473 837 546 mutatione
846 473 994 548 dextera
1002 473 1235 566 Excelsi.ligo

144 599 280 671 sensim
304 596 494 689 multisque
510 595 686 669 laboribus
712 615 877 687 assurgo,
899 595 1003 668 credo
1029 605 1068 670 ut
1093 595 1236 688 intelligi

143 724 265 806 detur,
285 721 420 792 nullum
440 717 497 790 hic
514 718 759 792 adminiculum
774 718 981 802 litterarum,
1001 721 1131 790 nullum
1146 739 1236 811 opus

146 844 291 936 ingenii,
317 841 381 914 sed
402 850 512 914 totum
533 841 594 912 Dei
611 861 741 914 munus
758 861 854 926 esse,
876 840 936 933 qui
957 844 1045 912 sorte
1065 839 1150 912 milri
1163 862 1237 912 ma·

148 990 232 1038 num
254 963 423 1058 porriget,
443 961 709 1036 imbecillitatem
730 985 844 1038 meam
870 963 1020 1055 ingenue
1046 961 1235 1036 confitenti.

150 1089 187 1161 ld
209 1109 299 1158 sane
321 1087 351 1156 si
369 1086 455 1157 ratio
475 1105 545 1158 non
565 1084 792 1180 persuaserit,
816 1071 1112 1176 senectus'ooget,
1131 1063 1263 1186 quam*v

151 1211 265 1301 magis
283 1207 467 1300 magisque
487 1207 523 1277 in
543 1207 620 1280 dies
637 1207 831 1280 adveniam
851 1217 887 1280 et
907 1205 975 1280 iam
998 1205 1127 1278 finibus
1149 1209 1236 1280 meis

152 1329 358 1422 obequitare
380 1329 502 1412 sentio.
524 1329 616 1414 Quid
636 1329 680 1402 de
700 1331 827 1404 calceis
848 1333 993 1424 loquar?
1009 1331 1128 1417 Pedes,
1147 1353 1239 1426 quos

155 1465 338 1546 protegere
350 1451 567 1536 videbantur,
579 1475 683 1544 quam
699 1454 798 1544 gravi
811 1463 847 1526 et
859 1475 962 1546 quam
974 1454 1139 1526 continuo
1149 1455 1238 1526 belle

154 1576 376 1669 premebant!
410 1576 521 1659 Meos,
556 1577 680 1660 fateor,
715 1577 854 1648 inutiles
890 1576 1139 1662 reddidissent,
1169 1575 1238 1648 nisi

154 1699 325 1771 extremis
341 1696 611 1770 necessitatibus
632 1697 840 1784 admonitus,
862 1699 1039 1772 offendere
1060 1700 1238 1794 paululum

156 1823 301 1894 aliorum
320 1821 464 1906 lumina,
484 1841 589 1912 quam
608 1841 738 1894 nervos
758 1831 794 1892 et
813 1822 976 1896 articulos
998 1843 1095 1896 meos
1121 1831 1240 1896 oonte-

157 1966 233 2016 rere
253 1942 470 2036 maluissem.
494 1942 586 2028 Quid
611 1942 655 2014 de
681 1944 888 2018 calamistris
918 1955 954 2015 et
981 1967 1093 2018 comae
1124 1945 1240 2020 studio

156 2067 329 2138 dixerim?
347 2063 510 2158 quotiens
528 2085 705 2149 somnum,
727 2087 833 2157 quem
854 2065 952 2140 labor
971 2068 1028 2138 ille
1040 2068 1239 2150 distulerat,

106 2211 109 2216 ¹
157 2186 252 2259 labor
270 2187 327 2258 ille
339 2185 501 2280 abrupit?
512 2184 593 2278 quis
606 2186 770 2277 piraticus
791 2195 898 2260 tortor
914 2186 1089 2259 crudelius
1103 2196 1241 2266 ,arctes-

159 2319 221 2395 set,
248 2331 354 2402 quam
381 2307 529 2402 propr-iis
561 2307 627 2400 ipsi
668 2307 828 2388 manibus
867 2307 1113 2381 arctabamur?
1151 2329 1242 2400 quos

158 2452 260 2502 mane
293 2439 482 2502 nocturnos
516 2430 633 2502 sulcos
671 2428 707 2500 in
739 2430 878 2524 speculo
910 2427 1064 2503 vidimus
1104 2429 1242 2502 rubenti

159 2551 270 2622 fronte
293 2560 524 2636 transversos,
538 2551 650 2644 utqui
662 2551 824 2644 capillum
838 2559 1014 2627 ostentare
1027 2552 1241 2640 volebamus,

159 2673 283 2745 faciem
305 2682 424 2764 tegere
443 2677 676 2765 cogeremur?
696 2674 816 2751 Dulcia
838 2675 1009 2749 suntbaec
1023 2675 1241 2766 patientibus,

160 2795 275 2888 passis
301 2797 358 2866 vel
384 2807 577 2870 memoratu
610 2795 765 2882 horrida,
793 2795 1008 2871 incredibilia
1039 2797 1243 2892 inexpertis.

161 2920 338 3004 Quantum
366 2939 453 2989 uero
483 2929 516 2990 te
548 2940 640 2990 nunc
670 2919 728 2990 illa
765 2919 940 3013 praeterita
977 2931 1242 3005 memorantem,

161 3019 349 3133 prmsentia
368 3037 436 3112 ista
455 3039 644 3112 delectant!
668 3041 806 3114 calceus
827 3041 931 3115 laxus
951 3041 1051 3134 pedis
1072 3065 1142 3116 non
1168 3042 1246 3115 viu-

160 3164 291 3247 cnlum,
314 3161 379 3234 sed
399 3161 593 3245 munimem
611 3182 709 3234 coma
729 3163 797 3234 alte
815 3170 982 3246 resecata,
996 3171 1032 3234 et
1044 3164 1244 3256 capillorum

13 3283 14 3290 ’
94 3345 100 3364 ,
162 3303 262 3378 sepes
279 3303 349 3354 non
363 3281 431 3354 iem
449 3281 594 3356 auribus
614 3283 810 3377 importuna
830 3284 1037 3368 nec-oculis;
1060 3294 1141 3379 toga
1163 3287 1246 3361 sim·

162 3405 290 3497 plicior,
310 3401 510 3496 etquaesitu
525 3411 561 3477 et
581 3401 739 3478 custodia
758 3403 881 3487 facilis,
903 3425 967 3476 nec
983 3427 1133 3496 egressu
1150 3407 1246 3480 labo

161 3527 287 3599 riosior
300 3547 404 3618 quam
417 3526 588 3617 ingressu,
605 3533 745 3618 tamque
757 3526 911 3598 animum
925 3526 1115 3603 abiusauia
1128 3529 1247 3603 delen·
1373 3581 1375 3584 -

162 3648 267 3733 dene,
286 3668 392 3740 quam
412 3668 539 3738 corpus
560 3646 714 3723 defendit
734 3669 756 3718 a
775 3646 913 3739 frigore.
928 3650 956 3718 Ο
974 3658 1007 3722 te
1019 3648 1170 3721 salicem!
1186 3650 1247 3740 qui

165 3781 202 3842 ut
222 3771 301 3843 haec
321 3768 457 3842 dulcius
477 3780 653 3863 saperent,
675 3771 752 3845 illas
777 3771 1025 3845 amaritudines
1052 3779 1247 3861 praegusta·

165 3892 219 3962 sti.
233 3894 290 3976 lit,
307 3901 345 3962 ut
358 3891 436 3964 haec
449 3891 581 3967 leviora
597 3902 816 3986 praeteream,
836 3893 1019 3966 recordare
1036 3891 1157 3976 etiam,
1177 3914 1247 3987 quo

166 4013 358 4106 promptius
371 4036 391 4088 e
406 4023 500 4090 tanta
513 4014 681 4110 charybdi
693 4015 863 4090 liberatus
880 4013 1005 4104 dignas
1024 4015 1095 4092 Deo
1115 4013 1246 4107 gratias

167 4158 266 4246 agas,
287 4148 419 4231 quanta
439 4136 538 4210 nobis
558 4139 672 4219 suerat
690 4159 788 4222 cura,
810 4145 1019 4229 quantaeque
1041 4137 1184 4230 vigilie,
1211 4147 1248 4210 ut
