2988 4800
409 351 500 400 111111
522 351 934 406 monadicus-unsrun
957 357 996 405 vr.
1192 349 1249 410 183

588 629 766 695 urlsrocl
788 631 831 696 Vl.

208 825 409 874 rnlnctscus
430 824 600 873 PETRARCA
622 825 766 873 PHILIPPO
786 825 938 875 briscono
960 827 1191 878 elvlttlcnnsu
1291 823 1294 832 ¹

643 923 669 972 S.
693 925 720 972 P.
743 925 773 972 b.

236 1116 374 1182 Queritur
387 1117 438 1173 sibi
453 1118 487 1172 de
501 1119 561 1175 eius
574 1119 603 1173 in
617 1119 716 1174 urbem
730 1118 944 1176 Cavallicensem
958 1119 1078 1176 adventu
1094 1121 1163 1176 nihil

550 1209 635 1264 luisse
650 1209 854 1264 renunciatum.

256 1468 296 1537 ln
315 1467 478 1540 Helicona
492 1478 648 1540 nostrum
670 1467 932 1563 {transalpinum
950 1469 1009 1562 qui
1031 1474 1145 1545 estad
1165 1477 1240 1546 lon-

155 1602 222 1661 tem
248 1591 397 1682 Sorgiae‚
414 1593 481 1663 iam
494 1591 756 1664 senescentibus
774 1592 884 1664 musis
900 1613 1006 1678 sacer,
1022 1593 1153 1679 venire,
1172 1595 1239 1668 ibi-

152 1735 219 1806 que
238 1736 303 1808 ,me
324 1713 400 1785 sina
419 1714 573 1807 quinque
593 1713 669 1788 dies
690 1735 796 1806 agere
816 1713 980 1808 potuisti?
999 1717 1069 1788 Nec
1089 1718 1183 1790 venit
1204 1718 1238 1790 in

151 1845 322 1921 mentem,
342 1847 438 1930 pater
452 1836 704 1944 amantissime,
720 1836 803 1910 dum
817 1859 884 1930 ego
901 1839 1037 1924 absum,
1053 1843 1110 1910 vol
1128 1863 1237 1916 arnoe·

150 2085 254 2168 citur,
276 2084 404 2156 deesse
424 2083 555 2178 aliquid
571 2084 666 2177 quod
691 2085 843 2179 suppleri
867 2085 1025 2158 facillime
1050 2089 1233 2180 potuisset,

149 2231 227 2279 cnm
247 2228 365 2278 essem
383 2206 471 2279 adeo
491 2205 707 2302 propinquus
726 2216 765 2278 ut
780 2227 881 2302 paene
899 2207 992 2280 vivis
1012 2229 1153 2300 possem
1172 2231 1235 2282 vo-

150 2331 253 2404 cibus
280 2329 449 2401 excitari‘?
473 2329 565 2414 Quid
589 2329 694 2421 igitur
721 2329 770 2400 rei
795 2333 874 2400 est‘?
907 2328 960 2400 An
986 2329 1075 2401 inter
1101 2339 1150 2402 tot
1170 2353 1232 2402 cu-

151 2475 270 2525 rarum
291 2461 414 2536 aestus,
437 2452 545 2525 breve
565 2449 648 2524 mihi
669 2451 761 2524 ruris
786 2451 836 2524 tui
862 2453 1078 2545 refrigerium
1106 2454 1233 2526 invidi-

150 2577 217 2646 sti?
240 2575 311 2646 Sed
341 2577 408 2647 tale
440 2574 570 2669 aliquid
599 2575 769 2671 suspicari
795 2575 955 2669 prohibet
976 2579 1237 2672 spectatissima

148 2701 262 2772 virtus
285 2709 353 2770 tua.
376 2696 428 2768 An
449 2698 629 2790 indignum
648 2699 840 2770 censuisti?
859 2700 928 2771 Sed
949 2699 983 2770 id
1004 2723 1102 2772 amor
1121 2703 1231 2774 notis·
1333 2747 1346 2770 .

149 2823 259 2894 simus
287 2829 383 2894 vetat
406 2821 515 2906 credi,
541 2824 794 2916 vulgatumque
818 2822 862 2894 do
887 2845 943 2893 me
965 2832 1074 2907 11111111,
1097 2825 1228 2896 utinam

149 2956 216 3016 tam
240 2968 363 3017 verum
384 2968 488 3040 quam
512 2945 594 3016 mite
618 2943 783 3017 iudicium
809 2956 844 3016 et
868 2944 1064 3038 indulgens.
1090 2944 1145 3020 Α11
1172 2971 1227 3020 me

148 3080 312 3142 vocatum
333 3069 453 3162 venire¹
479 3071 569 3140 nolle
595 3067 795 3142 credidisti?
815 3068 884 3140 Sed
909 3070 1061 3162 quando,
1089 3093 1224 3164 quaeso,

147 3194 236 3268 hanc
255 3192 431 3288 superbiae
448 3191 680 3287 suspicionem
694 3191 828 3264 merui?
844 3191 899 3264 An
912 3215 997 3265 vero
1010 3193 1119 3266 labori
1132 3218 1222 3281 mec,

148 3339 189 3388 an
216 3315 501 3409 occupationibus
535 3315 743 3410 pepercisti?
768 3315 868 3401 Quod
894 3316 924 3388 si
954 3316 1000 3390 ita
1031 3327 1097 3401 est,
1121 3319 1224 3390 nimis
1276 3329 1278 3334 ’

147 3461 201 3511 me
235 3459 380 3532 segnem
414 3447 474 3511 aut
507 3438 653 3511 terrenis
683 3459 785 3533 aequo
818 3437 973 3512 tenacius
994 3437 1222 3512 inhaerentem

147 3564 312 3636 estimas.
334 3564 422 3634 Pace
449 3562 492 3634 sit
517 3562 647 3635 dictum
674 3575 754 3636 tua:
781 3581 1000 3657 quocumque
1025 3583 1081 3632 me
1106 3572 1218 3647 verto,
1322 3577 1325 3584 '

149 3687 265 3759 nescio
285 3685 370 3780 quid
390 3685 540 3757 occurrit
560 3685 653 3782 quod
673 3708 728 3757 me
749 3683 869 3756 mirari
888 3693 990 3776 cogat
1015 3683 1081 3756 hoc
1106 3685 1220 3758 cousi-

145 3811 224 3882 lium
247 3820 357 3882 tuum.
380 3811 429 3880 De
456 3819 488 3880 11
513 3831 599 3903 ergo
619 3810 711 3905 apud
737 3820 770 3882 te
795 3810 910 3902 ipsum
936 3831 1123 3904 quererer,
1151 3809 1219 3882 nisi

144 3933 301 4006 iniuriam
322 3932 406 4003 mihi
426 3932 553 4004 illatam
575 3931 610 4002 in
630 3932 751 4004 libellis
773 3931 901 4004 nostris
920 3931 979 4025 qni
1000 3932 1047 4003 ibi
1068 3941 1157 4018 111111,
1181 3943 1219 4005 ut

144 4055 263 4129 litterae
284 4065 354 4129 tuae
375 4065 552 4142 testantur,
573 4054 791 4148 praedulciter
808 4054 1050 4142 emendasscS,
1073 4055 1217 4150 quibus-

144 4198 219 4248 cum
240 4176 335 4249 luisti
355 4175 480 4248 diebus
502 4187 536 4248 et
557 4176 714 4248 noctibus
742 4185 811 4249 tam
837 4175 1059 4249 familiariter.
1082 4177 1119 4250 ld
1142 4188 1215 4250 stu-
