2988 4800
368 383 371 388 ·
411 372 504 421 trena
525 372 715 421 annuemus
729 391 761 402 -
778 371 931 420 nrrsronr
953 371 1014 419 xvr.
1179 359 1235 420 llll

171 512 300 591 fensuS,
322 507 434 579 solitae
454 507 590 600 pietatis
608 509 726 582 oculos
744 481 922 578 avertisti?
939 506 1105 578 Miserere
1124 507 1201 590 iam,
1219 515 1254 577 et

170 629 256 702 tanti
274 633 430 702 maculas
447 629 611 720 absterge
627 629 820 701 dedecoris.
836 629 955 700 Hucne
974 629 1080 720 igitur
1100 630 1255 702 vivendo

170 753 379 838 decidimus
402 753 458 823 hic
484 763 559 824 erat
591 774 827 824 rerumrerum
852 751 1036 834 terminus,
1062 761 1100 823 ut
1132 750 1167 820 in
1191 775 1255 844 pu-

141 866 144 871 *
170 879 272 962 blico,
297 881 355 950 vel
381 879 476 972 quod
501 877 640 973 publico
656 877 778 974 maius
805 887 871 958 est,
900 897 1017 946 coram
1039 874 1169 946 Christi
1194 876 1254 944 Vi-

171 1004 264 1075 cario
286 1014 322 1074 et
341 1024 459 1074 coram
480 1000 724 1094 Apostolorum
747 998 1010 1072 successoribus
1026 1009 1250 1091 quaereretur,

172 1126 318 1198 liceatne
347 1148 526 1198 romanum
549 1125 663 1195 civem
695 1123 730 1193 in
758 1137 918 1194 senatum
948 1122 1041 1212 eligi,
1076 1144 1155 1193 cum
1182 1132 1250 1192 tam

172 1251 231 1322 diu
254 1250 468 1341 alienigenas
489 1269 651 1339 regnare,
672 1255 708 1318 et
730 1255 780 1316 tot
801 1244 1004 1338 Tarquinios
1020 1245 1190 1337 superbos
1218 1243 1252 1315 in

172 1372 339 1468 Capitolio
359 1373 568 1444 videamus‘.l
592 1371 646 1440 En
672 1367 821 1464 quaestio
847 1368 1020 1460 adquam
1049 1367 1252 1438 solvendam

171 1505 322 1588 quatuor
354 1494 433 1566 coeli
461 1494 640 1565 cardinum
674 1493 773 1564 labor
802 1489 981 1583 invigilet!
1007 1491 1107 1562 Certe
1131 1513 1197 1582 ego
1223 1491 1252 1562 si

172 1618 349 1700 consular,
374 1616 587 1710 respondere
613 1637 682 1688 non
707 1615 879 1700 dubitem,
907 1635 1050 1686 romano
1076 1635 1172 1686 more
1200 1636 1253 1686 se-

172 1750 290 1812 natum
319 1760 500 1810 romanum
518 1737 656 1808 nonnisi
685 1760 732 1809 ex
756 1738 907 1810 romanis
926 1737 1062 1809 civibus
1080 1745 1250 1820 constare,

170 1876 203 1936 at
221 1875 391 1936 externos
412 1885 432 1933 a
453 1862 569 1932 limine
591 1863 839 1946 secludendos,
853 1883 921 1932 non
942 1872 1012 1932 lam
1037 1882 1126 1954 quos
1147 1860 1253 1930 mise-

172 1989 236 2058 rint
257 1987 447 2080 longinqua
469 1996 655 2071 terrarum,
680 1986 744 2058 sed
763 1985 904 2059 Latinos
921 1995 956 2057 et
973 1994 1112 2078 gentem
1134 1983 1253 2077 proxi-

171 2133 260 2181 mam
283 2119 319 2180 et
339 2111 538 2202 contiguam
564 2111 729 2181 Romanis
765 2118 800 2181 et
829 2129 927 2202 paene
952 2131 1029 2180 cum
1058 2108 1109 2178 eis
1144 2130 1250 2178 unum

170 2253 314 2325 corpus,
342 2255 453 2325 neque
475 2232 551 2304 illos
574 2235 686 2304 solum
713 2230 823 2302 verbo
855 2232 912 2300 vel
945 2231 1090 2313 calamo,
1115 2227 1192 2312 sed,
1222 2227 1250 2298 si

172 2353 246 2426 fieri
273 2355 401 2449 possit,
429 2356 533 2426 etiam
559 2355 675 2446 gladio
707 2352 950 2436 deterrendos3
981 2353 1147 2445 exemplo
1172 2349 1251 2423 Auli

170 2477 287 2549 Manlii
300 2478 471 2571 Torquati,
488 2479 556 2571 qui,
571 2501 651 2549 oum
665 2477 776 2550 Latini
790 2475 964 2570 quondam
979 2483 1136 2567 peterent
1150 2484 1188 2546 ut
1204 2497 1252 2546 ex

170 2603 220 2695 cis
238 2603 348 2672 altum
369 2601 607 2674 consiliumet
628 2611 770 2676 senatus
791 2623 873 2695 pars
892 2600 1036 2675 dimidia
1060 2602 1248 2692 legeretur,

171 2737 265 2797 tanta
286 2724 523 2816 indignatione
545 2737 721 2819 permotus
742 2735 810 2810 est,
839 2736 877 2796 ut
901 2725 1045 2808 iuraret,
1070 2745 1108 2794 se
1130 2724 1164 2792 in
1189 2745 1251 2794 cu-

170 2848 254 2919 riam
275 2846 427 2919 cinctum
448 2847 562 2939 gladio
583 2857 781 2934 venturum,
804 2857 851 2933 et,
875 2848 905 2919 si
925 2869 1028 2940 quem
1047 2847 1093 2917 ibi
1111 2845 1265 2928 Latino<

171 2996 246 3044 rum
265 2982 437 3057 cerneret,
458 2993 563 3042 manu
580 2973 717 3067 propria
734 2983 1003 3066 perempturum.
1023 2969 1181 3052 Quonam
1195 2967 1250 3039 ille

170 3094 284 3166 animo
307 3103 501 3187 spectasset
522 3097 686 3166 Senatum
708 3105 815 3166 totum
837 3116 857 3166 a
881 3094 993 3166 Rheni
1018 3093 1101 3187 ripis
1123 3094 1180 3163 vel
1205 3091 1251 3162 ab

171 3217 311 3289 Umbria
333 3219 538 3302 venientem,
553 3219 613 3311 qui
628 3220 736 3289 solam
751 3217 858 3312 partis
872 3217 1026 3289 dimidiae
1041 3214 1249 3288 mentionem

170 3354 239 3411 tam
260 3342 402 3434 indigne
422 3342 561 3436 pertulit
581 3365 601 3413 a
622 3341 777 3414 Latinis?

266 3464 386 3535 Nostri
406 3475 521 3536 autem
551 3465 736 3558 peregrini,
758 3489 802 3538 ne
824 3467 898 3537 sine
919 3489 1025 3537 causa
1058 3469 1171 3537 furere
1198 3465 1250 3534 vi-

170 3587 326 3671 deantur,
343 3586 433 3656 hanc
454 3588 611 3681 usurpati
631 3598 774 3660 senatus
792 3589 960 3660 rationem
980 3587 1136 3672 afferunt,
1156 3589 1250 3678 quod

170 3712 382 3802 potentiores
404 3719 486 3781 sunt
504 3711 548 3781 ad
565 3733 653 3783 onus
672 3713 757 3784 tanti
775 3713 876 3784 ollicii
892 3711 1147 3806 perferendum.
1163 3710 1250 3793 Quae

170 3834 236 3905 ista
259 3835 409 3927 potentia
427 3846 494 3919 est,
527 3857 705 3928 nunquam
726 3837 793 3907 nisi
814 3837 942 3906 damno
966 3832 1115 3906 civitatis
1133 3833 1253 3924 cogni-

171 3933 347 4030 ta‘fUnde
360 3967 492 4041 autem,
508 3962 824 4052 quantulacumque
845 3967 912 4043 est,
933 3958 1064 4028 nisiex
1083 3957 1253 4049 sanguine

174 4081 291 4173 populi
312 4090 347 4151 et
368 4080 568 4175 reipublicae
589 4082 737 4154 conflata
758 4081 978 4154 visceribus?
999 4084 1042 4154 Ut
1059 4103 1186 4174 magna
1204 4093 1255 4152 ta-

174 4225 251 4274 men
275 4202 319 4274 sit
340 4213 376 4274 et
393 4202 485 4274 iusta
504 4203 668 4298 potentia,
689 4205 772 4298 quid
791 4207 835 4279 ad
853 4209 950 4276 rem‘?
969 4208 1069 4278 Certe
1087 4205 1170 4278 dum
1188 4205 1252 4285 illa,
