3024 4802
388 367 482 416 ursus
502 363 753 416 nonusnuoruus.
766 364 970 415 -uemuouu
991 365 1022 412 u.
1189 354 1249 415 515

163 507 326 589 Mantua,
349 512 385 575 et
407 502 611 596 importunis
630 500 819 593 frigoribus
839 521 1023 594 oppressa,
1044 504 1250 598 nivosisque

161 627 308 721 Alpium
327 635 362 698 et
378 624 574 721 Appennini
592 624 684 715 iugis
704 623 851 696 obsessa
865 623 1017 716 Liguria.
1031 626 1248 719 Quamquam

162 770 326 845 praesens
347 770 459 821 annus
486 747 546 840 qui
571 747 726 818 novitate
756 746 810 816 sui
834 745 996 818 attonitos
1021 750 1125 820 etiam
1147 771 1250 822 sones

162 870 286 956 habet,
308 869 427 942 neseio
456 891 501 942 an
531 869 661 962 aliquid
681 889 800 941 causae
827 869 1022 942 secretioris
1048 870 1248 956 ostenderit,

61 1041 64 1049 ·
162 993 263 1088 quod
284 994 414 1066 scilicet
433 1017 454 1066 e
471 992 666 1066 Germauiae
684 991 811 1064 finibus
832 992 978 1064 venicus
995 1015 1110 1065 novus
1132 994 1250 1066 Caesar

163 1119 258 1190 coelo
276 1128 396 1189 nostro
418 1139 521 1190 suum
538 1119 625 1189 forte
645 1115 759 1207 frigus
778 1114 967 1200 invexerit,
983 1114 1082 1188 cuius
1104 1116 1134 1188 is
1156 1116 1251 1208 rigor

163 1249 236 1326 est,
271 1248 310 1310 ut
337 1239 433 1335 ipsos
466 1260 606 1334 quoque
632 1239 823 1310 Germanos
856 1238 892 1308 in
926 1247 1102 1330 stuporem
1137 1249 1248 1330 cogat.

164 1365 269 1436 Certe
292 1384 360 1455 ego
384 1363 514 1434 nudius
543 1361 665 1434 tertius
691 1361 856 1444 Mantuae,
878 1381 948 1454 quo
974 1358 1153 1453 adipsum
1176 1363 1251 1432 Cae-

165 1508 285 1560 sarem
312 1488 459 1557 multum
490 1495 633 1576 rogatus
654 1503 889 1568 accesseram,
911 1483 947 1555 iu
967 1483 1125 1556 familiari
1146 1486 1251 1556 collo·

165 1609 253 1702 quio
278 1628 348 1700 quo
377 1607 538 1702 princeps
559 1608 615 1678 ille
636 1605 860 1690 mitissimus,
890 1605 1009 1697 lingua
1033 1617 1069 1678 et
1095 1605 1251 1677 moribus

164 1754 240 1804 non
258 1730 371 1806 minus
386 1730 524 1802 Italicus
537 1752 640 1823 quam
655 1729 861 1813 Germanus,
882 1751 938 1801 me
958 1751 1136 1821 uunquam
1154 1738 1252 1800 ante·

165 1855 236 1927 hac
252 1865 482 1947 praeterquam
510 1852 544 1922 in
572 1851 697 1923 litteris
718 1850 849 1935 visum,
879 1871 974 1947 saepe
998 1850 1177 1942 dignatus
1201 1849 1252 1922 sic

165 1997 251 2047 eum
277 1974 447 2046 dicentem
470 1972 604 2056 audivi,
632 1975 695 2044 vix
717 1995 755 2044 se
776 1996 930 2066 unquam
962 1974 1030 2046 tale
1061 1973 1192 2066 aliquid
1216 1974 1251 2046 in

165 2073 355 2168 Germania
381 2095 546 2166 sensisse.
581 2094 644 2167 Cui
677 2117 744 2186 ego
776 2094 962 2189 respondi:
990 2099 1079 2166 forte
1114 2096 1251 2168 coelitus

167 2227 286 2291 actum
319 2237 470 2290 essene
503 2215 603 2288 miles
627 2215 822 2288 teutonicus
856 2216 1006 2288 subitam
1037 2216 1115 2287 coeli
1140 2225 1252 2288 muta-

169 2342 298 2412 tionem
321 2349 358 2412 et
377 2338 527 2412 italicam
553 2337 753 2433 temperiem
777 2337 993 2410 exhorreret.
1014 2337 1112 2410 Mitto
1136 2347 1250 2409 autem

167 2464 258 2534 haee.
279 2460 397 2532 Hiems
419 2460 587 2557 zephyris·
606 2461 722 2543 cedet,
744 2469 852 2533 aestas
878 2461 1113 2554 aquilonibus,
1136 2461 1252 2533 omnia

169 2583 350 2656 senectuti.
373 2583 498 2654 Veniet
518 2583 594 2655 dies
614 2603 696 2676 quae
715 2582 841 2654 diebus
861 2583 1023 2656 omnihus
1045 2595 1172 2656 metam
1190 2605 1253 2678 po-

170 2714 246 2790 nat,
273 2715 309 2776 et
334 2705 425 2778 hauc
458 2715 652 2800 temporum
678 2703 882 2776 varietatem
909 2703 1043 2776 stabilis
1070 2704 1253 2776 concludet

169 2825 359 2900 aeternitas.
389 2826 521 2898 Natura
554 2847 656 2898 suum
690 2846 794 2919 opus,
826 2835 984 2898 nostrum
1018 2827 1154 2898 iuterim
1188 2848 1251 2900 nos

170 2970 329 3041 agamus.
359 2948 530 3042 Equidem
553 2970 622 3020 nou
651 2969 706 3019 me
733 2950 812 3040 gelu
834 2948 1077 3042 quodcumque
1099 2947 1251 3042 Riphaeis

171 3071 349 3142 montibus
381 3073 621 3165 Maeotieisque
650 3071 835 3168 paludibus
861 3072 997 3144 adiacet
1026 3071 1251 3144 retardasset.

170 3195 280 3266 Multa
307 3190 461 3264 scribere
485 3193 681 3284 cupiebam,
705 3193 735 3266 si
759 3195 893 3266 litteras
921 3205 1000 3266 tuas
1029 3193 1065 3266 iu
1095 3203 1252 3287 tempore

172 3315 400 3409 recepissem
429 3315 493 3386 sed
524 3313 608 3386 dum
642 3315 708 3384 iste
731 3315 786 3384 vir
813 3317 929 3386 claros
960 3326 996 3385 et
1020 3314 1121 3386 uobis
1147 3336 1252 3386 carus

172 3438 286 3531 attigit
304 3434 554 3519 Mediolanum,
577 3434 735 3519 aberam,
762 3445 800 3506 ut
824 3435 909 3505 dixi.
936 3436 1011 3506 Huc
1031 3457 1197 3508 reversus
1217 3449 1253 3508 et

175 3572 253 3632 tuas
287 3557 527 3631 ornatissimas
565 3567 714 3651 quatuor
746 3555 911 3650 epistolas
944 3556 1072 3650 quibus
1111 3557 1252 3630 totidem

173 3685 275 3770 maie,
303 3703 382 3756 sero
406 3683 501 3765 licet,
524 3680 664 3753 abunde
689 3689 803 3752 tamen
829 3680 1042 3754 satisfactum
1067 3682 1191 3763 fateor,
1218 3689 1254 3751 et

174 3807 319 3878 latorem
333 3805 465 3878 ebitum
478 3804 701 3877 meditantem
719 3805 839 3899 reperi.
855 3806 1117 3898 Supervacuum
1136 3802 1251 3874 visum

174 3939 230 4001 est
249 3930 411 4000 inchoare
432 3926 527 4021 quod
543 3925 709 4020 perficere
730 3947 798 4000 nou
819 3936 904 4028 erat.
919 3928 1063 4020 Reliqua
1082 3925 1188 4017 igitur
1208 3923 1254 3996 ad

176 4073 278 4125 suum
300 4049 408 4136 diem,
431 4050 491 4144 qui
519 4049 653 4142 longior
677 4051 764 4123 lorte
789 4049 930 4122 dabitur
955 4060 1058 4143 atque
1086 4047 1255 4142 tranquil-

175 4174 249 4247 lior.
277 4175 315 4246 ln
336 4174 403 4246 hoe
423 4171 520 4244 brevi
537 4181 573 4246 et
592 4172 731 4246 turbido
748 4173 796 4244 nil
813 4172 909 4245 aliud
928 4173 1090 4260 dixerim,
1113 4174 1180 4244 nisi
1206 4173 1254 4243 uil
