3062 4798
274 335 334 394 lud
611 343 652 391 ou
672 343 774 391 naeus
795 340 1017 393 annumerans

275 484 334 567 sit,
360 481 454 573 quod
475 481 588 574 ipsum
610 501 750 571 quoque
776 480 877 549 venia
897 478 1041 570 dignum
1067 490 1162 562 erat;
1185 479 1242 551 hic
1266 502 1351 553 vero

275 617 345 677 tam
360 603 444 674 nibil
458 605 569 695 culpae
582 610 645 684 est,
661 612 700 671 ut
712 603 827 671 nullus
841 602 955 672 veniae
968 602 1063 672 locus
1076 600 1189 672 detur.
1205 601 1351 684 Quando

274 728 366 798 enim
388 726 525 818 ingenio
549 734 606 795 tuo
631 726 751 816 orique
772 745 879 794 aureo
905 724 1096 805 excideret,
1118 723 1212 816 quod
1233 728 1351 818 procul

274 847 380 920 dubio
399 849 428 918 si
447 851 502 917 vel
520 846 697 917 dormiens
717 845 908 938 loquereris
929 845 1155 916 adverteres?
1175 846 1282 917 Multa
1299 849 1351 918 lu-

274 981 371 1042 ratur
389 973 544 1042 calamus
565 979 600 1039 et
620 970 719 1061 plura
737 989 832 1060 saepe
852 967 987 1057 magnis
1004 966 1153 1058 ingeniis
1172 974 1207 1038 et
1224 989 1351 1058 magna

275 1089 511 1164 tractantibus.
534 1089 624 1160 Nihil
646 1088 785 1160 habenti
809 1089 854 1156 nil
875 1088 1040 1180 eripitur:
1062 1109 1268 1179 magnorum
1290 1089 1351 1161 do·

275 1215 357 1284 mini
378 1236 489 1308 parva
509 1211 637 1285 damna
658 1233 726 1280 non
749 1209 924 1292 sentiunt;

564 1357 709 1436 Pauperis
727 1363 772 1419 est
789 1371 954 1417 numerare
971 1369 1071 1432 pecus,

272 1492 382 1585 inquit
406 1493 509 1563 Naso.
542 1492 596 1560 Sic
621 1499 676 1561 est
704 1487 880 1580 ingenium
909 1486 1069 1580 locuples
1103 1487 1203 1580 quasi
1232 1487 1349 1559 divitis

272 1615 348 1685 beri
367 1615 507 1698 domuc,
531 1634 622 1706 quae,
646 1633 715 1704 quo
740 1608 928 1681 maioribus
950 1617 1050 1680 aucta
1072 1609 1191 1693 lucriS,
1215 1631 1257 1680 eo
1278 1632 1348 1682 ma-

272 1737 326 1826 gis
348 1734 533 1805 servilibus
557 1734 658 1804 lurtis
685 1731 837 1802 obnoxia
863 1741 928 1802 est.
956 1731 1007 1801 Tu
1028 1752 1113 1822 ergo
1130 1731 1281 1822 polluari
1298 1731 1349 1802 di-

270 1877 350 1926 cere
375 1855 532 1940 voluisti,
555 1867 590 1926 et
620 1856 771 1947 profecto
801 1853 938 1924 dixisti:
964 1855 1118 1924 calamus
1144 1851 1216 1942 iugi
1244 1873 1349 1946 opere

269 1978 435 2068 fatigatus
454 1977 628 2068 geminam
647 1975 1090 2066 subticuitconsonantem.
1108 1975 1215 2044 Parce
1237 1975 1349 2070 suspi-

160 2093 164 2102 ’
271 2099 451 2183 cionihus;
477 2099 544 2170 iam
574 2097 682 2169 maior
708 2119 746 2168 es
767 2119 872 2189 quam
897 2095 957 2188 qui
991 2098 1047 2166 vel
1080 2094 1347 2167 obtrectatorum

270 2220 398 2293 iudicio
419 2222 452 2292 in
470 2221 596 2292 talibus
615 2242 677 2314 per
693 2220 923 2311 ignorantiam
938 2219 1005 2290 labi
1024 2220 1150 2314 possis.
1170 2218 1237 2290 Sed
1256 2217 1343 2302 vide,

269 2365 339 2426 oro,
358 2343 471 2434 cogita
489 2353 524 2413 et
541 2341 681 2414 intende
699 2341 833 2426 acriter,
854 2361 922 2410 non
940 2350 1072 2410 tantum
1091 2341 1169 2411 stilo
1185 2362 1230 2412 ne
1247 2340 1345 2425 obsit,

271 2464 467 2535 sedecimo
489 2463 592 2534 etiam
616 2472 652 2533 ut
677 2462 786 2555 prosit
810 2483 908 2532 error
932 2462 1064 2532 calami.
1091 2459 1193 2545 Vide,
1222 2461 1344 2545 amice,

260 2591 399 2677 'quanto
423 2584 524 2656 nobis
550 2583 725 2670 omnibuS,
754 2584 812 2676 qui
839 2586 1019 2676 pulverem
1050 2585 1212 2676 palestrae
1244 2584 1345 2654 buius

269 2707 483 2798 attingimus,
512 2707 621 2778 maior
646 2706 691 2777 sit
716 2703 923 2796 eloquentiae
940 2725 1032 2774 cura
1056 2725 1161 2795 quam
1186 2703 1285 2788 vitae,
1312 2713 1347 2775 et

269 2829 443 2921 antiquius
464 2829 566 2898 samae
588 2826 740 2898 studium
767 2813 871 2917 quam
897 2826 1047 2896 virtutis.
1074 2826 1223 2911 Quanta,
1251 2847 1346 2918 quae·

269 2969 317 3032 sc,
344 2948 522 3037 vigilantia
548 2969 729 3031 cavemuS,
757 2948 886 3040 nequid
912 2947 946 3018 in
978 2965 1136 3018 sermone
1166 2947 1345 3019 sordidum

269 3071 479 3139 incultumve
507 3069 552 3140 sit
579 3092 658 3140 eum
690 3069 773 3140 vitae
804 3070 941 3141 interim
973 3069 1204 3161 negligentes
1240 3069 1346 3139 mulla

267 3190 314 3260 ibi
341 3188 511 3281 squallida
536 3213 680 3286 prorsus
712 3201 746 3262 et
779 3192 953 3264 horrentia
984 3193 1262 3263 contemnamus!
1295 3191 1344 3262 lta

268 3332 455 3402 paucorum
504 3314 734 3386 humanorum
781 3313 1036 3386 servantissimi
1082 3313 1200 3384 divina
1248 3314 1345 3385 iussa

267 3432 551 3524 transgredimur,
572 3437 713 3527 quando
739 3443 777 3507 ut
802 3435 890 3506 bene
916 3433 1078 3506 vivamus
1103 3437 1162 3504 lex
1187 3433 1345 3505 immobi-

266 3556 308 3626 lis
334 3554 395 3625 Dei
425 3565 487 3638 est,
521 3567 559 3627 ut
590 3579 658 3627 non
689 3558 738 3626 sic
769 3566 829 3628 aut
860 3555 910 3626 sic
940 3557 1124 3648 loquamur
1153 3555 1343 3626 humanum

266 3677 428 3768 placitum
467 3687 571 3770 atque
608 3689 830 3760 conventum,
858 3675 1049 3769 quotidiani
1078 3697 1171 3772 ususv
1198 3674 1344 3768 imperio

207 3870 209 3874 .
266 3806 396 3869 motum
420 3817 514 3891 saepe
535 3798 832 3890 movendumque3
855 3820 946 3882 cum,
969 3807 1008 3867 ut
1028 3799 1075 3869 ait
1094 3799 1250 3882 FlaccuS,

782 3933 885 4012 lingua
902 3933 1022 3997 Catonis
1039 3941 1068 3997 et
1084 3935 1161 3999 Enni

463 4030 644 4095 Sermonem
659 4032 794 4110 patrium
811 4033 953 4108 ditaverit
969 4039 999 4098 et
1016 4047 1096 4098 nova
1112 4047 1218 4097 rerum

462 4127 590 4192 Nomina
606 4130 782 4208 protulerit,
