2958 4804
345 383 439 431 trnnn
460 383 968 442 outnrusnncruus.-nr1srotr
989 387 1029 438 tr.
1168 377 1223 438 att

133 514 238 587 neris
258 537 406 587 avarum
425 517 527 600 vidit,
546 519 700 610 quicum
720 521 821 592 dives
841 543 923 592 csse
944 535 1075 617 posset,
1095 545 1227 618 pauper

132 661 224 710 esse
245 639 432 710 maluerit?
452 640 557 732 Atqui
576 664 704 734 cupere
724 653 759 712 et
782 664 947 736 spernere
964 645 1115 716 adversa
1134 655 1225 717 sunt.

134 761 212 832 Sed
234 761 367 832 invidia
387 763 469 833 caeci
490 764 661 834 contraria
683 763 775 857 loqui
799 787 922 836 senon
942 767 1074 850 vidant,
1094 778 1129 838 et
1144 791 1226 840 con-

134 891 349 975 temptorem
372 883 525 954 vocitare
548 885 651 969 soliti,
670 885 832 978 quotiens
855 887 960 958 libido
982 886 1150 960 labiorum
1175 899 1228 960 tu-

135 1004 191 1090 lit,
214 1026 364 1077 avarum
385 1005 515 1078 dicunt.
537 1007 628 1092 Quid
647 1008 789 1082 admei
809 1010 927 1082 dicant
945 1013 1003 1081 vel
1024 1011 1150 1095 iurem,
1170 1013 1227 1082 rel

138 1141 333 1221 raptorem,
360 1132 417 1201 val
443 1141 730 1203 testamentorum
760 1142 988 1225 captatorem,
1015 1156 1082 1206 non
1115 1135 1227 1225 magis

138 1249 223 1344 ideo
258 1249 336 1322 talis
370 1249 465 1337 tiam,
502 1274 607 1344 quam
633 1252 699 1346 ipsi
726 1254 819 1336 iusti,
851 1256 1075 1346 magnanimi,
1104 1255 1226 1340 sobrii,

138 1374 337 1466 prudentes
359 1371 456 1459 fient,
481 1375 509 1446 si
531 1397 598 1465 ego
617 1375 651 1446 id
672 1376 717 1447 de
741 1375 793 1447 eis
819 1377 934 1448 dicere
962 1377 1133 1450 voluerim
1159 1401 1227 1450 non

139 1495 270 1568 minori
291 1497 443 1589 quidem,
469 1497 531 1568 sed
552 1496 742 1569 honestiori
765 1500 955 1572 mendacio.
980 1501 1088 1572 Vetus
1105 1499 1171 1570 ista
1188 1501 1230 1568 li-

140 1617 258 1689 centia
290 1617 505 1690 obtrectandi
539 1619 581 1690 iis
614 1641 702 1712 quos
731 1619 834 1694 modo
862 1622 1096 1693 laudaverint:
1125 1631 1227 1693 vetus

141 1739 219 1810 haec
237 1738 463 1832 impudentia,
481 1751 582 1812 vetus
600 1741 818 1814 incuriositas
833 1742 1037 1828 mentiendi,
1052 1766 1094 1816 eo
1111 1745 1229 1816 forsan

141 1861 380 1934 excusabilior
400 1864 507 1957 quod,
530 1865 675 1936 canibus
696 1887 835 1958 quoque
857 1888 932 1938 mos
954 1877 1023 1950 est,
1042 1866 1170 1960 quibus
1192 1867 1228 1936 hi

143 1984 308 2054 simillimi
330 1984 404 2056 ficri
427 1987 580 2072 student,
604 1987 752 2080 qualiter
778 1989 902 2059 latrent
931 2011 992 2060 seu
1020 2012 1126 2082 quam
1153 1990 1229 2060 uni-

142 2106 299 2177 formiter
319 2129 387 2178 non
408 2131 542 2179 curare.
570 2109 644 2180 Nisi
669 2112 754 2180 lorte
784 2110 840 2180 illa
869 2109 992 2181 iustior
1019 2110 1228 2182 insimulatio

143 2227 210 2299 dici
233 2239 363 2322 potest,
387 2229 495 2322 quod,
520 2253 598 2302 cum
619 2231 690 2303 duo
716 2230 785 2302 sint
809 2231 967 2302 avaritiae
987 2233 1100 2324 capita
1125 2243 1160 2300 et
1185 2231 1229 2304 sit

143 2353 291 2422 alterum
322 2353 507 2425 immodico
540 2352 706 2448 appetitu,
743 2355 889 2423 alterum
916 2352 1020 2423 nimia
1048 2351 1228 2424 tenacitate

144 2474 356 2561 damnabile,
379 2497 446 2546 non
471 2476 572 2571 primi
599 2497 741 2568 arguor,
769 2476 832 2548 sed
859 2475 1018 2560 secundi,
1040 2474 1141 2567 quasi
1167 2497 1229 2546 vo-

147 2597 303 2687 raginem
336 2599 516 2670 curialium
551 2597 787 2692 impensarum
815 2600 872 2670 vel
898 2600 988 2669 ierne
1008 2620 1077 2668 non
1098 2596 1226 2681 ausim,

144 2720 200 2790 vel
226 2740 297 2789 non
324 2719 475 2813 possim:
497 2743 645 2813 quorum
672 2723 844 2804 ultimum,
872 2720 940 2790 etsi
969 2742 1091 2792 verum
1118 2731 1226 2803 esset,

44 2895 48 2902 .
144 2864 213 2913 non
240 2841 344 2911 animi
373 2841 435 2912 sed
461 2845 608 2913 fortunae
634 2843 764 2914 crimen
797 2852 905 2938 esset.
939 2842 970 2910 Α
1002 2840 1104 2935 primi
1136 2851 1228 2912 certe

146 2963 343 3056 suspicione
364 2986 417 3036 ma
435 2963 558 3036 liberat
574 2965 768 3058 patrimonii
782 2965 850 3036 mei
866 2965 1007 3048 modus,
1023 2988 1091 3036 non
1104 2973 1228 3035 auctus

145 3093 315 3180 tempore,
340 3086 402 3157 scd
428 3087 542 3180 potius
566 3086 784 3172 imminutuS,
809 3109 851 3159 ea
877 3085 1004 3160 fiducia
1030 3087 1124 3180 quod
1150 3109 1229 3157 cum

146 3229 285 3301 semper
316 3209 447 3302 paucis,
481 3221 552 3280 tum
581 3209 625 3280 ad
652 3209 835 3280 terminum
869 3207 1110 3303 propinquanti
1145 3229 1230 3300 pau-

146 3331 299 3403 cioribus
320 3353 408 3426 opus
429 3342 493 3403 est.
517 3331 660 3402 inhaesit
680 3331 821 3402 ossibus
842 3330 1097 3401 ciceronianum
1126 3329 1228 3400 illud:
1254 3339 1257 3350 '

147 3453 293 3526 avaritia
327 3454 445 3524 senilis
479 3453 563 3547 quid
598 3453 663 3524 sibi
697 3453 782 3523 velit
813 3473 883 3522 non
914 3451 1089 3550 intelligo:
1116 3461 1230 3542 potest

147 3576 239 3646 enim
260 3575 450 3669 quidquam
472 3597 553 3647 esse
574 3574 776 3658 absurdius,
799 3594 903 3676 quam
930 3595 999 3666 quo
1020 3570 1135 3642 minus
1161 3569 1229 3641 viae

147 3707 266 3780 restat,
290 3718 332 3767 eo
353 3700 430 3789 plus
452 3696 566 3768 viatici
588 3699 773 3789 quaererei
799 3693 961 3766 Fidentor
985 3694 1052 3763 hoc
1077 3689 1227 3760 dixerim

147 3816 284 3916 hostilis
305 3827 340 3889 et
357 3818 544 3910 exquisitae
565 3817 747 3890 calumniae
773 3824 1004 3887 commentum
1031 3833 1122 3883 esse.
1148 3811 1227 3883 Dies

148 3939 268 4010 ultima
289 3940 389 4011 testis
408 3940 484 4024 erit,
501 3939 641 4032 quando
659 3939 705 4007 nil
724 3939 874 4021 auferre,
895 3937 940 4007 nil
963 3935 1135 4008 occultare
1152 3956 1229 4027 per-

147 4063 294 4133 mittitur
312 4061 468 4146 abeunti;
490 4061 572 4154 quin
594 4070 629 4131 et
650 4059 869 4131 conscientiae
891 4068 926 4130 et
942 4055 1107 4132 delatoris
1124 4057 1229 4128 intre-

147 4186 263 4277 piduS,
297 4209 402 4255 unum
430 4187 496 4256 hoc
522 4205 601 4255 curn
624 4181 738 4254 infidis
761 4181 1021 4254 accusatoribus
1043 4180 1133 4254 bona
1159 4179 1229 4252 fide
