3062 4798
281 359 340 419 434
618 367 658 414 na
681 365 781 413 nunus
802 335 1025 414 rnununmus

282 509 320 580 ld
342 507 370 577 si
393 503 578 575 Sallustius
603 525 672 573 non
694 501 851 583 dixisset,
873 500 1002 571 scimus
1031 515 1157 582 tamen,
1178 505 1241 575 sed
1262 506 1362 577 dissi-

284 635 456 703 mulamus
488 637 522 698 et
554 647 619 696 nos
652 625 747 719 ipsos
781 624 942 695 fallimus.
970 626 1090 716 ltaque
1123 625 1207 696 dum
1235 630 1359 699 laetum

283 754 467 834 cernimus,
495 749 597 841 quasi
616 747 839 838 nesciremus
866 746 999 816 attoniti
1026 748 1265 818 lamentamur.
1289 752 1362 842 Ego

283 873 445 967 equidem
467 893 535 941 non
556 870 590 940 id
610 892 739 963 queror
759 869 945 950 accidisse,
968 869 1030 940 sed
1051 869 1085 939 in
1106 881 1264 941 nostrum
1279 881 1364 942 tem·

284 1019 351 1091 pus
376 995 539 1066 incidisse
559 992 669 1064 doleo.
693 992 861 1075 Quamvis
883 1001 918 1062 et
937 991 967 1061 is
988 993 1063 1085 ipse
1090 1014 1158 1062 non
1180 1005 1233 1064 sat
1253 993 1363 1064 virilis

286 1131 346 1190 ant
366 1120 542 1189 masculus
564 1117 661 1187 dolor
683 1116 736 1184 sit.
760 1114 851 1197 Quid
871 1114 962 1184 enim
982 1117 1087 1185 refert
1106 1117 1254 1208 qualiter
1277 1117 1365 1187 scias

285 1252 407 1314 cuneta
425 1241 548 1332 perire,
572 1239 654 1310 dum
683 1237 802 1307 scias‘?
827 1237 977 1320 Quidam
1004 1237 1147 1308 Romani
1175 1237 1278 1309 finem
1305 1239 1367 1308 im-

286 1365 368 1460 perii
396 1362 569 1434 vaticinati
599 1369 698 1434 sunt;
730 1361 829 1430 onius
856 1359 1009 1430 nondum
1038 1359 1156 1442 finem,
1185 1359 1249 1432 sed
1275 1363 1368 1454 peio-

286 1512 359 1560 rem
378 1485 600 1595 fine=statum
619 1484 805 1554 cernimus.
830 1482 878 1552 llli
906 1481 1009 1572 igitur
1028 1484 1216 1576 periturum
1239 1486 1367 1579 praevi-

287 1614 426 1691 derunt,
454 1607 547 1700 qnod
582 1628 645 1676 nos
675 1605 822 1699 periisse
852 1605 1096 1698 conspicimus.
1137 1608 1258 1699 ltaque
1293 1611 1368 1678 licet

287 1753 463 1822 nunquam
487 1730 594 1796 latum
618 1727 683 1796 hoo
704 1725 925 1796 lanuensium
948 1723 1178 1808 vidissemus,
1212 1727 1366 1818 ignotum

288 1860 506 1948 tamen-esse
529 1869 596 1916 non
619 1851 753 1939 poterat
776 1845 942 1937 praeteriti
969 1845 1135 1915 rationem
1156 1849 1202 1918 ad
1224 1860 1367 1920 ventura

288 1970 519 2054 trahentibus,
536 1970 769 2059 humanaeque
793 1967 968 2036 varietatis
985 1976 1021 2036 et
1036 1968 1276 2040 inconstantiae
1301 1987 1367 2041 non

288 2095 429 2186 ignaris.
457 2091 613 2184 Superba
633 2090 788 2188 Babylon
809 2091 951 2174 corruit,
975 2099 1011 2159 et
1034 2093 1138 2163 turris
1160 2094 1217 2164 illa
1238 2096 1368 2166 famosa
1410 2087 1413 2095 Α

287 2237 368 2309 quae
389 2219 477 2288 coelo
494 2215 704 2294 minabatur,
729 2215 788 2283 v'ix
804 2236 896 2285 nunc
913 2236 974 2306 per
993 2225 1119 2286 terram
1144 2239 1268 2310 sparsa
1288 2239 1368 2290 eon-

289 2341 442 2433 spicitur.
461 2338 686 2432 Assyriorum
706 2344 842 2428 sceptra
858 2359 937 2407 cnm
957 2337 1049 2409 mille
1064 2347 1297 2410 trecentorum
1312 2352 1368 2411 aut

288 2483 357 2534 nou
372 2464 478 2532 multo
493 2483 596 2532 secus
614 2481 784 2532 annorum
803 2459 914 2551 'spatio
931 2461 1145 2543 floruissent,
1160 2460 1368 2533 effoeminato

291 2605 374 2675 rego
387 2603 480 2654 caeso
494 2605 556 2676 per
567 2581 739 2653 Arbacem
754 2584 968 2674 praelectum,
988 2582 1022 2652 in
1038 2581 1158 2652 Medos
1175 2583 1368 2676 Persasque

292 2709 457 2779 translata
483 2719 573 2779 sunt.
602 2706 684 2776 lnde
710 2714 825 2776 autem
854 2716 934 2800 post
959 2726 1026 2776 non
1057 2707 1198 2796 longum
1234 2713 1367 2797 tempus

291 2832 517 2902 Macedonum
540 2830 645 2900 armis
664 2830 824 2911 advecta,
848 2838 883 2898 et
902 2829 1038 2899 Pellaeis
1059 2828 1197 2898 invecta
1215 2837 1298 2897 sunt
1316 2849 1368 2898 ar·

291 2953 411 3022 cibus:
429 2950 508 3021 inde
525 2951 627 3020 etiam
649 2950 784 3021 abitura
805 2951 971 3022 velocius.
990 2951 1158 3035 Quamvis
1174 2949 1265 3020 enim
1283 2949 1369 3019 inter

292 3072 503 3143 macedonici
526 3073 624 3162 regni
637 3073 825 3167 primordia
847 3095 1036 3165 regemque
1049 3073 1278 3144 novissimum
1299 3073 1368 3142 lon-

272 3211 373 3286 ·gum
393 3202 532 3288 tempus
550 3194 742 3279 effluxerit,
764 3204 877 3265 tamen
895 3194 940 3264 ab
956 3193 1169 3276 Alexandro,
1190 3214 1293 3284 quem
1313 3213 1369 3260 cn-

293 3314 418 3409 piditas
446 3315 592 3409 arripnit
622 3317 855 3401 monarchiae,
884 3325 920 3388 et
944 3338 1048 3407 quem
1083 3337 1247 3406 magnum
1280 3311 1368 3384 Graii

293 3448 433 3522 vocant,
453 3460 566 3531 usque
586 3437 630 3509 ad
650 3439 823 3509 AEmilium
841 3440 985 3509 Paulum
1005 3437 1064 3529 qui
1083 3458 1192 3528 regno
1208 3434 1255 3505 illi
1269 3433 1368 3504 finem

292 3557 408 3645 dedit,
436 3561 567 3654 quique
602 3560 828 3634 Macedonum
856 3581 958 3652 reges
985 3569 1103 3653 captos
1129 3569 1208 3630 ante
1225 3579 1369 3656 currum

292 3685 364 3774 egit
383 3706 403 3755 a
425 3684 618 3778 perdomita
638 3692 674 3754 et
700 3684 733 3753 in
755 3683 943 3776 provinciae
965 3685 1113 3753 formam
1144 3681 1283 3754 redacta
1303 3684 1370 3752 Ma-

293 3806 438 3877 cedonia
465 3829 592 3878 nomen
620 3807 769 3888 habene,
797 3805 864 3875 nisi
890 3804 974 3874 fallit
1004 3805 1212 3898 supputatio,
1235 3815 1369 3875 centnm

294 3947 417 4011 annue,
439 3949 501 3998 seu
523 3949 591 4000 non
613 3929 721 3998 multo
741 3929 818 4019 plus
842 3925 1003 3997 minusve
1026 3926 1190 4019 reperies
1213 3948 1293 3997 cum
1311 3925 1370 3996 du-

236 4109 241 4120 .
293 4049 350 4138 plo
363 4049 511 4140 amplius
524 4048 705 4120 Medorum
724 4069 764 4119 ae
781 4050 965 4119 Persarum
989 4069 1095 4139 regna
1115 4046 1368 4140 compleverint.

295 4167 345 4233 Ne
370 4179 485 4236 autem
508 4171 601 4238 Euro
627 4171 742 4239 lorsan
765 4180 799 4238 et
820 4173 942 4240 Boreae
966 4169 1094 4239 Auster
1119 4168 1293 4252 invideat,
1314 4167 1367 4235 ha-
