<?xml version="1.0" encoding="UTF-8"?>
<!DOCTYPE html PUBLIC "-//W3C//DTD XHTML 1.0 Transitional//EN"
    "http://www.w3.org/TR/xhtml1/DTD/xhtml1-transitional.dtd">
<html xmlns="http://www.w3.org/1999/xhtml" xml:lang="en" lang="en">
 <head>
  <title>
</title>
<meta http-equiv="Content-Type" content="text/html;charset=utf-8" />
  <meta name='ocr-system' content='tesseract 3.04.00' />
  <meta name='ocr-capabilities' content='ocr_page ocr_carea ocr_par ocr_line ocrx_word'/>
</head>
<body>
  <div class='ocr_page' id='page_1' title='image "./franciscipetrar01fracgoog_0261.png"; bbox 0 0 2958 4804; ppageno 0'>
   <div class='ocr_carea' id='block_1_1' title="bbox 10 4708 137 4782">
    <p class='ocr_par' dir='ltr' id='par_1_1' title="bbox 10 4279 137 4782">
     <span class='ocr_line' id='line_1_1' title="bbox 10 4708 137 4782; baseline 0 -58"><span class='ocrx_word' id='word_1_1' title='bbox 10 4708 137 4782; x_wconf 69' lang='grc'><strong><em>,</em></strong></span> 
     </span>
    </p>
   </div>
   <div class='ocr_carea' id='block_1_2' title="bbox 263 350 1001 414">
    <p class='ocr_par' dir='ltr' id='par_1_2' title="bbox 263 350 1001 414">
     <span class='ocr_line' id='line_1_2' title="bbox 263 350 1001 414; baseline 0.003 -4"><span class='ocrx_word' id='word_1_2' title='bbox 263 350 322 411; x_wconf 65' lang='lat'>250</span> <span class='ocrx_word' id='word_1_3' title='bbox 595 365 636 412; x_wconf 83' lang='lat' dir='ltr'>nn</span> <span class='ocrx_word' id='word_1_4' title='bbox 657 364 758 413; x_wconf 82' lang='lat' dir='ltr'>nasus</span> <span class='ocrx_word' id='word_1_5' title='bbox 779 363 1001 414; x_wconf 76' lang='lat' dir='ltr'>rrurnranrnus</span> 
     </span>
    </p>
   </div>
   <div class='ocr_carea' id='block_1_3' title="bbox 261 496 1347 836">
    <p class='ocr_par' dir='ltr' id='par_1_3' title="bbox 261 496 1347 836">
     <span class='ocr_line' id='line_1_3' title="bbox 261 496 1347 593; baseline 0.002 -25"><span class='ocrx_word' id='word_1_6' title='bbox 261 507 363 590; x_wconf 89' lang='lat' dir='ltr'>potus</span> <span class='ocrx_word' id='word_1_7' title='bbox 388 507 454 568; x_wconf 90' lang='lat' dir='ltr'>est.</span> <span class='ocrx_word' id='word_1_8' title='bbox 476 497 513 568; x_wconf 88' lang='lat' dir='ltr'>Si</span> <span class='ocrx_word' id='word_1_9' title='bbox 538 496 623 593; x_wconf 91' lang='lat' dir='ltr'>quid</span> <span class='ocrx_word' id='word_1_10' title='bbox 653 499 791 570; x_wconf 92' lang='lat' dir='ltr'>mollius</span> <span class='ocrx_word' id='word_1_11' title='bbox 812 519 985 593; x_wconf 70' lang='lat' dir='ltr'>apponas</span> <span class='ocrx_word' id='word_1_12' title='bbox 1013 499 1080 570; x_wconf 93' lang='lat' dir='ltr'>iam</span> <span class='ocrx_word' id='word_1_13' title='bbox 1105 497 1347 571; x_wconf 75' lang='lat' dir='ltr'>desuetudine</span> 
     </span>
     <span class='ocr_line' id='line_1_4' title="bbox 262 618 1347 714; baseline 0.003 -27"><span class='ocrx_word' id='word_1_14' title='bbox 262 618 465 710; x_wconf 83' lang='lat' dir='ltr'>longissima</span> <span class='ocrx_word' id='word_1_15' title='bbox 484 619 610 691; x_wconf 92' lang='lat' dir='ltr'>durum</span> <span class='ocrx_word' id='word_1_16' title='bbox 633 631 731 714; x_wconf 87' lang='lat' dir='ltr'>putat</span> <span class='ocrx_word' id='word_1_17' title='bbox 755 641 856 691; x_wconf 88' lang='lat' dir='ltr'>omne</span> <span class='ocrx_word' id='word_1_18' title='bbox 880 619 976 712; x_wconf 91' lang='lat' dir='ltr'>quod</span> <span class='ocrx_word' id='word_1_19' title='bbox 1000 622 1138 691; x_wconf 87' lang='lat' dir='ltr'>mulcet.</span> <span class='ocrx_word' id='word_1_20' title='bbox 1161 621 1232 692; x_wconf 88' lang='lat' dir='ltr'>Sed</span> <span class='ocrx_word' id='word_1_21' title='bbox 1254 621 1347 692; x_wconf 89' lang='lat' dir='ltr'>satis</span> 
     </span>
     <span class='ocr_line' id='line_1_5' title="bbox 261 740 1347 836; baseline 0.001 -24"><span class='ocrx_word' id='word_1_22' title='bbox 261 745 370 812; x_wconf 91' lang='lat' dir='ltr'>multa</span> <span class='ocrx_word' id='word_1_23' title='bbox 394 740 439 812; x_wconf 92' lang='lat' dir='ltr'>de</span> <span class='ocrx_word' id='word_1_24' title='bbox 461 741 588 826; x_wconf 90' lang='lat' dir='ltr'>villica,</span> <span class='ocrx_word' id='word_1_25' title='bbox 614 765 694 836; x_wconf 85' lang='lat' dir='ltr'>quae</span> <span class='ocrx_word' id='word_1_26' title='bbox 719 743 786 814; x_wconf 91' lang='lat' dir='ltr'>nisi</span> <span class='ocrx_word' id='word_1_27' title='bbox 813 743 847 812; x_wconf 95' lang='lat' dir='ltr'>in</span> <span class='ocrx_word' id='word_1_28' title='bbox 873 743 1003 834; x_wconf 82' lang='lat' dir='ltr'>agresti</span> <span class='ocrx_word' id='word_1_29' title='bbox 1030 743 1201 836; x_wconf 89' lang='lat' dir='ltr'>scriptura</span> <span class='ocrx_word' id='word_1_30' title='bbox 1225 746 1347 816; x_wconf 95' lang='lat' dir='ltr'>locum</span> 
     </span>
    </p>
   </div>
   <div class='ocr_carea' id='block_1_4' title="bbox 217 865 1346 958">
    <p class='ocr_par' dir='ltr' id='par_1_4' title="bbox 217 865 1346 958">
     <span class='ocr_line' id='line_1_6' title="bbox 217 865 1346 958; baseline -0.002 -20"><span class='ocrx_word' id='word_1_31' title='bbox 217 933 218 938; x_wconf 75' lang='grc'>,</span> <span class='ocrx_word' id='word_1_32' title='bbox 263 877 442 958; x_wconf 84' lang='lat' dir='ltr'>repertura</span> <span class='ocrx_word' id='word_1_33' title='bbox 467 887 536 937; x_wconf 94' lang='lat' dir='ltr'>non</span> <span class='ocrx_word' id='word_1_34' title='bbox 559 869 682 936; x_wconf 85' lang='lat' dir='ltr'>fuerat.</span> <span class='ocrx_word' id='word_1_35' title='bbox 711 867 783 938; x_wconf 91' lang='lat' dir='ltr'>Hoc</span> <span class='ocrx_word' id='word_1_36' title='bbox 804 866 907 938; x_wconf 92' lang='lat' dir='ltr'>modo</span> <span class='ocrx_word' id='word_1_37' title='bbox 931 865 1035 956; x_wconf 82' lang='lat' dir='ltr'>igitur</span> <span class='ocrx_word' id='word_1_38' title='bbox 1054 869 1173 939; x_wconf 92' lang='lat' dir='ltr'>oculos</span> <span class='ocrx_word' id='word_1_39' title='bbox 1193 867 1346 958; x_wconf 83' lang='lat' dir='ltr'>castigo.</span> 
     </span>
    </p>
   </div>
   <div class='ocr_carea' id='block_1_5' title="bbox 261 987 1349 3420">
    <p class='ocr_par' dir='ltr' id='par_1_5' title="bbox 261 987 1349 3420">
     <span class='ocr_line' id='line_1_7' title="bbox 261 987 1349 1074; baseline 0.001 -15"><span class='ocrx_word' id='word_1_40' title='bbox 261 989 352 1074; x_wconf 86' lang='lat' dir='ltr'>Quid</span> <span class='ocrx_word' id='word_1_41' title='bbox 372 991 417 1062; x_wconf 89' lang='lat' dir='ltr'>de</span> <span class='ocrx_word' id='word_1_42' title='bbox 433 989 577 1061; x_wconf 88' lang='lat' dir='ltr'>auribus</span> <span class='ocrx_word' id='word_1_43' title='bbox 595 988 732 1062; x_wconf 75' lang='lat' dir='ltr'>dicam?</span> <span class='ocrx_word' id='word_1_44' title='bbox 752 990 880 1061; x_wconf 89' lang='lat' dir='ltr'>Cantus</span> <span class='ocrx_word' id='word_1_45' title='bbox 898 997 934 1060; x_wconf 91' lang='lat' dir='ltr'>et</span> <span class='ocrx_word' id='word_1_46' title='bbox 950 988 1045 1061; x_wconf 87' lang='lat' dir='ltr'>tibiae</span> <span class='ocrx_word' id='word_1_47' title='bbox 1064 1001 1099 1061; x_wconf 92' lang='lat' dir='ltr'>et</span> <span class='ocrx_word' id='word_1_48' title='bbox 1120 987 1240 1062; x_wconf 90' lang='lat' dir='ltr'>fidium</span> <span class='ocrx_word' id='word_1_49' title='bbox 1263 992 1349 1063; x_wconf 93' lang='lat' dir='ltr'>dul-</span> 
     </span>
     <span class='ocr_line' id='line_1_8' title="bbox 262 1112 1349 1207; baseline -0.003 -22"><span class='ocrx_word' id='word_1_50' title='bbox 262 1115 362 1199; x_wconf 84' lang='lat' dir='ltr'>cedo,</span> <span class='ocrx_word' id='word_1_51' title='bbox 388 1112 516 1207; x_wconf 91' lang='lat' dir='ltr'>quibus</span> <span class='ocrx_word' id='word_1_52' title='bbox 548 1121 650 1184; x_wconf 82' lang='lat' dir='ltr'>extra</span> <span class='ocrx_word' id='word_1_53' title='bbox 675 1113 869 1206; x_wconf 90' lang='lat' dir='ltr'>meipsum</span> <span class='ocrx_word' id='word_1_54' title='bbox 900 1112 975 1204; x_wconf 93' lang='lat' dir='ltr'>rapi</span> <span class='ocrx_word' id='word_1_55' title='bbox 1009 1114 1124 1199; x_wconf 89' lang='lat' dir='ltr'>soleo,</span> <span class='ocrx_word' id='word_1_56' title='bbox 1149 1112 1235 1183; x_wconf 90' lang='lat' dir='ltr'>nulli</span> <span class='ocrx_word' id='word_1_57' title='bbox 1262 1121 1349 1184; x_wconf 88' lang='lat' dir='ltr'>sunt</span> 
     </span>
     <span class='ocr_line' id='line_1_9' title="bbox 262 1235 1349 1328; baseline 0.001 -23"><span class='ocrx_word' id='word_1_58' title='bbox 262 1236 367 1306; x_wconf 91' lang='lat' dir='ltr'>mihi:</span> <span class='ocrx_word' id='word_1_59' title='bbox 389 1247 495 1307; x_wconf 89' lang='lat' dir='ltr'>totam</span> <span class='ocrx_word' id='word_1_60' title='bbox 517 1235 725 1308; x_wconf 85' lang='lat' dir='ltr'>suavitatem</span> <span class='ocrx_word' id='word_1_61' title='bbox 744 1236 833 1308; x_wconf 87' lang='lat' dir='ltr'>illam</span> <span class='ocrx_word' id='word_1_62' title='bbox 853 1256 939 1307; x_wconf 88' lang='lat' dir='ltr'>aura</span> <span class='ocrx_word' id='word_1_63' title='bbox 955 1236 1132 1328; x_wconf 79' lang='lat' dir='ltr'>dispersit.</span> <span class='ocrx_word' id='word_1_64' title='bbox 1152 1235 1238 1307; x_wconf 86' lang='lat' dir='ltr'>Heio</span> <span class='ocrx_word' id='word_1_65' title='bbox 1257 1236 1349 1306; x_wconf 92' lang='lat' dir='ltr'>nihil</span> 
     </span>
     <span class='ocr_line' id='line_1_10' title="bbox 262 1355 1349 1452; baseline 0.002 -23"><span class='ocrx_word' id='word_1_66' title='bbox 262 1357 414 1442; x_wconf 88' lang='lat' dir='ltr'>omnino,</span> <span class='ocrx_word' id='word_1_67' title='bbox 436 1369 564 1451; x_wconf 89' lang='lat' dir='ltr'>praeter</span> <span class='ocrx_word' id='word_1_68' title='bbox 580 1379 680 1430; x_wconf 92' lang='lat' dir='ltr'>raros</span> <span class='ocrx_word' id='word_1_69' title='bbox 701 1355 807 1430; x_wconf 91' lang='lat' dir='ltr'>boum</span> <span class='ocrx_word' id='word_1_70' title='bbox 824 1358 992 1450; x_wconf 68' lang='lat' dir='ltr'>mugitus</span> <span class='ocrx_word' id='word_1_71' title='bbox 1008 1368 1070 1430; x_wconf 89' lang='lat' dir='ltr'>aut</span> <span class='ocrx_word' id='word_1_72' title='bbox 1081 1358 1217 1430; x_wconf 88' lang='lat' dir='ltr'>belatus</span> <span class='ocrx_word' id='word_1_73' title='bbox 1237 1381 1349 1452; x_wconf 85' lang='lat' dir='ltr'>pecu-</span> 
     </span>
     <span class='ocr_line' id='line_1_11' title="bbox 263 1481 1349 1576; baseline -0.001 -23"><span class='ocrx_word' id='word_1_74' title='bbox 263 1481 360 1564; x_wconf 90' lang='lat' dir='ltr'>dum,</span> <span class='ocrx_word' id='word_1_75' title='bbox 381 1491 510 1576; x_wconf 86' lang='lat' dir='ltr'>praeter</span> <span class='ocrx_word' id='word_1_76' title='bbox 538 1483 720 1554; x_wconf 89' lang='lat' dir='ltr'>volucrum</span> <span class='ocrx_word' id='word_1_77' title='bbox 744 1490 867 1554; x_wconf 88' lang='lat' dir='ltr'>cantus</span> <span class='ocrx_word' id='word_1_78' title='bbox 888 1482 1160 1576; x_wconf 87' lang='lat' dir='ltr'>continuumque</span> <span class='ocrx_word' id='word_1_79' title='bbox 1184 1504 1349 1554; x_wconf 86' lang='lat' dir='ltr'>murmur</span> 
     </span>
     <span class='ocr_line' id='line_1_12' title="bbox 263 1604 1349 1700; baseline -0.003 -23"><span class='ocrx_word' id='word_1_80' title='bbox 263 1627 440 1698; x_wconf 90' lang='lat' dir='ltr'>aquarum,</span> <span class='ocrx_word' id='word_1_81' title='bbox 462 1605 577 1676; x_wconf 90' lang='lat' dir='ltr'>audio.</span> <span class='ocrx_word' id='word_1_82' title='bbox 594 1605 686 1688; x_wconf 89' lang='lat' dir='ltr'>Quid</span> <span class='ocrx_word' id='word_1_83' title='bbox 703 1604 842 1696; x_wconf 79' lang='lat' dir='ltr'>lingua?</span> <span class='ocrx_word' id='word_1_84' title='bbox 862 1627 932 1698; x_wconf 91' lang='lat' dir='ltr'>qua</span> <span class='ocrx_word' id='word_1_85' title='bbox 954 1627 1049 1700; x_wconf 88' lang='lat' dir='ltr'>saepe</span> <span class='ocrx_word' id='word_1_86' title='bbox 1069 1627 1124 1676; x_wconf 91' lang='lat' dir='ltr'>me</span> <span class='ocrx_word' id='word_1_87' title='bbox 1144 1606 1269 1699; x_wconf 86' lang='lat' dir='ltr'>ipsum,</span> <span class='ocrx_word' id='word_1_88' title='bbox 1294 1604 1349 1674; x_wconf 87' lang='lat' dir='ltr'>in-</span> 
     </span>
     <span class='ocr_line' id='line_1_13' title="bbox 264 1727 1347 1822; baseline 0.001 -24"><span class='ocrx_word' id='word_1_89' title='bbox 264 1728 400 1800; x_wconf 86' lang='lat' dir='ltr'>terdum</span> <span class='ocrx_word' id='word_1_90' title='bbox 425 1731 512 1799; x_wconf 82' lang='lat' dir='ltr'>forte</span> <span class='ocrx_word' id='word_1_91' title='bbox 535 1727 622 1798; x_wconf 90' lang='lat' dir='ltr'>alios</span> <span class='ocrx_word' id='word_1_92' title='bbox 652 1728 768 1800; x_wconf 82' lang='lat' dir='ltr'>erexi:</span> <span class='ocrx_word' id='word_1_93' title='bbox 797 1751 891 1801; x_wconf 86' lang='lat' dir='ltr'>nuno</span> <span class='ocrx_word' id='word_1_94' title='bbox 914 1729 1003 1802; x_wconf 89' lang='lat' dir='ltr'>iacet</span> <span class='ocrx_word' id='word_1_95' title='bbox 1025 1730 1101 1822; x_wconf 93' lang='lat' dir='ltr'>ipsa</span> <span class='ocrx_word' id='word_1_96' title='bbox 1126 1740 1160 1800; x_wconf 91' lang='lat' dir='ltr'>et</span> <span class='ocrx_word' id='word_1_97' title='bbox 1188 1750 1209 1798; x_wconf 91' lang='lat' dir='ltr'>a</span> <span class='ocrx_word' id='word_1_98' title='bbox 1241 1749 1347 1799; x_wconf 87' lang='lat' dir='ltr'>mane</span> 
     </span>
     <span class='ocr_line' id='line_1_14' title="bbox 264 1849 1345 1946; baseline 0 -26"><span class='ocrx_word' id='word_1_99' title='bbox 264 1871 358 1941; x_wconf 87' lang='lat' dir='ltr'>saepe</span> <span class='ocrx_word' id='word_1_100' title='bbox 371 1849 416 1920; x_wconf 90' lang='lat' dir='ltr'>ad</span> <span class='ocrx_word' id='word_1_101' title='bbox 429 1870 614 1942; x_wconf 89' lang='lat' dir='ltr'>vesperam</span> <span class='ocrx_word' id='word_1_102' title='bbox 633 1850 732 1922; x_wconf 91' lang='lat' dir='ltr'>silet:</span> <span class='ocrx_word' id='word_1_103' title='bbox 753 1851 809 1923; x_wconf 89' lang='lat' dir='ltr'>cui</span> <span class='ocrx_word' id='word_1_104' title='bbox 830 1851 922 1922; x_wconf 89' lang='lat' dir='ltr'>enim</span> <span class='ocrx_word' id='word_1_105' title='bbox 944 1853 1112 1945; x_wconf 88' lang='lat' dir='ltr'>loquatur,</span> <span class='ocrx_word' id='word_1_106' title='bbox 1133 1862 1264 1946; x_wconf 87' lang='lat' dir='ltr'>praeter</span> <span class='ocrx_word' id='word_1_107' title='bbox 1278 1872 1345 1934; x_wconf 91' lang='lat' dir='ltr'>me,</span> 
     </span>
     <span class='ocr_line' id='line_1_15' title="bbox 263 1971 1348 2067; baseline -0.002 -24"><span class='ocrx_word' id='word_1_108' title='bbox 263 1993 332 2043; x_wconf 93' lang='lat' dir='ltr'>non</span> <span class='ocrx_word' id='word_1_109' title='bbox 349 1971 464 2044; x_wconf 90' lang='lat' dir='ltr'>habet.</span> <span class='ocrx_word' id='word_1_110' title='bbox 486 1973 556 2042; x_wconf 91' lang='lat' dir='ltr'>lam</span> <span class='ocrx_word' id='word_1_111' title='bbox 578 1995 664 2044; x_wconf 89' lang='lat' dir='ltr'>vero</span> <span class='ocrx_word' id='word_1_112' title='bbox 684 1976 800 2065; x_wconf 81' lang='lat' dir='ltr'>gulam</span> <span class='ocrx_word' id='word_1_113' title='bbox 821 1983 1050 2067; x_wconf 87' lang='lat' dir='ltr'>ventremque</span> <span class='ocrx_word' id='word_1_114' title='bbox 1070 1974 1121 2046; x_wconf 90' lang='lat' dir='ltr'>sic</span> <span class='ocrx_word' id='word_1_115' title='bbox 1141 1973 1285 2056; x_wconf 88' lang='lat' dir='ltr'>institui,</span> <span class='ocrx_word' id='word_1_116' title='bbox 1306 1979 1348 2041; x_wconf 90' lang='lat' dir='ltr'>ut</span> 
     </span>
     <span class='ocr_line' id='line_1_16' title="bbox 264 2094 1345 2190; baseline -0.002 -24"><span class='ocrx_word' id='word_1_117' title='bbox 264 2117 359 2188; x_wconf 80' lang='lat' dir='ltr'>saepe</span> <span class='ocrx_word' id='word_1_118' title='bbox 377 2094 518 2166; x_wconf 84' lang='lat' dir='ltr'>bubulci</span> <span class='ocrx_word' id='word_1_119' title='bbox 538 2096 607 2166; x_wconf 86' lang='lat' dir='ltr'>m&#39;ei</span> <span class='ocrx_word' id='word_1_120' title='bbox 624 2096 722 2189; x_wconf 87' lang='lat' dir='ltr'>panis</span> <span class='ocrx_word' id='word_1_121' title='bbox 743 2096 881 2167; x_wconf 92' lang='lat' dir='ltr'>etmihi</span> <span class='ocrx_word' id='word_1_122' title='bbox 901 2096 1050 2168; x_wconf 88' lang='lat' dir='ltr'>sufficiat</span> <span class='ocrx_word' id='word_1_123' title='bbox 1068 2107 1103 2168; x_wconf 90' lang='lat' dir='ltr'>et</span> <span class='ocrx_word' id='word_1_124' title='bbox 1124 2117 1218 2190; x_wconf 84' lang='lat' dir='ltr'>saepe</span> <span class='ocrx_word' id='word_1_125' title='bbox 1237 2095 1345 2167; x_wconf 89' lang='lat' dir='ltr'>etiam</span> 
     </span>
     <span class='ocr_line' id='line_1_17' title="bbox 264 2217 1348 2313; baseline 0.003 -25"><span class='ocrx_word' id='word_1_126' title='bbox 264 2217 420 2302; x_wconf 86' lang='lat' dir='ltr'>delectet,</span> <span class='ocrx_word' id='word_1_127' title='bbox 434 2225 471 2289; x_wconf 89' lang='lat' dir='ltr'>et</span> <span class='ocrx_word' id='word_1_128' title='bbox 486 2220 629 2290; x_wconf 91' lang='lat' dir='ltr'>niveum</span> <span class='ocrx_word' id='word_1_129' title='bbox 646 2219 786 2292; x_wconf 81' lang='lat' dir='ltr'>aliunde</span> <span class='ocrx_word' id='word_1_130' title='bbox 805 2220 888 2290; x_wconf 91' lang='lat' dir='ltr'>mihi</span> <span class='ocrx_word' id='word_1_131' title='bbox 906 2222 1048 2292; x_wconf 87' lang='lat' dir='ltr'>allatum</span> <span class='ocrx_word' id='word_1_132' title='bbox 1065 2221 1193 2305; x_wconf 88' lang='lat' dir='ltr'>lamuli,</span> <span class='ocrx_word' id='word_1_133' title='bbox 1212 2221 1274 2313; x_wconf 92' lang='lat' dir='ltr'>qui</span> <span class='ocrx_word' id='word_1_134' title='bbox 1291 2233 1348 2291; x_wconf 91' lang='lat' dir='ltr'>tu-</span> 
     </span>
     <span class='ocr_line' id='line_1_18' title="bbox 264 2340 1346 2438; baseline 0.005 -28"><span class='ocrx_word' id='word_1_135' title='bbox 264 2343 347 2426; x_wconf 85' lang='lat' dir='ltr'>lere,</span> <span class='ocrx_word' id='word_1_136' title='bbox 376 2340 593 2414; x_wconf 84' lang='lat' dir='ltr'>manducent.</span> <span class='ocrx_word' id='word_1_137' title='bbox 622 2343 705 2412; x_wconf 84' lang='lat' dir='ltr'>Tam</span> <span class='ocrx_word' id='word_1_138' title='bbox 732 2344 949 2416; x_wconf 89' lang='lat' dir='ltr'>consuetudo</span> <span class='ocrx_word' id='word_1_139' title='bbox 971 2344 1054 2414; x_wconf 94' lang='lat' dir='ltr'>mihi</span> <span class='ocrx_word' id='word_1_140' title='bbox 1079 2365 1143 2438; x_wconf 91' lang='lat' dir='ltr'>pro</span> <span class='ocrx_word' id='word_1_141' title='bbox 1166 2345 1346 2436; x_wconf 86' lang='lat' dir='ltr'>voluptate</span> 
     </span>
     <span class='ocr_line' id='line_1_19' title="bbox 264 2459 1342 2558; baseline 0.005 -26"><span class='ocrx_word' id='word_1_142' title='bbox 264 2471 334 2547; x_wconf 83' lang='lat' dir='ltr'>est3</span> <span class='ocrx_word' id='word_1_143' title='bbox 364 2459 480 2556; x_wconf 84' lang='lat' dir='ltr'>itaque</span> <span class='ocrx_word' id='word_1_144' title='bbox 507 2464 642 2535; x_wconf 90' lang='lat' dir='ltr'>villicus</span> <span class='ocrx_word' id='word_1_145' title='bbox 674 2487 771 2557; x_wconf 86' lang='lat' dir='ltr'>meus</span> <span class='ocrx_word' id='word_1_146' title='bbox 799 2464 1126 2558; x_wconf 83' lang='lat' dir='ltr'>indulgentissimus</span> <span class='ocrx_word' id='word_1_147' title='bbox 1152 2465 1342 2550; x_wconf 81' lang='lat' dir='ltr'>familiaris,</span> 
     </span>
     <span class='ocr_line' id='line_1_20' title="bbox 265 2585 1346 2681; baseline 0.003 -26"><span class='ocrx_word' id='word_1_148' title='bbox 265 2587 411 2679; x_wconf 89' lang='lat' dir='ltr'>ipseque</span> <span class='ocrx_word' id='word_1_149' title='bbox 433 2585 489 2656; x_wconf 92' lang='lat' dir='ltr'>vir</span> <span class='ocrx_word' id='word_1_150' title='bbox 517 2607 649 2658; x_wconf 87' lang='lat' dir='ltr'>saxeus</span> <span class='ocrx_word' id='word_1_151' title='bbox 681 2587 725 2657; x_wconf 90' lang='lat' dir='ltr'>de</span> <span class='ocrx_word' id='word_1_152' title='bbox 754 2590 848 2659; x_wconf 90' lang='lat' dir='ltr'>nulla</span> <span class='ocrx_word' id='word_1_153' title='bbox 880 2611 919 2660; x_wconf 92' lang='lat' dir='ltr'>re</span> <span class='ocrx_word' id='word_1_154' title='bbox 946 2611 1082 2661; x_wconf 89' lang='lat' dir='ltr'>mecum</span> <span class='ocrx_word' id='word_1_155' title='bbox 1116 2590 1243 2681; x_wconf 80' lang='lat' dir='ltr'>litigat,</span> <span class='ocrx_word' id='word_1_156' title='bbox 1279 2589 1346 2661; x_wconf 91' lang='lat' dir='ltr'>uisi</span> 
     </span>
     <span class='ocr_line' id='line_1_21' title="bbox 267 2707 1345 2804; baseline 0.006 -25"><span class='ocrx_word' id='word_1_157' title='bbox 267 2709 361 2802; x_wconf 93' lang='lat' dir='ltr'>quod</span> <span class='ocrx_word' id='word_1_158' title='bbox 380 2707 498 2780; x_wconf 90' lang='lat' dir='ltr'>durior</span> <span class='ocrx_word' id='word_1_159' title='bbox 518 2707 602 2778; x_wconf 90' lang='lat' dir='ltr'>mihi</span> <span class='ocrx_word' id='word_1_160' title='bbox 624 2709 668 2780; x_wconf 91' lang='lat' dir='ltr'>sit</span> <span class='ocrx_word' id='word_1_161' title='bbox 688 2709 810 2792; x_wconf 87' lang='lat' dir='ltr'>victus,</span> <span class='ocrx_word' id='word_1_162' title='bbox 830 2734 934 2803; x_wconf 90' lang='lat' dir='ltr'>quam</span> <span class='ocrx_word' id='word_1_163' title='bbox 953 2713 1021 2804; x_wconf 91' lang='lat' dir='ltr'>qui,</span> <span class='ocrx_word' id='word_1_164' title='bbox 1044 2722 1083 2783; x_wconf 91' lang='lat' dir='ltr'>ut</span> <span class='ocrx_word' id='word_1_165' title='bbox 1099 2712 1190 2796; x_wconf 88' lang='lat' dir='ltr'>dicit,</span> <span class='ocrx_word' id='word_1_166' title='bbox 1213 2711 1345 2786; x_wconf 87' lang='lat' dir='ltr'>diutius</span> 
     </span>
     <span class='ocr_line' id='line_1_22' title="bbox 266 2833 1346 2927; baseline 0.003 -22"><span class='ocrx_word' id='word_1_167' title='bbox 266 2834 347 2905; x_wconf 89' lang='lat' dir='ltr'>ferri</span> <span class='ocrx_word' id='word_1_168' title='bbox 368 2841 483 2927; x_wconf 87' lang='lat' dir='ltr'>queat.</span> <span class='ocrx_word' id='word_1_169' title='bbox 505 2833 581 2924; x_wconf 80' lang='lat' dir='ltr'>Ego</span> <span class='ocrx_word' id='word_1_170' title='bbox 604 2842 723 2903; x_wconf 89' lang='lat' dir='ltr'>contra</span> <span class='ocrx_word' id='word_1_171' title='bbox 742 2833 854 2904; x_wconf 89' lang='lat' dir='ltr'>sentio</span> <span class='ocrx_word' id='word_1_172' title='bbox 871 2834 1002 2906; x_wconf 90' lang='lat' dir='ltr'>diutius</span> <span class='ocrx_word' id='word_1_173' title='bbox 1022 2837 1124 2906; x_wconf 88' lang='lat' dir='ltr'>talem</span> <span class='ocrx_word' id='word_1_174' title='bbox 1144 2836 1277 2908; x_wconf 89' lang='lat' dir='ltr'>victum</span> <span class='ocrx_word' id='word_1_175' title='bbox 1295 2846 1346 2908; x_wconf 80' lang='lat' dir='ltr'>to</span> 
     </span>
     <span class='ocr_line' id='line_1_23' title="bbox 268 2955 1347 3050; baseline 0.008 -26"><span class='ocrx_word' id='word_1_176' title='bbox 268 2955 370 3026; x_wconf 90' lang='lat' dir='ltr'>lerari</span> <span class='ocrx_word' id='word_1_177' title='bbox 394 2975 500 3049; x_wconf 88' lang='lat' dir='ltr'>posse</span> <span class='ocrx_word' id='word_1_178' title='bbox 520 2975 624 3045; x_wconf 91' lang='lat' dir='ltr'>quam</span> <span class='ocrx_word' id='word_1_179' title='bbox 646 2956 798 3039; x_wconf 89' lang='lat' dir='ltr'>mollem,</span> <span class='ocrx_word' id='word_1_180' title='bbox 820 2978 925 3049; x_wconf 90' lang='lat' dir='ltr'>quem</span> <span class='ocrx_word' id='word_1_181' title='bbox 951 2957 1069 3050; x_wconf 82' lang='lat' dir='ltr'>magni</span> <span class='ocrx_word' id='word_1_182' title='bbox 1093 2957 1187 3030; x_wconf 88' lang='lat' dir='ltr'>taedii</span> <span class='ocrx_word' id='word_1_183' title='bbox 1207 2980 1289 3032; x_wconf 89' lang='lat' dir='ltr'>esse</span> <span class='ocrx_word' id='word_1_184' title='bbox 1313 2971 1347 3032; x_wconf 90' lang='lat' dir='ltr'>et</span> 
     </span>
     <span class='ocr_line' id='line_1_24' title="bbox 267 3073 1345 3179; baseline 0.006 -33"><span class='ocrx_word' id='word_1_185' title='bbox 267 3076 421 3168; x_wconf 90' lang='lat' dir='ltr'>quinque</span> <span class='ocrx_word' id='word_1_186' title='bbox 453 3073 577 3147; x_wconf 88' lang='lat' dir='ltr'>diebus</span> <span class='ocrx_word' id='word_1_187' title='bbox 612 3076 804 3148; x_wconf 86' lang='lat' dir='ltr'>continuari</span> <span class='ocrx_word' id='word_1_188' title='bbox 834 3101 902 3149; x_wconf 93' lang='lat' dir='ltr'>non</span> <span class='ocrx_word' id='word_1_189' title='bbox 932 3101 1049 3172; x_wconf 89' lang='lat' dir='ltr'>posse,</span> <span class='ocrx_word' id='word_1_190' title='bbox 1078 3080 1256 3176; x_wconf 79' lang='lat' dir='ltr'>satyricus</span> <span class='ocrx_word' id='word_1_191' title='bbox 1288 3083 1345 3179; x_wconf 82' lang='lat' dir='ltr'>ait:</span> 
     </span>
     <span class='ocr_line' id='line_1_25' title="bbox 269 3195 1348 3296; baseline 0.006 -27"><span class='ocrx_word' id='word_1_192' title='bbox 269 3199 353 3281; x_wconf 89' lang='lat' dir='ltr'>Uva,</span> <span class='ocrx_word' id='word_1_193' title='bbox 376 3195 473 3277; x_wconf 84' lang='lat' dir='ltr'>licus,</span> <span class='ocrx_word' id='word_1_194' title='bbox 492 3217 610 3281; x_wconf 75' lang='lat' dir='ltr'>nuces</span> <span class='ocrx_word' id='word_1_195' title='bbox 629 3207 665 3268; x_wconf 91' lang='lat' dir='ltr'>et</span> <span class='ocrx_word' id='word_1_196' title='bbox 685 3201 879 3296; x_wconf 80' lang='lat' dir='ltr'>amygdalae</span> <span class='ocrx_word' id='word_1_197' title='bbox 899 3203 1031 3275; x_wconf 86' lang='lat' dir='ltr'>deliciae</span> <span class='ocrx_word' id='word_1_198' title='bbox 1048 3223 1137 3275; x_wconf 84' lang='lat' dir='ltr'>meae</span> <span class='ocrx_word' id='word_1_199' title='bbox 1155 3215 1244 3276; x_wconf 91' lang='lat' dir='ltr'>sunt.</span> <span class='ocrx_word' id='word_1_200' title='bbox 1264 3207 1348 3291; x_wconf 91' lang='lat' dir='ltr'>Qui-</span> 
     </span>
     <span class='ocr_line' id='line_1_26' title="bbox 269 3318 1347 3420; baseline 0.008 -31"><span class='ocrx_word' id='word_1_201' title='bbox 269 3318 337 3390; x_wconf 91' lang='lat' dir='ltr'>bus</span> <span class='ocrx_word' id='word_1_202' title='bbox 364 3319 420 3390; x_wconf 90' lang='lat' dir='ltr'>hic</span> <span class='ocrx_word' id='word_1_203' title='bbox 446 3320 575 3391; x_wconf 86' lang='lat' dir='ltr'>fluvius</span> <span class='ocrx_word' id='word_1_204' title='bbox 602 3321 756 3394; x_wconf 92' lang='lat' dir='ltr'>abundat</span> <span class='ocrx_word' id='word_1_205' title='bbox 780 3323 954 3416; x_wconf 90' lang='lat' dir='ltr'>pisciculis</span> <span class='ocrx_word' id='word_1_206' title='bbox 980 3326 1145 3411; x_wconf 89' lang='lat' dir='ltr'>delector,</span> <span class='ocrx_word' id='word_1_207' title='bbox 1167 3350 1347 3420; x_wconf 89' lang='lat' dir='ltr'>nunquam</span> 
     </span>
    </p>
   </div>
   <div class='ocr_carea' id='block_1_6' title="bbox 192 3443 1348 3544">
    <p class='ocr_par' dir='ltr' id='par_1_6' title="bbox 192 3443 1348 3544">
     <span class='ocr_line' id='line_1_27' title="bbox 192 3443 1348 3544; baseline 0.013 -40"><span class='ocrx_word' id='word_1_208' title='bbox 192 3501 194 3504; x_wconf 83' lang='lat'>.</span> <span class='ocrx_word' id='word_1_209' title='bbox 270 3443 383 3534; x_wconf 79' lang='lat' dir='ltr'>magis</span> <span class='ocrx_word' id='word_1_210' title='bbox 399 3455 502 3535; x_wconf 87' lang='lat' dir='ltr'>quam</span> <span class='ocrx_word' id='word_1_211' title='bbox 521 3443 605 3515; x_wconf 90' lang='lat' dir='ltr'>dum</span> <span class='ocrx_word' id='word_1_212' title='bbox 622 3446 813 3538; x_wconf 87' lang='lat' dir='ltr'>capiuntur,</span> <span class='ocrx_word' id='word_1_213' title='bbox 829 3447 925 3540; x_wconf 92' lang='lat' dir='ltr'>quod</span> <span class='ocrx_word' id='word_1_214' title='bbox 943 3447 1097 3520; x_wconf 87' lang='lat' dir='ltr'>studiose</span> <span class='ocrx_word' id='word_1_215' title='bbox 1115 3450 1218 3522; x_wconf 90' lang='lat' dir='ltr'>etiam</span> <span class='ocrx_word' id='word_1_216' title='bbox 1238 3450 1348 3544; x_wconf 91' lang='lat' dir='ltr'>inspi-</span> 
     </span>
    </p>
   </div>
   <div class='ocr_carea' id='block_1_7' title="bbox 262 3566 1398 4274">
    <p class='ocr_par' dir='ltr' id='par_1_7' title="bbox 262 3566 1398 4274">
     <span class='ocr_line' id='line_1_28' title="bbox 271 3566 1349 3659; baseline 0.008 -23"><span class='ocrx_word' id='word_1_217' title='bbox 271 3566 340 3650; x_wconf 87' lang='lat' dir='ltr'>cio,</span> <span class='ocrx_word' id='word_1_218' title='bbox 368 3567 533 3659; x_wconf 90' lang='lat' dir='ltr'>iuvatque</span> <span class='ocrx_word' id='word_1_219' title='bbox 570 3567 638 3638; x_wconf 89' lang='lat' dir='ltr'>iam</span> <span class='ocrx_word' id='word_1_220' title='bbox 664 3569 786 3642; x_wconf 91' lang='lat' dir='ltr'>hamos</span> <span class='ocrx_word' id='word_1_221' title='bbox 812 3591 853 3641; x_wconf 90' lang='lat' dir='ltr'>ac</span> <span class='ocrx_word' id='word_1_222' title='bbox 876 3571 963 3642; x_wconf 86' lang='lat' dir='ltr'>retia</span> <span class='ocrx_word' id='word_1_223' title='bbox 996 3581 1154 3644; x_wconf 90' lang='lat' dir='ltr'>tractare.</span> <span class='ocrx_word' id='word_1_224' title='bbox 1185 3571 1277 3657; x_wconf 89' lang='lat' dir='ltr'>Quid</span> <span class='ocrx_word' id='word_1_225' title='bbox 1306 3574 1349 3647; x_wconf 92' lang='lat' dir='ltr'>de</span> 
     </span>
     <span class='ocr_line' id='line_1_29' title="bbox 262 3689 1348 3796; baseline 0.007 -38"><span class='ocrx_word' id='word_1_226' title='bbox 262 3691 446 3776; x_wconf 66' lang='lat' dir='ltr'>‘vestibus</span> <span class='ocrx_word' id='word_1_227' title='bbox 470 3689 618 3784; x_wconf 91' lang='lat' dir='ltr'>quidde</span> <span class='ocrx_word' id='word_1_228' title='bbox 645 3693 767 3765; x_wconf 87' lang='lat' dir='ltr'>calceis</span> <span class='ocrx_word' id='word_1_229' title='bbox 793 3695 936 3796; x_wconf 77' lang='lat' dir='ltr'>loquar?</span> <span class='ocrx_word' id='word_1_230' title='bbox 962 3704 1093 3766; x_wconf 86' lang='lat' dir='ltr'>mutata</span> <span class='ocrx_word' id='word_1_231' title='bbox 1119 3705 1200 3767; x_wconf 91' lang='lat' dir='ltr'>sunt</span> <span class='ocrx_word' id='word_1_232' title='bbox 1222 3697 1348 3768; x_wconf 90' lang='lat' dir='ltr'>omnia.</span> 
     </span>
     <span class='ocr_line' id='line_1_30' title="bbox 271 3815 1349 3913; baseline 0.004 -29"><span class='ocrx_word' id='word_1_233' title='bbox 271 3815 347 3886; x_wconf 92' lang='lat' dir='ltr'>Non</span> <span class='ocrx_word' id='word_1_234' title='bbox 368 3816 424 3886; x_wconf 90' lang='lat' dir='ltr'>ille</span> <span class='ocrx_word' id='word_1_235' title='bbox 443 3837 542 3888; x_wconf 89' lang='lat' dir='ltr'>meus</span> <span class='ocrx_word' id='word_1_236' title='bbox 557 3815 711 3900; x_wconf 81' lang='lat' dir='ltr'>habitus3</span> <span class='ocrx_word' id='word_1_237' title='bbox 733 3839 841 3901; x_wconf 91' lang='lat' dir='ltr'>meus,</span> <span class='ocrx_word' id='word_1_238' title='bbox 861 3818 1009 3911; x_wconf 80' lang='lat' dir='ltr'>inquam.</span> <span class='ocrx_word' id='word_1_239' title='bbox 1027 3827 1167 3913; x_wconf 88' lang='lat' dir='ltr'>propter</span> <span class='ocrx_word' id='word_1_240' title='bbox 1185 3818 1349 3892; x_wconf 84' lang='lat' dir='ltr'>eximiam</span> 
     </span>
     <span class='ocr_line' id='line_1_31' title="bbox 272 3937 1398 4033; baseline 0.007 -27"><span class='ocrx_word' id='word_1_241' title='bbox 272 3937 458 4010; x_wconf 87' lang='lat' dir='ltr'>vanitatem</span> <span class='ocrx_word' id='word_1_242' title='bbox 473 3962 555 4033; x_wconf 89' lang='lat' dir='ltr'>qua,</span> <span class='ocrx_word' id='word_1_243' title='bbox 577 3942 682 4026; x_wconf 84' lang='lat' dir='ltr'>salva,</span> <span class='ocrx_word' id='word_1_244' title='bbox 699 3941 734 4010; x_wconf 92' lang='lat' dir='ltr'>ni</span> <span class='ocrx_word' id='word_1_245' title='bbox 751 3942 857 4025; x_wconf 81' lang='lat' dir='ltr'>fallor,</span> <span class='ocrx_word' id='word_1_246' title='bbox 877 3939 1057 4014; x_wconf 89' lang='lat' dir='ltr'>honestate</span> <span class='ocrx_word' id='word_1_247' title='bbox 1077 3951 1113 4014; x_wconf 92' lang='lat' dir='ltr'>et</span> <span class='ocrx_word' id='word_1_248' title='bbox 1132 3942 1258 4014; x_wconf 91' lang='lat' dir='ltr'>decore</span> <span class='ocrx_word' id='word_1_249' title='bbox 1276 3963 1351 4014; x_wconf 88' lang='lat' dir='ltr'>ser·</span> <span class='ocrx_word' id='word_1_250' title='bbox 1396 3977 1398 3984; x_wconf 95' lang='lat'>·</span> 
     </span>
     <span class='ocr_line' id='line_1_32' title="bbox 274 4062 1351 4157; baseline 0.008 -29"><span class='ocrx_word' id='word_1_251' title='bbox 274 4069 363 4144; x_wconf 83' lang='lat' dir='ltr'>vato,</span> <span class='ocrx_word' id='word_1_252' title='bbox 382 4062 472 4132; x_wconf 90' lang='lat' dir='ltr'>inter</span> <span class='ocrx_word' id='word_1_253' title='bbox 488 4083 589 4157; x_wconf 88' lang='lat' dir='ltr'>pares</span> <span class='ocrx_word' id='word_1_254' title='bbox 606 4063 687 4136; x_wconf 92' lang='lat' dir='ltr'>olim</span> <span class='ocrx_word' id='word_1_255' title='bbox 706 4065 858 4157; x_wconf 88' lang='lat' dir='ltr'>conspici</span> <span class='ocrx_word' id='word_1_256' title='bbox 871 4063 973 4138; x_wconf 90' lang='lat' dir='ltr'>dulce</span> <span class='ocrx_word' id='word_1_257' title='bbox 989 4067 1062 4136; x_wconf 83' lang='lat' dir='ltr'>luit.</span> <span class='ocrx_word' id='word_1_258' title='bbox 1081 4063 1278 4157; x_wconf 83' lang='lat' dir='ltr'>Agricolam</span> <span class='ocrx_word' id='word_1_259' title='bbox 1295 4087 1351 4137; x_wconf 92' lang='lat' dir='ltr'>me</span> 
     </span>
     <span class='ocr_line' id='line_1_33' title="bbox 276 4184 1350 4274; baseline 0.009 -22"><span class='ocrx_word' id='word_1_260' title='bbox 276 4203 338 4252; x_wconf 89' lang='lat' dir='ltr'>sou</span> <span class='ocrx_word' id='word_1_261' title='bbox 371 4194 542 4274; x_wconf 89' lang='lat' dir='ltr'>pastorem</span> <span class='ocrx_word' id='word_1_262' title='bbox 577 4184 729 4271; x_wconf 81' lang='lat' dir='ltr'>dixeris,</span> <span class='ocrx_word' id='word_1_263' title='bbox 764 4211 842 4258; x_wconf 89' lang='lat' dir='ltr'>cum</span> <span class='ocrx_word' id='word_1_264' title='bbox 880 4197 994 4260; x_wconf 89' lang='lat' dir='ltr'>tamen</span> <span class='ocrx_word' id='word_1_265' title='bbox 1027 4187 1141 4262; x_wconf 87' lang='lat' dir='ltr'>adbuc</span> <span class='ocrx_word' id='word_1_266' title='bbox 1171 4197 1206 4260; x_wconf 87' lang='lat' dir='ltr'>et</span> <span class='ocrx_word' id='word_1_267' title='bbox 1241 4189 1350 4262; x_wconf 89' lang='lat' dir='ltr'>vestis</span> 
     </span>
    </p>
   </div>
   <div class='ocr_carea' id='block_1_8' title="bbox 0 0 1499 4804">
    <p class='ocr_par' dir='ltr' id='par_1_8' title="bbox 0 0 1499 4804">
     <span class='ocr_line' id='line_1_34' title="bbox 0 0 1499 4804; baseline 0 0"><span class='ocrx_word' id='word_1_268' title='bbox 0 0 1499 4804; x_wconf 95' lang='lat' dir='ltr'> </span> 
     </span>
    </p>
   </div>
  </div>
 </body>
</html>
