3024 4802
415 347 508 396 nrnnn
529 345 997 398 comsumptus-unrocus
1020 347 1080 396 xvi.
1231 335 1289 396 553

207 481 349 574 trigorio
369 481 602 576 consopitum,
624 500 732 575 prope
754 502 844 552 unus
867 503 1005 574 semper
1024 482 1108 554 vitae
1128 501 1218 554 meae
1239 492 1290 554 te-

206 627 273 678 nor
292 602 368 689 luit,
383 614 512 676 etcum
534 623 630 697 saepe
644 603 779 676 interim
793 605 868 675 loca
881 602 1098 687 mutaverim,
1117 603 1173 676 ille
1189 626 1290 675 man·

208 729 255 800 sit
274 724 468 798 immobilis.
491 727 589 798 Hunc
610 748 713 798 nemo
734 737 768 798 te
788 724 913 798 melius
933 745 1040 798 nosse
1054 724 1168 796 debet.
1183 727 1290 800 Paulo

207 852 324 922 minus
343 848 484 922 biennio
501 849 632 943 hospes
653 860 735 921 tuus
751 848 810 920 fui.
833 848 935 932 Quod
956 859 1039 920 tunc
1058 845 1178 920 vidisti
1198 871 1290 920 nunc

206 984 369 1064 agentern
395 972 523 1065 cogita,
557 971 623 1042 nisi
654 973 737 1064 quia
768 995 838 1064 quo
863 971 977 1063 magis
1001 969 1219 1066 progredior,
1247 990 1289 1042 eo

207 1096 322 1187 magis
343 1096 511 1179 accelem,
531 1105 566 1166 et
583 1096 777 1167 coufessus
791 1092 961 1167 viatorad
974 1115 1160 1187 vesperam
1174 1091 1291 1165 adhuc

206 1218 324 1310 longai
342 1218 412 1288 viae
433 1215 641 1308 cogitatione
667 1217 805 1309 suspiro
826 1228 861 1290 et
880 1219 996 1290 calcar
1020 1215 1166 1299 incutio,
1188 1215 1290 1288 lassi-

207 1339 364 1412 tudinem
384 1339 525 1412 excutio
544 1351 580 1412 et
599 1360 764 1431 gressum
784 1342 960 1431 ingemino
980 1340 1219 1436 etmultiplex
1237 1338 1291 1410 vi-

206 1472 254 1534 tae
275 1462 418 1534 taedium
438 1460 635 1535 obliviscor.
654 1464 775 1557 ltaque
795 1463 919 1537 diebus
941 1486 982 1536 ac
1002 1463 1162 1536 noctibus
1183 1466 1291 1540 vicis-

206 1585 274 1656 sim
294 1586 373 1677 logo
394 1595 428 1657 et
449 1583 578 1671 scribo,
601 1570 748 1660 alterum
768 1608 858 1679 opus
883 1589 1019 1660 alterno
1044 1589 1206 1660 relevans
1234 1613 1291 1665 so·

206 1708 297 1793 lotio,
325 1719 364 1780 ut
397 1729 487 1781 unus
518 1708 618 1782 labor
649 1709 793 1782 alterius
820 1709 958 1802 requies
983 1731 1024 1786 ao
1044 1711 1207 1784 levamen
1233 1715 1289 1787 sit.

205 1829 307 1902 Nulla
339 1829 424 1900 mihi
455 1829 636 1906 delectatio
668 1831 817 1916 aliunde,
844 1833 937 1904 nulla
963 1832 1107 1905 vivendi
1139 1834 1289 1910 dulcedo

205 1953 288 2034 alia3
311 1950 374 2023 sed
393 1952 470 2023 haec
490 1954 565 2046 ipsa
585 1976 642 2026 me
662 1962 864 2047 praegravat
884 1967 990 2050 atque
1011 1969 1155 2030 exercet
1174 1980 1290 2053 usque

206 2076 309 2160 adeo,
332 2086 371 2148 ut
390 2073 458 2146 hac
477 2074 631 2169 dempta,
653 2076 717 2148 vix
742 2075 948 2169 intelligam,
970 2078 1064 2150 unde
1086 2059 1171 2150 milri
1191 2079 1289 2156 labor

206 2209 267 2272 aut
287 2197 438 2292 requies.
459 2197 528 2269 llos
552 2197 635 2268 mihi
659 2196 822 2292 equidem
850 2198 939 2271 inter
969 2221 1094 2272 manus
1115 2213 1287 2289 crescunt,

206 2332 242 2394 et
262 2319 411 2395 subinde
432 2321 509 2392 aliae
528 2331 633 2414 atque
654 2321 731 2392 allae
751 2318 944 2394 adveniunt
961 2319 1207 2408 abeuntevita,
1228 2345 1290 2396 ve-

207 2466 355 2538 rumque
389 2443 419 2516 si
443 2443 543 2516 lateri
576 2454 723 2536 oportet,
758 2454 865 2517 terret
897 2466 953 2516 me
973 2455 1069 2517 tanta
1095 2457 1290 2540 coeptorum

207 2569 316 2641 moles
338 2568 373 2639 in
394 2581 464 2641 tam
484 2590 594 2663 parva
614 2568 698 2640 vitae
718 2587 809 2640 area.
836 2568 887 2638 De
919 2577 1049 2640 eventu
1074 2569 1168 2640 Deus
1192 2568 1290 2643 vide·

207 2691 260 2776 rit,
287 2693 344 2762 cni
375 2690 558 2764 notissima
589 2701 645 2762 est
675 2692 839 2762 voluntas
865 2711 954 2775 mea,
981 2712 1086 2783 quam
1115 2691 1145 2762 si
1170 2691 1290 2764 utilem
1398 2727 1400 2732 v

207 2815 334 2886 animae
355 2814 501 2900 noverit,
524 2812 705 2886 adiuvabit
725 2835 837 2906 spero.
861 2813 1054 2906 Utcumque
1074 2826 1192 2887 autem
1212 2815 1289 2908 ipsa

207 2935 290 3008 sibi
306 2938 470 3010 voluntas
496 2947 551 3010 est
574 2936 772 3030 praemium,
795 2935 956 3028 quamvis
982 2936 1077 3010 nuda
1101 2948 1137 3010 et
1161 2939 1289 3031 optatis

207 3057 353 3150 spoliata
374 3056 607 3130 successibus.
629 3060 706 3151 Ego
728 3057 865 3129 interim
892 3057 1026 3144 anhelo,
1046 3057 1164 3151 vigilo,
1188 3059 1287 3144 sudo,

206 3190 332 3264 aestuo,
355 3179 446 3251 nitor
465 3179 501 3250 in
523 3179 722 3265 adversum,
746 3192 782 3254 et
802 3180 862 3252 ubi
883 3182 1026 3259 densior
1047 3182 1287 3256 difficultatum

207 3323 325 3396 sepes,
355 3324 398 3374 eo
429 3301 576 3372 alacrior
596 3321 758 3394 gressum
785 3303 865 3386 sero,
888 3304 965 3396 ipsa
993 3326 1109 3376 rerum
1135 3305 1289 3378 novitate

207 3445 271 3498 seu
291 3424 478 3519 asperitate
499 3424 671 3498 excitatus
698 3433 803 3518 atque
828 3423 1010 3518 impulsus.
1033 3423 1157 3496 Certus
1178 3424 1286 3510 labor,

206 3549 341 3621 fructus
366 3549 531 3622 incertus
565 3547 694 3620 Malum
721 3546 804 3617 mibi
837 3568 1020 3619 commune
1049 3568 1128 3618 oum
1150 3546 1287 3619 caeteris

206 3669 361 3743 studium
382 3671 449 3743 hoc
473 3669 656 3763 ingressis.
678 3668 739 3741 His
760 3668 893 3741 intento
913 3666 1072 3740 defluunt
1092 3678 1287 3760 temporum

206 3793 376 3886 reliquiae,
399 3804 435 3866 et
454 3814 611 3888 egocum
634 3791 701 3864 illis
716 3790 760 3864 ad
779 3802 977 3865 extremum
999 3811 1051 3876 eo,
1074 3801 1109 3862 et
1130 3789 1287 3861 mortalis

206 3916 391 3988 immortali
423 3937 563 4011 premor
581 3915 758 3988 exercitio.
780 3915 935 3987 Dextera
960 3912 1102 4007 quidem
1128 3911 1285 4000 calamis,

206 4041 327 4111 oculus
340 4037 477 4130 vigiliis,
499 4050 620 4132 pectus
634 4021 727 4110 curis
742 4037 910 4110 atteritur.
925 4038 1031 4108 Totus
1052 4035 1120 4106 iam
1138 4033 1288 4108 obdurui

206 4171 309 4254 atque
322 4159 498 4255 percallui,
515 4173 552 4234 ut
565 4160 740 4234 Ciceronis
754 4159 862 4234 nostri
878 4158 988 4232 verbo
1001 4167 1091 4245 utar,
1108 4170 1143 4232 ct
1157 4159 1185 4232 si
1201 4160 1287 4232 lorto
