2988 4800
386 375 478 422 LlBEll
500 373 922 423 obeuntibus-utusrotx
947 376 1008 424 lllll.
1180 364 1236 424 ’189
1329 352 1333 358 ¹

156 511 288 583 Lucius
315 511 520 603 Torquatus,
555 511 692 581 Marcus
719 511 802 580 Cato
834 511 1005 581 Uticensis
1031 522 1067 583 et
1100 513 1237 582 Marcus

155 635 253 718 Piso,
282 655 362 704 cum
385 631 511 725 quibus
537 632 706 702 bonorum
727 629 815 702 fines
840 653 987 724 operosa
1007 632 1240 726 disputatione
1302 637 1305 642 ’

156 756 331 830 firmabat.
354 745 486 827 Aderat
517 765 634 826 orator
665 754 888 838 Hortensius,
916 754 1036 826 aderat
1055 757 1238 849 Epicurus.

156 881 343 952 Adversus
365 881 511 949 alterum
526 877 743 950 ciceroniana
761 876 990 972 philosophiae
1007 879 1095 963 lauS,
1114 878 1241 951 adver-

156 1025 220 1074 sus
258 1006 407 1074 alterum
437 1001 613 1073 infamatio
646 1000 846 1094 voluptatis.
874 1001 1028 1072 Aderant
1049 1002 1180 1073 Laelius
1205 1012 1248 1073 et·

156 1128 288 1222 Scipio,
308 1150 386 1198 cum
405 1126 532 1219 quibus
550 1136 585 1196 et
603 1147 698 1197 verae
719 1125 878 1197 amicitiae
898 1136 933 1196 et
953 1127 1092 1219 optimae
1113 1127 1241 1221 Reipu-

156 1249 259 1344 blicae
276 1252 420 1321 sormam
440 1248 555 1321 dabat.
576 1247 626 1319 Ac
645 1271 688 1319 ne
710 1249 744 1317 in
766 1247 937 1318 inlinitum
961 1248 1084 1341 rapiar,
1104 1249 1240 1320 externi

157 1395 262 1465 reges
284 1372 428 1444 aderant
447 1371 600 1443 romanis
618 1371 755 1444 civibus
776 1373 981 1458 intermixti,
1010 1395 1099 1466 quos
1124 1373 1159 1443 in
1184 1397 1241 1446 ca-

156 1494 323 1588 pitalibus
354 1495 470 1567 causis
506 1493 624 1566 Cicero
657 1493 749 1565 idem
782 1493 901 1565 divina
921 1517 1066 1586 prorsus
1087 1496 1240 1567 oratione

156 1618 373 1689 defenderat.
395 1616 497 1700 Quod
528 1628 644 1688 autern
671 1617 873 1688 nominatim
895 1617 939 1689 ad
966 1617 1116 1690 libellum
1143 1629 1240 1690 tuum

158 1741 291 1825 attinet,
314 1742 432 1824 amice,
454 1752 489 1812 et
509 1741 589 1811 Milo
610 1740 792 1824 defensus
807 1749 842 1810 et
854 1743 1053 1814 Laterensis
1072 1743 1239 1828 offensus

156 1875 189 1936 et
210 1866 308 1958 Sylla
332 1871 537 1947 excusatus
560 1873 596 1933 et
615 1865 801 1956 Pompeius
823 1865 982 1937 laudatus
1004 1867 1158 1939 aderant.
1181 1868 1241 1938 His

156 1986 323 2079 equidem
348 1987 494 2079 aliisque
515 1986 551 2057 id
576 2007 689 2078 genus
715 1986 899 2059 comitibus
927 1992 1109 2081 tranquilla
1134 2001 1169 2062 et
1188 1990 1241 2061 iu-

157 2110 274 2181 cunda
292 2119 327 2179 et
344 2109 425 2178 felix
443 2109 622 2181 rusticatio
642 2131 718 2181 mea
735 2111 807 2194 suit,
827 2111 932 2183 modo
949 2111 1144 2183 diuturnior
1156 2112 1242 2182 fuis-

158 2241 220 2302 set.
249 2231 334 2302 Mox
359 2230 451 2300 enim
472 2231 557 2301 mibi
583 2231 706 2301 iterum
729 2232 837 2302 invito
858 2253 969 2302 uncus
1001 2230 1148 2304 iniectus
1171 2244 1238 2318 est,

157 2364 400 2446 retractusque
418 2375 494 2424 sum
513 2355 557 2425 ad
574 2355 711 2437 interos,
732 2352 823 2424 unde
837 2353 914 2426 haec
929 2354 987 2424 tibi
1002 2377 1095 2426 nuuc
1115 2355 1238 2426 scribo.

146 2477 275 2549 'Turba
300 2477 381 2547 fecit
405 2477 669 2569 occupationum
697 2487 735 2548 ut
758 2499 823 2548 nec
847 2499 954 2570 puero
981 2499 1059 2549 meo
1086 2477 1239 2548 libellum

160 2613 257 2673 tuum
280 2601 532 2673 transcribendi
552 2602 664 2694 copia,
692 2623 755 2672 nec
781 2601 828 2669 illi
854 2602 979 2671 iterum
1007 2600 1174 2672 redeundi
1195 2601 1241 2672 ad

160 2735 189 2793 te
217 2725 364 2793 facultas
398 2721 512 2806 fuerit,
547 2743 658 2814 neque
682 2721 779 2815 prius
808 2723 958 2792 futuram
992 2743 1107 2815 spero,
1128 2743 1241 2815 ·quam

159 2846 263 2917 ambo
290 2844 418 2938 pariter
449 2844 484 2913 iu
515 2844 643 2916 ltaliam
679 2844 877 2915 redeamus:
903 2865 1008 2936 quem
1037 2844 1130 2915 diem
1157 2844 1241 2914 mihi

161 2969 393 3062 propinquum
421 2967 588 3061 spondeo,
613 2969 641 3038 si
663 2960 875 3039 Foreusem¹
901 2967 999 3060 prius
1024 2979 1181 3040 nostrum
1208 2967 1243 3037 in

160 3093 343 3185 praelatum
365 3090 526 3162 Helicona
543 3091 755 3184 perduxero,
779 3089 918 3183 quando
935 3111 1015 3162 eum
1032 3092 1182 3163 otiosum
1202 3114 1243 3164 ac

161 3235 312 3284 vacuum
338 3213 373 3282 in
399 3210 454 3281 his
480 3210 680 3303 regionibus
701 3222 825 3282 nactus
850 3214 963 3283 fuero:
989 3221 1027 3283 ut
1053 3213 1243 3306 siquando

161 3337 305 3426 posthac
322 3339 380 3407 vel
396 3335 454 3406 sati
476 3335 526 3417 vi,
549 3337 605 3405 vel
628 3334 743 3406 studio
763 3335 942 3406 varietatis
960 3337 1242 3434 propellendique

163 3459 289 3530 fastidii
316 3481 384 3530 non
418 3459 558 3551 quidem
585 3458 666 3542 huc,
695 3458 788 3551 quod
814 3481 869 3530 me
895 3461 1033 3530 volente
1065 3481 1240 3552 nunquam

163 3581 242 3665 erit,
265 3581 329 3652 sed
350 3581 429 3652 illuc
448 3583 534 3652 forte
557 3591 787 3665 retranseam,
809 3590 904 3652 tanto
924 3589 1014 3651 teste
1034 3581 1067 3650 in
1089 3581 1242 3652 medium

164 3704 337 3795 producto,
361 3704 449 3775 inter
467 3707 596 3776 amicos
617 3703 752 3796 patrios
769 3703 1003 3775 excusabilior
1031 3703 1105 3773 sim.
1128 3705 1222 3773 Vale.

306 3849 439 3905 Kalendis
453 3849 564 3921 Aprilis.

240 4013 247 4045 ¹
265 4013 326 4064 lleic
342 4015 367 4064 in
380 4015 466 4066 codice
484 4014 609 4066 llarciano
622 4014 660 4078 (Z)
672 4027 748 4064 manu
761 4014 847 4064 Jacobi
860 4013 996 4064 Florentiui
1009 4012 1112 4076 legitur:
1128 4012 1244 4076 Loquitur

167 4091 194 4140 dc
211 4093 317 4144 Domino
330 4095 438 4147 Forensc
451 4098 479 4145 dc
497 4097 599 4148 Donatis
610 4096 640 4147 dc
653 4095 793 4153 Florentia,
812 4096 853 4159 qui
866 4097 919 4145 erat
932 4096 984 4144 tum
1001 4093 1122 4144 tronione
1134 4107 1190 4144 rum
1202 4092 1244 4142 ‹lo-

167 4172 231 4224 miuo
242 4175 336 4238 Acpelo
348 4178 377 4226 de
389 4177 496 4228 mulctis
508 4177 626 4242 Episcopo
639 4175 791 4228 Florentino.
