2988 4800
433 395 526 444 urana
548 393 907 444 uncinus-ammom
929 395 957 444 r.
1195 379 1234 442 93

148 551 262 624 quove
280 531 333 602 ire
348 532 394 602 sit
409 552 559 616 neeesse,
574 537 781 623 quantoque,
798 530 912 615 miser,
928 530 1041 603 absim
1055 529 1235 602 intervallo

148 655 191 726 ab
206 655 276 726 alia
301 654 414 747 patria
434 663 551 725 nostra
569 653 779 738 Ierusalem,
803 653 848 724 ad
869 676 983 745 quam,
1002 652 1070 724 nisi
1088 675 1151 725 nos
1169 675 1232 724 no-

149 777 210 849 stri
231 777 456 848 immemores
476 777 594 847 luscus
616 785 651 846 et
667 777 782 847 luteus
800 797 918 848 carcer
935 775 1025 860 iacit,
1046 797 1183 871 semper
1198 777 1232 846 iu

149 899 213 972 hoc
233 899 344 972 exilio
362 899 591 992 suspiramus.
613 898 704 982 Quid
724 922 816 971 nuuc
835 898 971 972 dicam‘l
990 899 1152 971 Gratulor
1172 897 1231 971 tibi

149 1022 292 1095 etmihi
315 1024 484 1114 gratulor:
519 1020 580 1092 tibi
603 1023 707 1093 talem
737 1023 900 1106 animum,
924 1022 1008 1092 mihi
1030 1024 1133 1093 talem
1151 1043 1232 1096 esse

151 1167 371 1238 germanum.
390 1145 503 1215 Unum
521 1144 611 1215 inter
628 1143 716 1216 duas
736 1145 982 1236 gratulationes
997 1155 1052 1218 est
1066 1144 1159 1238 quod
1171 1144 1233 1218 do-

151 1269 264 1353 leam,
285 1268 383 1359 quod
402 1269 569 1368 lugeam,
606 1266 700 1361 quod
720 1289 862 1360 querar,
891 1268 1033 1340 eosdem
1060 1277 1231 1362 parentes,

151 1413 219 1462 non
254 1379 357 1462 idem'
377 1389 474 1462 sidus
507 1390 617 1462 luisse
649 1389 885 1462 nascentibus.
908 1390 1017 1462 Nimis
1043 1390 1233 1462 dissimiles

153 1535 289 1597 sumus
312 1514 431 1598 trater,
454 1512 558 1584 nimis
577 1513 726 1606 impares
743 1521 863 1606 partus
881 1514 1004 1586 eadem
1025 1517 1126 1586 alvus
1147 1513 1233 1584 edu-

152 1641 214 1723 dit3
237 1649 276 1711 ut
297 1637 440 1730 intelligi
463 1637 586 1734 possit,
622 1660 691 1709 non
720 1635 915 1709 mortalium
942 1645 1154 1732 parentum„
1169 1635 1233 1706 sed

153 1760 283 1833 AEterni
304 1758 415 1831 Patris
439 1781 568 1832 munus
589 1781 679 1843 esse,
699 1761 793 1853 quod
814 1781 948 1832 sumus.
963 1760 1055 1845 Quid
1067 1759 1158 1832 euim
1173 1780 1232 1852 pa-

152 1895 210 1970 ter,
234 1883 303 1955 nisi
325 1883 394 1954 vile
417 1885 562 1954 semen?
582 1882 673 1967 Quid
694 1881 760 1954 nisi
778 1884 909 1956 ioedum
927 1893 1037 1958 mater
1054 1882 1233 1956 habitacu-

148 2007 246 2075 lum?
270 2008 366 2076 Deus
392 2005 554 2090 animam,
590 2007 684 2077 Deus
714 2005 846 2088 vitam,
874 2008 968 2076 Deus
1006 2007 1230 2092 intellectum,

146 2129 241 2200 Deus
268 2129 459 2222 appetitum
488 2126 583 2212 boni,
617 2129 712 2200 Deus
745 2127 877 2199 arbitrii
910 2127 1102 2199 libertatem
1122 2127 1230 2200 dedit.

147 2250 328 2343 Quidquid
342 2259 509 2336 sanctum,
524 2251 692 2343 quidquid
707 2251 922 2342 religiosum,
939 2249 1108 2345 quidquid
1122 2251 1229 2344 pium,

146 2372 320 2466 quidquid
340 2376 517 2446 excellens
538 2373 643 2446 habet
659 2375 811 2446 humana
824 2383 957 2459 natura,
982 2384 1090 2446 totum
1110 2372 1155 2444 ab
1175 2371 1233 2445 illo

147 2508 214 2570 est.
236 2496 403 2590 Epistolae
427 2497 568 2590 quidem
590 2506 667 2584 tute,
689 2517 769 2592 quae
790 2497 873 2568 milri
895 2496 1052 2600 simulet
1073 2500 1231 2570 solamen

146 2621 263 2691 attulit
281 2629 317 2692 et
336 2619 517 2714 pudorem,
537 2620 572 2690 iu
593 2643 661 2714 qua
683 2632 716 2694 te
736 2643 883 2694 cernens
901 2619 1046 2713 gaudeo,
1063 2643 1117 2694 me
1134 2621 1230 2714 cogi·

147 2751 227 2815 taus
240 2742 426 2829 erubesco,
442 2743 527 2837 quid
545 2744 775 2846 respondeam
790 2766 857 2815 non
871 2743 1001 2829 habeo,
1016 2743 1083 2814 nisi
1101 2743 1230 2838 optima

147 2875 183 2936 et
203 2864 435 2936 saluberrima
463 2851 544 2936 esse
574 2885 655 2958 quae
675 2864 783 2949 diois;
805 2873 841 2936 et
860 2887 1070 2958 quamquam
1091 2865 1230 2958 magnis

148 2988 294 3081 probata
315 2987 472 3072 testibus
490 3009 571 3060 esse
591 2997 706 3060 tamen
732 2990 788 3060 vel
817 2989 892 3060 sine
916 2997 1005 3060 teste
1033 2987 1230 3062 verissima.

147 3111 239 3196 Quid
259 3111 362 3197 enim,
384 3123 511 3185 cetera
530 3123 567 3186 ut
584 3112 750 3199 omittam,
766 3112 824 3184 illa
838 3113 967 3184 certius
982 3112 1161 3196 sententia,
1176 3111 1232 3184 cui

147 3235 379 3330 adstipulator
413 3234 581 3328 quaeritur
614 3234 844 3328 Augustinus
879 3235 1080 3308 discordare
1112 3257 1230 3308 seeum

149 3358 265 3430 studia
287 3357 467 3430 hominum
485 3368 520 3430 et
537 3358 705 3432 affectus?
722 3359 798 3443 Qua
816 3361 851 3431 in
868 3381 906 3432 re
923 3371 1058 3454 patere,
1082 3383 1151 3446 oro,
1175 3382 1232 3433 me

149 3483 251 3576 paulo
272 3480 416 3567 liberius
438 3481 595 3574 evagari,
623 3493 668 3569 et,
697 3483 899 3578 priusquam
926 3485 970 3556 ad
996 3482 1231 3577 Augustinum

148 3603 296 3686 veniam,
319 3602 365 3675 de
386 3624 463 3677 meo
484 3603 614 3697 aliquid
633 3605 742 3700 loqui,
762 3606 854 3700 quod
873 3617 908 3680 et
926 3606 1009 3678 mihi
1026 3605 1230 3678 delectabile

149 3736 184 3796 et
203 3725 266 3796 tibi
286 3727 374 3798 sorte
396 3747 465 3798 non
487 3728 671 3800 molestum
693 3728 804 3801 luerit.
826 3727 1034 3800 Discordant
1059 3728 1128 3798 otia
1152 3749 1232 3799 eum

149 3849 312 3933 omnium,
338 3871 418 3922 oum
445 3849 548 3923 etiam
573 3852 787 3944 singulorum
809 3851 998 3924 hominum.
1022 3852 1166 3935 Fateor,
1193 3862 1233 3923 et

150 3993 280 4062 negare
300 3993 370 4044 non
390 3975 644 4068 possum;'soio
664 3975 750 4046 alios
772 3985 807 4046 et
827 3995 882 4046 me
903 3972 1019 4063 ipsum
1041 3973 1122 4045 seio.
1145 3975 1234 4046 Con-

151 4095 299 4186 templor
319 4095 533 4181 catervatim,
552 4107 589 4168 et
605 4096 805 4189 singulatim
818 4097 1030 4189 contemplor
1043 4096 1233 4168 humanum

152 4235 272 4305 genus.
295 4215 387 4300 Quid
407 4241 493 4291 vero
513 4220 557 4292 de
579 4221 739 4293 omnibus
766 4222 894 4305 dicam,
923 4229 997 4305 aut,
1024 4221 1104 4315 quis
1131 4223 1233 4292 lando
