3002 4794
252 368 290 428 88
587 379 628 426 on
650 377 751 426 nasos
772 377 994 427 rlumrnamus

252 515 382 608 saepius
411 537 466 585 me
499 515 678 586 Silvanum
711 536 816 607 quam
851 514 1075 584 Franciscum
1107 523 1250 598 vocant,
1276 537 1331 587 se

250 637 355 708 cundi
375 647 489 709 autem
514 636 609 729 quia,
636 658 716 707 cum
737 659 845 706 unum
867 657 913 706 ex
935 636 1136 732 cyclopibus
1157 637 1330 709 Monicum

251 760 368 832 dicant
386 761 487 854 quasi
508 761 743 843 monoculum,
772 757 808 828 id
833 757 985 850 quodam
1011 767 1171 854 respectu
1194 759 1332 854 proprie

252 882 313 952 tibi
332 884 518 954 convenire
544 883 659 954 visum
685 891 755 966 est,
783 881 843 974 qui
864 903 884 951 e
904 881 1043 952 duobus
1069 882 1178 952 oculis
1203 880 1331 974 quibus

252 1027 373 1077 omnes
407 1005 636 1078 communiter
669 1003 802 1074 utimur
835 1006 1015 1089 mortales,
1049 1024 1198 1096 quorum
1223 1005 1332 1075 altem

253 1129 382 1200 scilicet
412 1127 715 1212 coelestia„altero
741 1137 879 1197 terrena
901 1127 1115 1220 respicimus,
1138 1135 1175 1196 tu
1196 1137 1332 1197 terrena

250 1261 449 1322 cernentem
479 1249 650 1335 abiecisti,
672 1253 773 1322 oculo
793 1250 933 1322 meliore
953 1260 1147 1321 contentus.
1167 1248 1329 1335 Antrum,

251 1373 311 1444 ubi
338 1373 489 1445 solitarie
510 1373 605 1464 degit
620 1373 794 1458 MonicuS,
817 1374 918 1445 Mons
935 1373 1015 1443 Rivi
1033 1382 1090 1444 est
1110 1372 1169 1444 ubi
1188 1383 1224 1444 tu
1240 1393 1332 1442 nunc

251 1498 481 1569 monasticam
502 1497 610 1569 vitam
632 1495 709 1588 agis
730 1497 821 1567 inter
843 1498 1026 1590 speluncas
1047 1506 1082 1569 et
1102 1518 1253 1580 nemora,
1276 1497 1332 1567 vel

251 1622 367 1717 ipsum
399 1632 536 1692 antrum
566 1620 690 1712 inquo
720 1619 828 1690 Maria
857 1619 1063 1711 Magdalena
1096 1619 1332 1713 poenitentiam

251 1745 336 1836 egit,
359 1744 454 1836 quod
473 1744 685 1814 monasterio
705 1751 766 1814 tuo
782 1743 936 1814 vicinum
953 1754 1020 1814 est.
1038 1743 1090 1814 lbi
1105 1743 1198 1815 enim
1215 1745 1250 1813 in
1267 1744 1333 1815 hoc

252 1872 370 1931 sancto
390 1860 576 1952 proposito,
600 1860 727 1952 dequo
742 1863 850 1930 multa
864 1881 999 1930 mecum
1014 1859 1110 1953 prius
1123 1859 1330 1950 agitaveras,

219 1964 224 1978 ⁸
250 1985 321 2056 Deo
342 2007 402 2056 cor
422 1983 594 2055 lubricum
614 1984 835 2068 sublevante,
859 1981 1017 2054 firmatus
1035 2004 1086 2054 es.
1105 1984 1178 2052 Rus
1196 2003 1237 2053 ac
1253 2004 1333 2074 gre-

255 2131 347 2200 gem,
370 2129 518 2201 quorum
542 2107 721 2201 sprevisse
741 2128 860 2176 curam
887 2105 1027 2190 dicitur,
1049 2126 1113 2199 pro
1133 2104 1273 2176 civitate
1297 2115 1333 2174 et

249 2232 451 2304 hominibus
473 2232 633 2324 intellige,
652 2253 742 2326 quos
755 2231 790 2300 in
804 2231 1026 2302 solitudinem
1039 2230 1180 2320 lugiens
1193 2226 1334 2322 reliqui-

250 2357 305 2428 sti.
332 2357 444 2428 Unam
465 2357 574 2428 luisse
594 2356 794 2448 genitricem
822 2353 1017 2438 amborum,
1040 2353 1125 2445 quin
1145 2362 1332 2443 utrumque

248 2480 391 2571 insuper
415 2489 608 2570 parentem,
631 2501 700 2549 non
721 2477 888 2568 allegoria
915 2475 1130 2548 sedveritus
1151 2473 1246 2546 nuda
1265 2482 1331 2544 est.

248 2603 314 2672 Pro
335 2601 493 2693 sepulcro
513 2601 634 2670 ultima
655 2599 758 2671 sedes
782 2599 998 2691 intelligitur:
1025 2609 1059 2669 tc
1080 2597 1173 2671 enim
1194 2599 1330 2681 coelum,

249 2745 319 2808 mc,
346 2722 414 2794 nisi
439 2721 676 2793 misericordia
704 2721 921 2806 subvenerit,
949 2731 1102 2793 tartarus
1120 2730 1245 2790 manet.
1267 2720 1333 2790 Vel

250 2843 449 2939 simpliciter
469 2845 565 2936 quod
578 2844 726 2916 verbum
746 2854 847 2916 sonat
859 2843 1004 2936 intelligi
1018 2852 1148 2940 potest:
1164 2842 1225 2913 tibi
1240 2841 1332 2914 enim

248 2968 317 3038 iam
343 2976 440 3038 certa
472 2968 588 3052 sedes,
620 2989 732 3060 enque
765 2967 891 3038 certior
929 2989 1011 3061 spes
1049 2968 1213 3062 sepulcri:
1246 2964 1331 3036 mihi

248 3101 364 3162 autem
382 3089 497 3162 adhuc
517 3112 632 3183 vagus
652 3113 750 3163 error
763 3103 798 3162 et
817 3092 948 3166 incerta
962 3093 1087 3164 omnia.
1109 3091 1331 3162 lnaccessum

248 3235 429 3298 cacumen,
452 3214 497 3285 ad
514 3214 608 3308 quod
630 3219 739 3288 multo
757 3216 886 3288 sudore
907 3215 1052 3287 Silvium
1074 3215 1239 3286 anhelare
1256 3213 1331 3284 Μο-

248 3337 346 3408 nicus
366 3338 613 3430 exprobrando
633 3338 766 3421 obiicit,
782 3341 891 3428 ,famae
912 3337 1066 3421 rarioris,
1095 3347 1131 3410 et
1155 3337 1200 3408 ad
1224 3356 1330 3430 quam

247 3458 347 3553 pauci
365 3459 579 3553 perveniunt,
614 3461 760 3532 altitudo
784 3469 848 3532 est.
870 3462 1015 3532 Deserta
1044 3460 1172 3554 quibus
1205 3458 1331 3550 vagari

248 3582 377 3654 Silvius
398 3581 533 3666 dicitur,
556 3593 639 3653 sunl
660 3583 791 3666 studia;
818 3585 894 3654 haec
914 3607 1000 3656 vere
1021 3585 1162 3657 deserta
1178 3581 1331 3682 hodieet

247 3706 305 3776 vel
325 3705 411 3778 lucri
431 3705 592 3801 cupidine
613 3706 732 3778 relicta
752 3710 810 3778 vel
830 3707 1048 3800 ingeniorum
1066 3707 1252 3800 desperata
1274 3728 1330 3778 se-

248 3829 364 3920 gnitie.
386 3817 540 3901 Mdscosi
562 3830 694 3924 scopuli
716 3839 798 3902 sunt
817 3841 975 3924 potentes
996 3841 1032 3902 et
1057 3829 1201 3916 diviteS,
1224 3829 1331 3923 patri-

247 3951 362 4022 monio
382 3954 481 4022 volnt
501 3975 621 4024 musco
642 3953 755 4026 obsiti.
783 3937 910 4026 Fontes
936 3964 1100 4026 sonantes
1126 3953 1267 4026 litterati
1296 3937 1342 4025 et*

246 4074 449 4164 eloquentes
469 4075 628 4147 homines
649 4077 717 4149 dici
742 4087 909 4172 possunt:
936 4101 1086 4172 quorum
1119 4100 1166 4149 ex
1199 4075 1331 4169 ingenii

238 4193 415 4267 scatebris
454 4195 714 4290 disciplinarum
750 4200 852 4273 rivuli
889 4202 1061 4294 prodeunt
1096 4223 1174 4274 cum
1214 4199 1329 4273 sonitu
