<?xml version="1.0" encoding="UTF-8"?>
<!DOCTYPE html PUBLIC "-//W3C//DTD XHTML 1.0 Transitional//EN"
    "http://www.w3.org/TR/xhtml1/DTD/xhtml1-transitional.dtd">
<html xmlns="http://www.w3.org/1999/xhtml" xml:lang="en" lang="en">
 <head>
  <title>
</title>
<meta http-equiv="Content-Type" content="text/html;charset=utf-8" />
  <meta name='ocr-system' content='tesseract 3.04.00' />
  <meta name='ocr-capabilities' content='ocr_page ocr_carea ocr_par ocr_line ocrx_word'/>
</head>
<body>
  <div class='ocr_page' id='page_1' title='image "./franciscipetrar01fracgoog_0525.png"; bbox 0 0 3024 4802; ppageno 0'>
   <div class='ocr_carea' id='block_1_1' title="bbox 248 339 995 400">
    <p class='ocr_par' dir='ltr' id='par_1_1' title="bbox 248 339 995 400">
     <span class='ocr_line' id='line_1_1' title="bbox 248 339 995 400; baseline -0.005 0"><span class='ocrx_word' id='word_1_1' title='bbox 248 339 307 400; x_wconf 80' lang='lat' dir='ltr'>sll</span> <span class='ocrx_word' id='word_1_2' title='bbox 587 351 628 396; x_wconf 86' lang='lat' dir='ltr'>nu</span> <span class='ocrx_word' id='word_1_3' title='bbox 650 349 750 397; x_wconf 84' lang='lat' dir='ltr'>nunus</span> <span class='ocrx_word' id='word_1_4' title='bbox 773 347 995 397; x_wconf 81' lang='lat' dir='ltr'>rnururlnuaus</span> 
     </span>
    </p>
   </div>
   <div class='ocr_carea' id='block_1_2' title="bbox 248 483 1336 1175">
    <p class='ocr_par' dir='ltr' id='par_1_2' title="bbox 248 483 1336 1175">
     <span class='ocr_line' id='line_1_2' title="bbox 248 483 1332 577; baseline -0.006 -16"><span class='ocrx_word' id='word_1_5' title='bbox 248 490 347 561; x_wconf 91' lang='lat' dir='ltr'>Nunc</span> <span class='ocrx_word' id='word_1_6' title='bbox 367 496 400 559; x_wconf 90' lang='lat' dir='ltr'>te</span> <span class='ocrx_word' id='word_1_7' title='bbox 419 485 595 557; x_wconf 79' lang='lat' dir='ltr'>excitasse</span> <span class='ocrx_word' id='word_1_8' title='bbox 616 484 930 577; x_wconf 83' lang='lat' dir='ltr'>qualibuscumque</span> <span class='ocrx_word' id='word_1_9' title='bbox 952 483 1181 556; x_wconf 81' lang='lat' dir='ltr'>sermunculis</span> <span class='ocrx_word' id='word_1_10' title='bbox 1201 484 1332 575; x_wconf 89' lang='lat' dir='ltr'>glorior</span> 
     </span>
     <span class='ocr_line' id='line_1_3' title="bbox 250 596 1333 707; baseline -0.003 -22"><span class='ocrx_word' id='word_1_11' title='bbox 250 625 354 707; x_wconf 87' lang='lat' dir='ltr'>atque</span> <span class='ocrx_word' id='word_1_12' title='bbox 378 613 509 684; x_wconf 83' lang='lat' dir='ltr'>exulto.</span> <span class='ocrx_word' id='word_1_13' title='bbox 537 612 609 682; x_wconf 89' lang='lat' dir='ltr'>lam</span> <span class='ocrx_word' id='word_1_14' title='bbox 627 596 712 702; x_wconf 89' lang='lat' dir='ltr'>iuga</span> <span class='ocrx_word' id='word_1_15' title='bbox 732 611 870 704; x_wconf 80' lang='lat' dir='ltr'>Alpium</span> <span class='ocrx_word' id='word_1_16' title='bbox 905 613 1164 684; x_wconf 82' lang='lat' dir='ltr'>transcendenti</span> <span class='ocrx_word' id='word_1_17' title='bbox 1187 632 1333 684; x_wconf 86' lang='lat' dir='ltr'>occurro</span> 
     </span>
     <span class='ocr_line' id='line_1_4' title="bbox 250 733 1333 828; baseline -0.004 -19"><span class='ocrx_word' id='word_1_18' title='bbox 250 735 390 809; x_wconf 88' lang='lat' dir='ltr'>animis:</span> <span class='ocrx_word' id='word_1_19' title='bbox 405 735 502 806; x_wconf 90' lang='lat' dir='ltr'>baud</span> <span class='ocrx_word' id='word_1_20' title='bbox 514 735 677 828; x_wconf 89' lang='lat' dir='ltr'>equidem</span> <span class='ocrx_word' id='word_1_21' title='bbox 692 737 804 806; x_wconf 89' lang='lat' dir='ltr'>solus:</span> <span class='ocrx_word' id='word_1_22' title='bbox 822 733 956 806; x_wconf 85' lang='lat' dir='ltr'>infinita</span> <span class='ocrx_word' id='word_1_23' title='bbox 972 756 1109 806; x_wconf 88' lang='lat' dir='ltr'>mecum</span> <span class='ocrx_word' id='word_1_24' title='bbox 1129 733 1234 820; x_wconf 88' lang='lat' dir='ltr'>acies,</span> <span class='ocrx_word' id='word_1_25' title='bbox 1248 735 1333 827; x_wconf 89' lang='lat' dir='ltr'>quin</span> 
     </span>
     <span class='ocr_line' id='line_1_5' title="bbox 251 856 1336 953; baseline -0.001 -25"><span class='ocrx_word' id='word_1_26' title='bbox 251 861 326 953; x_wconf 89' lang='lat' dir='ltr'>ipsa</span> <span class='ocrx_word' id='word_1_27' title='bbox 346 865 505 929; x_wconf 91' lang='lat' dir='ltr'>nostrum</span> <span class='ocrx_word' id='word_1_28' title='bbox 526 856 681 929; x_wconf 90' lang='lat' dir='ltr'>omnium</span> <span class='ocrx_word' id='word_1_29' title='bbox 703 856 838 950; x_wconf 90' lang='lat' dir='ltr'>publica</span> <span class='ocrx_word' id='word_1_30' title='bbox 857 865 968 928; x_wconf 87' lang='lat' dir='ltr'>mater</span> <span class='ocrx_word' id='word_1_31' title='bbox 984 857 1091 940; x_wconf 90' lang='lat' dir='ltr'>ltalia,</span> <span class='ocrx_word' id='word_1_32' title='bbox 1106 865 1141 928; x_wconf 91' lang='lat' dir='ltr'>et</span> <span class='ocrx_word' id='word_1_33' title='bbox 1153 858 1260 930; x_wconf 83' lang='lat' dir='ltr'>ltaliae</span> <span class='ocrx_word' id='word_1_34' title='bbox 1277 879 1336 928; x_wconf 89' lang='lat' dir='ltr'>ca-</span> 
     </span>
     <span class='ocr_line' id='line_1_6' title="bbox 252 977 1336 1074; baseline -0.002 -21"><span class='ocrx_word' id='word_1_35' title='bbox 252 991 314 1074; x_wconf 92' lang='lat' dir='ltr'>put</span> <span class='ocrx_word' id='word_1_36' title='bbox 337 982 461 1064; x_wconf 90' lang='lat' dir='ltr'>Roma,</span> <span class='ocrx_word' id='word_1_37' title='bbox 485 977 545 1048; x_wconf 89' lang='lat' dir='ltr'>tibi</span> <span class='ocrx_word' id='word_1_38' title='bbox 578 978 694 1050; x_wconf 88' lang='lat' dir='ltr'>obviae</span> <span class='ocrx_word' id='word_1_39' title='bbox 720 980 799 1050; x_wconf 87' lang='lat' dir='ltr'>allis</span> <span class='ocrx_word' id='word_1_40' title='bbox 825 979 971 1052; x_wconf 90' lang='lat' dir='ltr'>vocibus</span> <span class='ocrx_word' id='word_1_41' title='bbox 999 979 1223 1072; x_wconf 81' lang='lat' dir='ltr'>virgilianum</span> <span class='ocrx_word' id='word_1_42' title='bbox 1251 979 1336 1051; x_wconf 94' lang='lat' dir='ltr'>illud</span> 
     </span>
     <span class='ocr_line' id='line_1_7' title="bbox 255 1105 468 1175; baseline -0.019 0"><span class='ocrx_word' id='word_1_43' title='bbox 255 1105 468 1175; x_wconf 87' lang='lat' dir='ltr'>exclamant:</span> 
     </span>
    </p>
   </div>
   <div class='ocr_carea' id='block_1_3' title="bbox 451 1256 1163 1433">
    <p class='ocr_par' dir='ltr' id='par_1_3' title="bbox 451 1256 1163 1433">
     <span class='ocr_line' id='line_1_8' title="bbox 454 1256 1163 1336; baseline -0.006 -13"><span class='ocrx_word' id='word_1_44' title='bbox 454 1258 568 1323; x_wconf 83' lang='lat' dir='ltr'>Venisti</span> <span class='ocrx_word' id='word_1_45' title='bbox 585 1256 722 1333; x_wconf 89' lang='lat' dir='ltr'>taudem,</span> <span class='ocrx_word' id='word_1_46' title='bbox 740 1263 854 1336; x_wconf 87' lang='lat' dir='ltr'>tuaque</span> <span class='ocrx_word' id='word_1_47' title='bbox 871 1262 1026 1335; x_wconf 81' lang='lat' dir='ltr'>expectata</span> <span class='ocrx_word' id='word_1_48' title='bbox 1043 1259 1163 1336; x_wconf 89' lang='lat' dir='ltr'>parenti</span> 
     </span>
     <span class='ocr_line' id='line_1_9' title="bbox 451 1353 861 1433; baseline -0.007 -15"><span class='ocrx_word' id='word_1_49' title='bbox 451 1355 530 1418; x_wconf 90' lang='lat' dir='ltr'>llicit</span> <span class='ocrx_word' id='word_1_50' title='bbox 547 1355 606 1417; x_wconf 85' lang='lat' dir='ltr'>iter</span> <span class='ocrx_word' id='word_1_51' title='bbox 623 1356 738 1418; x_wconf 89' lang='lat' dir='ltr'>durum</span> <span class='ocrx_word' id='word_1_52' title='bbox 755 1353 861 1433; x_wconf 82' lang='lat' dir='ltr'>pietas</span> 
     </span>
    </p>
   </div>
   <div class='ocr_carea' id='block_1_4' title="bbox 253 1516 1340 2223">
    <p class='ocr_par' dir='ltr' id='par_1_4' title="bbox 253 1516 1340 2223">
     <span class='ocr_line' id='line_1_10' title="bbox 253 1516 1339 1611; baseline 0.001 -22"><span class='ocrx_word' id='word_1_53' title='bbox 253 1519 375 1611; x_wconf 91' lang='lat' dir='ltr'>Neque</span> <span class='ocrx_word' id='word_1_54' title='bbox 400 1541 487 1591; x_wconf 89' lang='lat' dir='ltr'>vero</span> <span class='ocrx_word' id='word_1_55' title='bbox 508 1519 704 1590; x_wconf 85' lang='lat' dir='ltr'>Germaniae</span> <span class='ocrx_word' id='word_1_56' title='bbox 729 1517 873 1588; x_wconf 87' lang='lat' dir='ltr'>obtentu</span> <span class='ocrx_word' id='word_1_57' title='bbox 899 1516 989 1589; x_wconf 88' lang='lat' dir='ltr'>banc</span> <span class='ocrx_word' id='word_1_58' title='bbox 1015 1516 1171 1589; x_wconf 82' lang='lat' dir='ltr'>fastidias</span> <span class='ocrx_word' id='word_1_59' title='bbox 1196 1529 1258 1591; x_wconf 89' lang='lat' dir='ltr'>aut</span> <span class='ocrx_word' id='word_1_60' title='bbox 1282 1541 1339 1590; x_wconf 87' lang='lat' dir='ltr'>re-</span> 
     </span>
     <span class='ocr_line' id='line_1_11' title="bbox 254 1615 1339 1736; baseline 0 -24"><span class='ocrx_word' id='word_1_61' title='bbox 254 1643 363 1736; x_wconf 89' lang='lat' dir='ltr'>pellas</span> <span class='ocrx_word' id='word_1_62' title='bbox 385 1649 543 1724; x_wconf 90' lang='lat' dir='ltr'>matrem,</span> <span class='ocrx_word' id='word_1_63' title='bbox 566 1663 645 1711; x_wconf 89' lang='lat' dir='ltr'>cum</span> <span class='ocrx_word' id='word_1_64' title='bbox 665 1661 734 1732; x_wconf 87' lang='lat' dir='ltr'>qua</span> <span class='ocrx_word' id='word_1_65' title='bbox 751 1648 787 1710; x_wconf 89' lang='lat' dir='ltr'>et</span> <span class='ocrx_word' id='word_1_66' title='bbox 803 1641 887 1710; x_wconf 88' lang='lat' dir='ltr'>vitae</span> <span class='ocrx_word' id='word_1_67' title='bbox 907 1615 1095 1735; x_wconf 83' lang='lat' dir='ltr'>primordia</span> <span class='ocrx_word' id='word_1_68' title='bbox 1116 1640 1228 1732; x_wconf 83' lang='lat' dir='ltr'>egisti,</span> <span class='ocrx_word' id='word_1_69' title='bbox 1251 1654 1287 1714; x_wconf 84' lang='lat' dir='ltr'>el</span> <span class='ocrx_word' id='word_1_70' title='bbox 1309 1644 1339 1714; x_wconf 90' lang='lat' dir='ltr'>si</span> 
     </span>
     <span class='ocr_line' id='line_1_12' title="bbox 255 1763 1340 1852; baseline 0.002 -19"><span class='ocrx_word' id='word_1_71' title='bbox 255 1772 352 1833; x_wconf 91' lang='lat' dir='ltr'>tuum</span> <span class='ocrx_word' id='word_1_72' title='bbox 371 1763 478 1833; x_wconf 90' lang='lat' dir='ltr'>decus</span> <span class='ocrx_word' id='word_1_73' title='bbox 496 1783 605 1848; x_wconf 70' lang='lat' dir='ltr'>amas</span> <span class='ocrx_word' id='word_1_74' title='bbox 619 1770 779 1833; x_wconf 81' lang='lat' dir='ltr'>extrema</span> <span class='ocrx_word' id='word_1_75' title='bbox 791 1763 926 1852; x_wconf 81' lang='lat' dir='ltr'>exiges</span> <span class='ocrx_word' id='word_1_76' title='bbox 949 1764 1020 1834; x_wconf 73' lang='grc' dir='ltr'>Νοε1</span> <span class='ocrx_word' id='word_1_77' title='bbox 1038 1770 1082 1848; x_wconf 87' lang='lat' dir='ltr'>te,</span> <span class='ocrx_word' id='word_1_78' title='bbox 1097 1763 1225 1847; x_wconf 88' lang='lat' dir='ltr'>Caesar,</span> <span class='ocrx_word' id='word_1_79' title='bbox 1241 1773 1280 1834; x_wconf 89' lang='lat' dir='ltr'>ul</span> <span class='ocrx_word' id='word_1_80' title='bbox 1293 1763 1340 1835; x_wconf 91' lang='lat' dir='ltr'>ab</span> 
     </span>
     <span class='ocr_line' id='line_1_13' title="bbox 255 1883 1337 1977; baseline 0.007 -28"><span class='ocrx_word' id='word_1_81' title='bbox 255 1883 351 1953; x_wconf 89' lang='lat' dir='ltr'>initio</span> <span class='ocrx_word' id='word_1_82' title='bbox 372 1883 544 1968; x_wconf 86' lang='lat' dir='ltr'>dicebam,</span> <span class='ocrx_word' id='word_1_83' title='bbox 567 1883 778 1977; x_wconf 87' lang='lat' dir='ltr'>ubicumque</span> <span class='ocrx_word' id='word_1_84' title='bbox 803 1892 917 1956; x_wconf 84' lang='lat' dir='ltr'>ortum</span> <span class='ocrx_word' id='word_1_85' title='bbox 939 1884 1094 1956; x_wconf 86' lang='lat' dir='ltr'>Italicum</span> <span class='ocrx_word' id='word_1_86' title='bbox 1116 1885 1337 1958; x_wconf 88' lang='lat' dir='ltr'>arbitramur.</span> 
     </span>
     <span class='ocr_line' id='line_1_14' title="bbox 256 2004 1338 2099; baseline 0.003 -26"><span class='ocrx_word' id='word_1_87' title='bbox 256 2004 378 2097; x_wconf 90' lang='lat' dir='ltr'>Neque</span> <span class='ocrx_word' id='word_1_88' title='bbox 398 2027 485 2076; x_wconf 92' lang='lat' dir='ltr'>vero</span> <span class='ocrx_word' id='word_1_89' title='bbox 507 2005 623 2099; x_wconf 88' lang='lat' dir='ltr'>magni</span> <span class='ocrx_word' id='word_1_90' title='bbox 642 2005 789 2077; x_wconf 87' lang='lat' dir='ltr'>interest</span> <span class='ocrx_word' id='word_1_91' title='bbox 808 2005 868 2076; x_wconf 93' lang='lat' dir='ltr'>ubi</span> <span class='ocrx_word' id='word_1_92' title='bbox 888 2006 937 2078; x_wconf 90' lang='lat' dir='ltr'>sis</span> <span class='ocrx_word' id='word_1_93' title='bbox 958 2017 1076 2089; x_wconf 88' lang='lat' dir='ltr'>natus,</span> <span class='ocrx_word' id='word_1_94' title='bbox 1096 2006 1161 2080; x_wconf 91' lang='lat' dir='ltr'>sed</span> <span class='ocrx_word' id='word_1_95' title='bbox 1181 2006 1225 2079; x_wconf 88' lang='lat' dir='ltr'>ad</span> <span class='ocrx_word' id='word_1_96' title='bbox 1242 2007 1338 2099; x_wconf 90' lang='lat' dir='ltr'>quid.</span> 
     </span>
     <span class='ocr_line' id='line_1_15' title="bbox 256 2125 893 2223; baseline 0.003 -28"><span class='ocrx_word' id='word_1_97' title='bbox 256 2125 343 2198; x_wconf 85' lang='lat' dir='ltr'>Vive</span> <span class='ocrx_word' id='word_1_98' title='bbox 365 2136 399 2197; x_wconf 86' lang='lat' dir='ltr'>et</span> <span class='ocrx_word' id='word_1_99' title='bbox 422 2129 511 2210; x_wconf 89' lang='lat' dir='ltr'>vale,</span> <span class='ocrx_word' id='word_1_100' title='bbox 535 2127 662 2212; x_wconf 81' lang='lat' dir='ltr'>Caesar,</span> <span class='ocrx_word' id='word_1_101' title='bbox 681 2138 716 2199; x_wconf 91' lang='lat' dir='ltr'>et</span> <span class='ocrx_word' id='word_1_102' title='bbox 736 2149 893 2223; x_wconf 90' lang='lat' dir='ltr'>propera.</span> 
     </span>
    </p>
   </div>
   <div class='ocr_carea' id='block_1_5' title="bbox 341 2564 1289 2804">
    <p class='ocr_par' dir='ltr' id='par_1_5' title="bbox 341 2564 1289 2804">
     <span class='ocr_line' id='line_1_16' title="bbox 682 2564 912 2629; baseline 0.004 -1"><span class='ocrx_word' id='word_1_103' title='bbox 682 2564 859 2629; x_wconf 82' lang='lat' dir='ltr'>EPISTOLA</span> <span class='ocrx_word' id='word_1_104' title='bbox 880 2567 912 2629; x_wconf 95' lang='lat' dir='ltr'>ll.</span> 
     </span>
     <span class='ocr_line' id='line_1_17' title="bbox 341 2747 1289 2804; baseline 0.007 -6"><span class='ocrx_word' id='word_1_105' title='bbox 341 2747 536 2800; x_wconf 81' lang='lat' dir='ltr'>annucrscus</span> <span class='ocrx_word' id='word_1_106' title='bbox 557 2749 726 2800; x_wconf 79' lang='lat' dir='ltr'>esrnsnun</span> <span class='ocrx_word' id='word_1_107' title='bbox 748 2751 884 2801; x_wconf 83' lang='lat' dir='ltr'>aunuum</span> <span class='ocrx_word' id='word_1_108' title='bbox 905 2749 1109 2802; x_wconf 80' lang='lat' dir='ltr'>uuonauruuo</span> <span class='ocrx_word' id='word_1_109' title='bbox 1130 2754 1156 2804; x_wconf 82' lang='lat' dir='ltr'>s</span> <span class='ocrx_word' id='word_1_110' title='bbox 1178 2755 1206 2804; x_wconf 85' lang='lat' dir='ltr'>r.</span> <span class='ocrx_word' id='word_1_111' title='bbox 1228 2756 1258 2804; x_wconf 90' lang='lat' dir='ltr'>n.</span> <span class='ocrx_word' id='word_1_112' title='bbox 1284 2779 1289 2782; x_wconf 96' lang='lat'>-</span> 
     </span>
    </p>
   </div>
   <div class='ocr_carea' id='block_1_6' title="bbox 358 2915 1240 3060">
    <p class='ocr_par' dir='ltr' id='par_1_6' title="bbox 358 2915 1240 3060">
     <span class='ocr_line' id='line_1_18' title="bbox 358 2915 1240 2988; baseline 0.005 -18"><span class='ocrx_word' id='word_1_113' title='bbox 358 2916 504 2972; x_wconf 86' lang='lat' dir='ltr'>Festinans</span> <span class='ocrx_word' id='word_1_114' title='bbox 518 2920 639 2988; x_wconf 85' lang='lat' dir='ltr'>quatuor</span> <span class='ocrx_word' id='word_1_115' title='bbox 651 2915 751 2970; x_wconf 90' lang='lat' dir='ltr'>litteris</span> <span class='ocrx_word' id='word_1_116' title='bbox 765 2915 926 2986; x_wconf 87' lang='lat' dir='ltr'>respondet,</span> <span class='ocrx_word' id='word_1_117' title='bbox 943 2922 971 2972; x_wconf 87' lang='lat' dir='ltr'>et</span> <span class='ocrx_word' id='word_1_118' title='bbox 985 2917 1167 2988; x_wconf 84' lang='lat' dir='ltr'>asperrimam</span> <span class='ocrx_word' id='word_1_119' title='bbox 1181 2919 1240 2974; x_wconf 90' lang='lat' dir='ltr'>eius</span> 
     </span>
     <span class='ocr_line' id='line_1_19' title="bbox 618 3003 977 3060; baseline 0.014 -5"><span class='ocrx_word' id='word_1_120' title='bbox 618 3003 683 3056; x_wconf 89' lang='lat' dir='ltr'>anni</span> <span class='ocrx_word' id='word_1_121' title='bbox 698 3003 821 3058; x_wconf 90' lang='lat' dir='ltr'>hiemem</span> <span class='ocrx_word' id='word_1_122' title='bbox 835 3003 977 3060; x_wconf 87' lang='lat' dir='ltr'>describit.</span> 
     </span>
    </p>
   </div>
   <div class='ocr_carea' id='block_1_7' title="bbox 258 3231 1343 3938">
    <p class='ocr_par' dir='ltr' id='par_1_7' title="bbox 258 3231 1343 3938">
     <span class='ocr_line' id='line_1_20' title="bbox 357 3231 1343 3327; baseline 0.006 -26"><span class='ocrx_word' id='word_1_123' title='bbox 357 3231 509 3327; x_wconf 90' lang='lat' dir='ltr'>Tempus</span> <span class='ocrx_word' id='word_1_124' title='bbox 530 3232 638 3304; x_wconf 92' lang='lat' dir='ltr'>breve</span> <span class='ocrx_word' id='word_1_125' title='bbox 659 3254 824 3325; x_wconf 88' lang='lat' dir='ltr'>maguum</span> <span class='ocrx_word' id='word_1_126' title='bbox 847 3233 1020 3308; x_wconf 87' lang='lat' dir='ltr'>scribendi</span> <span class='ocrx_word' id='word_1_127' title='bbox 1041 3235 1259 3308; x_wconf 88' lang='lat' dir='ltr'>desiderium</span> <span class='ocrx_word' id='word_1_128' title='bbox 1279 3261 1343 3309; x_wconf 92' lang='lat' dir='ltr'>an-</span> 
     </span>
     <span class='ocr_line' id='line_1_21' title="bbox 259 3349 1342 3451; baseline 0.005 -25"><span class='ocrx_word' id='word_1_129' title='bbox 259 3363 385 3446; x_wconf 86' lang='lat' dir='ltr'>gustat,</span> <span class='ocrx_word' id='word_1_130' title='bbox 412 3363 448 3427; x_wconf 84' lang='lat' dir='ltr'>et</span> <span class='ocrx_word' id='word_1_131' title='bbox 476 3349 637 3428; x_wconf 88' lang='lat' dir='ltr'>ardorem</span> <span class='ocrx_word' id='word_1_132' title='bbox 663 3357 769 3427; x_wconf 91' lang='lat' dir='ltr'>animi</span> <span class='ocrx_word' id='word_1_133' title='bbox 794 3359 1006 3451; x_wconf 84' lang='lat' dir='ltr'>praegelidus</span> <span class='ocrx_word' id='word_1_134' title='bbox 1029 3381 1090 3430; x_wconf 89' lang='lat' dir='ltr'>aer</span> <span class='ocrx_word' id='word_1_135' title='bbox 1109 3360 1232 3431; x_wconf 86' lang='lat' dir='ltr'>frenat.</span> <span class='ocrx_word' id='word_1_136' title='bbox 1259 3359 1342 3431; x_wconf 91' lang='lat' dir='ltr'>Sine</span> 
     </span>
     <span class='ocr_line' id='line_1_22' title="bbox 258 3477 1342 3576; baseline 0.004 -26"><span class='ocrx_word' id='word_1_137' title='bbox 258 3480 422 3572; x_wconf 85' lang='lat' dir='ltr'>exemplo</span> <span class='ocrx_word' id='word_1_138' title='bbox 447 3501 559 3550; x_wconf 90' lang='lat' dir='ltr'>annus</span> <span class='ocrx_word' id='word_1_139' title='bbox 580 3488 648 3564; x_wconf 88' lang='lat' dir='ltr'>est,</span> <span class='ocrx_word' id='word_1_140' title='bbox 671 3489 706 3550; x_wconf 92' lang='lat' dir='ltr'>et</span> <span class='ocrx_word' id='word_1_141' title='bbox 725 3477 849 3563; x_wconf 91' lang='lat' dir='ltr'>bruma</span> <span class='ocrx_word' id='word_1_142' title='bbox 868 3481 1009 3553; x_wconf 87' lang='lat' dir='ltr'>horrida</span> <span class='ocrx_word' id='word_1_143' title='bbox 1030 3483 1137 3572; x_wconf 90' lang='lat' dir='ltr'>vulgo</span> <span class='ocrx_word' id='word_1_144' title='bbox 1161 3482 1228 3552; x_wconf 91' lang='lat' dir='ltr'>iam</span> <span class='ocrx_word' id='word_1_145' title='bbox 1250 3504 1342 3576; x_wconf 87' lang='lat' dir='ltr'>pene</span> 
     </span>
     <span class='ocr_line' id='line_1_23' title="bbox 258 3601 1341 3694; baseline 0.006 -24"><span class='ocrx_word' id='word_1_146' title='bbox 258 3603 294 3671; x_wconf 91' lang='lat' dir='ltr'>in</span> <span class='ocrx_word' id='word_1_147' title='bbox 312 3601 517 3672; x_wconf 87' lang='lat' dir='ltr'>miraculum</span> <span class='ocrx_word' id='word_1_148' title='bbox 531 3611 646 3692; x_wconf 89' lang='lat' dir='ltr'>atque,</span> <span class='ocrx_word' id='word_1_149' title='bbox 667 3609 704 3671; x_wconf 85' lang='lat' dir='ltr'>ut</span> <span class='ocrx_word' id='word_1_150' title='bbox 721 3601 788 3673; x_wconf 93' lang='lat' dir='ltr'>dici</span> <span class='ocrx_word' id='word_1_151' title='bbox 802 3605 901 3688; x_wconf 87' lang='lat' dir='ltr'>solet,</span> <span class='ocrx_word' id='word_1_152' title='bbox 916 3603 950 3672; x_wconf 89' lang='lat' dir='ltr'>in</span> <span class='ocrx_word' id='word_1_153' title='bbox 964 3603 1163 3694; x_wconf 81' lang='lat' dir='ltr'>religionem</span> <span class='ocrx_word' id='word_1_154' title='bbox 1178 3604 1341 3677; x_wconf 88' lang='lat' dir='ltr'>vertitur.</span> 
     </span>
     <span class='ocr_line' id='line_1_24' title="bbox 259 3721 1342 3818; baseline 0.007 -27"><span class='ocrx_word' id='word_1_155' title='bbox 259 3725 287 3809; x_wconf 89' lang='grc' dir='ltr'>Ο</span> <span class='ocrx_word' id='word_1_156' title='bbox 321 3721 505 3816; x_wconf 90' lang='lat' dir='ltr'>tranquilla</span> <span class='ocrx_word' id='word_1_157' title='bbox 539 3723 771 3815; x_wconf 90' lang='lat' dir='ltr'>Parthenope,</span> <span class='ocrx_word' id='word_1_158' title='bbox 800 3733 835 3794; x_wconf 91' lang='lat' dir='ltr'>et</span> <span class='ocrx_word' id='word_1_159' title='bbox 868 3725 1005 3816; x_wconf 92' lang='lat' dir='ltr'>magnis</span> <span class='ocrx_word' id='word_1_160' title='bbox 1027 3723 1176 3818; x_wconf 88' lang='lat' dir='ltr'>ingeniis</span> <span class='ocrx_word' id='word_1_161' title='bbox 1202 3725 1342 3799; x_wconf 86' lang='lat' dir='ltr'>laudata</span> 
     </span>
     <span class='ocr_line' id='line_1_25' title="bbox 260 3843 1040 3938; baseline 0.001 -23"><span class='ocrx_word' id='word_1_162' title='bbox 260 3843 463 3937; x_wconf 88' lang='lat' dir='ltr'>Campania,</span> <span class='ocrx_word' id='word_1_163' title='bbox 485 3855 643 3917; x_wconf 88' lang='lat' dir='ltr'>vestrum</span> <span class='ocrx_word' id='word_1_164' title='bbox 670 3846 839 3938; x_wconf 88' lang='lat' dir='ltr'>estquod</span> <span class='ocrx_word' id='word_1_165' title='bbox 860 3845 908 3919; x_wconf 91' lang='lat' dir='ltr'>ait</span> <span class='ocrx_word' id='word_1_166' title='bbox 927 3848 1040 3919; x_wconf 89' lang='lat' dir='ltr'>Maro:</span> 
     </span>
    </p>
   </div>
   <div class='ocr_carea' id='block_1_8' title="bbox 421 4001 1175 4082">
    <p class='ocr_par' dir='ltr' id='par_1_8' title="bbox 421 4001 1175 4082">
     <span class='ocr_line' id='line_1_26' title="bbox 421 4001 1175 4082; baseline 0.007 -19"><span class='ocrx_word' id='word_1_167' title='bbox 421 4001 479 4064; x_wconf 90' lang='lat' dir='ltr'>Ver</span> <span class='ocrx_word' id='word_1_168' title='bbox 496 4001 655 4066; x_wconf 88' lang='lat' dir='ltr'>assiduum</span> <span class='ocrx_word' id='word_1_169' title='bbox 672 4008 764 4082; x_wconf 89' lang='lat' dir='ltr'>atque</span> <span class='ocrx_word' id='word_1_170' title='bbox 781 4003 886 4065; x_wconf 87' lang='lat' dir='ltr'>alienis</span> <span class='ocrx_word' id='word_1_171' title='bbox 903 4003 1061 4067; x_wconf 90' lang='lat' dir='ltr'>mensibus</span> <span class='ocrx_word' id='word_1_172' title='bbox 1078 4009 1175 4068; x_wconf 86' lang='lat' dir='ltr'>aestas.</span> 
     </span>
    </p>
   </div>
   <div class='ocr_carea' id='block_1_9' title="bbox 259 4142 1344 4246">
    <p class='ocr_par' dir='ltr' id='par_1_9' title="bbox 259 4142 1344 4246">
     <span class='ocr_line' id='line_1_27' title="bbox 259 4142 1344 4246; baseline 0.015 -34"><span class='ocrx_word' id='word_1_173' title='bbox 259 4142 304 4214; x_wconf 88' lang='lat' dir='ltr'>At</span> <span class='ocrx_word' id='word_1_174' title='bbox 336 4147 488 4234; x_wconf 89' lang='lat' dir='ltr'>prolecto</span> <span class='ocrx_word' id='word_1_175' title='bbox 516 4169 586 4220; x_wconf 90' lang='lat' dir='ltr'>non</span> <span class='ocrx_word' id='word_1_176' title='bbox 615 4149 693 4223; x_wconf 86' lang='lat' dir='ltr'>talis</span> <span class='ocrx_word' id='word_1_177' title='bbox 725 4151 802 4242; x_wconf 87' lang='lat' dir='ltr'>ipsa</span> <span class='ocrx_word' id='word_1_178' title='bbox 831 4152 1003 4244; x_wconf 86' lang='lat' dir='ltr'>loquentis</span> <span class='ocrx_word' id='word_1_179' title='bbox 1033 4161 1158 4239; x_wconf 88' lang='lat' dir='ltr'>mater,</span> <span class='ocrx_word' id='word_1_180' title='bbox 1186 4155 1344 4246; x_wconf 88' lang='lat' dir='ltr'>glacialis</span> 
     </span>
    </p>
   </div>
   <div class='ocr_carea' id='block_1_10' title="bbox 0 0 1533 4802">
    <p class='ocr_par' dir='ltr' id='par_1_10' title="bbox 0 0 1533 4802">
     <span class='ocr_line' id='line_1_28' title="bbox 0 0 1533 4802; baseline 0 0"><span class='ocrx_word' id='word_1_181' title='bbox 0 0 1533 4802; x_wconf 95' lang='lat' dir='ltr'> </span> 
     </span>
    </p>
   </div>
  </div>
 </body>
</html>
