2988 4800
261 424 318 481 168
591 434 632 480 DE
655 433 755 480 REBUS
777 431 998 479 l'allltlaflluos

260 572 381 641 diuum
406 580 624 639 terrenarum
657 571 774 638 lomus
802 565 912 658 possit
938 565 1160 635 adscendere.
1188 566 1278 634 Iram
1305 565 1344 632 in

260 693 414 788 principe
442 689 677 784 turpissimam
712 711 779 759 non
813 689 963 779 ignoret:
997 687 1235 758 crudelitatem
1257 709 1344 758 vero

263 815 432 887 nominari
477 813 579 884 etiam
620 814 715 882 nefas
745 833 840 895 esse,
872 833 914 882 eo
945 810 1167 880 funestiorem
1189 832 1261 902 quo
1281 834 1345 881 no-

181 933 185 948 “
263 938 363 1008 cendi
380 941 477 1031 plura
495 935 715 1028 suppeditant
728 934 966 1005 instrumenta.
982 934 1112 1003 Sentiat
1124 955 1249 1004 verum
1262 955 1343 1003 esse

264 1060 357 1152 quod
378 1060 425 1130 ait
446 1059 624 1149 Tragicus:

465 1243 561 1305 Omne
578 1243 634 1304 sub
651 1259 744 1319 regno
762 1243 904 1319 graviore
920 1259 1051 1320 regnum
1068 1248 1129 1319 est,

266 1433 369 1513 atque
390 1420 468 1491 ideo
489 1420 614 1491 minaci
632 1430 765 1490 tumore
787 1421 958 1514 deposito,
982 1443 1200 1516 communem
1223 1443 1264 1492 se
1285 1443 1345 1491 su·

265 1546 387 1616 biectis
405 1544 581 1626 exhibeat,
603 1555 638 1614 et
659 1544 827 1635 quidquid
847 1545 881 1612 in
901 1544 978 1614 illos
1000 1544 1158 1614 statuerit
1174 1545 1220 1616 de
1238 1567 1345 1614 manu

267 1670 321 1740 sui
343 1666 532 1760 superioris
552 1676 721 1758 expectet.
741 1666 954 1758 Superbiam,
973 1667 1162 1736 necminus
1175 1666 1345 1738 invidiam

265 1789 439 1884 plebeium
463 1791 590 1858 malum
617 1790 737 1861 credat
759 1812 851 1872 esse,
886 1811 955 1859 non
989 1789 1135 1881 regium.
1161 1790 1231 1860 Cur
1251 1791 1344 1860 enim

265 1914 323 1982 vel
345 1911 523 2005 superbire
550 1934 671 2002 regem
697 1922 881 2005 oporteret,
909 1913 968 2005 qui
994 1912 1130 1983 debitor
1159 1935 1345 1982 muncrum

267 2033 441 2106 tantorum
461 2046 495 2106 et
516 2045 610 2105 tanto
632 2035 676 2105 sit
692 2035 866 2106 obnoxius
883 2035 1065 2106 creditori?
1081 2037 1145 2106 Vel
1161 2058 1223 2106 our
1240 2036 1347 2105 etiam

266 2162 436 2244 invidere,
452 2160 512 2252 qui
527 2181 632 2251 supra
648 2181 686 2229 se
699 2159 885 2241 nemiuem,
910 2169 978 2228 tam
1000 2161 1127 2228 multos
1149 2168 1265 2228 autem
1292 2157 1344 2225 in-

158 2261 160 2266 ,
265 2289 317 2355 fra
338 2307 376 2357 se
393 2283 509 2354 videt?
530 2282 719 2355 Veritatem
741 2282 847 2354 totius
873 2280 954 2352 fidoi
980 2282 1242 2352 fundamentum
1264 2301 1345 2350 esse

266 2431 336 2478 non
356 2407 503 2489 dubitet,
525 2417 560 2476 et
580 2407 797 2492 emendacio
819 2407 1011 2499 provenire,
1027 2415 1064 2476 ut
1076 2427 1162 2476 vera
1175 2404 1347 2495 loquenti-

266 2529 334 2599 bus
354 2551 423 2598 non
446 2529 625 2601 credatur:
649 2531 832 2622 plurimum
854 2530 946 2599 enim
967 2528 1042 2598 veri
1059 2550 1169 2622 parva
1186 2527 1346 2598 falsitatis

268 2652 471 2744 aspersione
492 2653 630 2722 fuscari.
658 2653 777 2744 ltaque
805 2652 835 2720 si
860 2650 955 2722 credi
982 2649 1049 2720 sibi
1074 2649 1205 2743 aliquid
1228 2649 1346 2741 cupit,

268 2773 385 2846 omnia
406 2795 491 2844 vera
512 2774 607 2865 loqui
641 2775 675 2842 in
708 2771 994 2843 consuetudinem
1017 2771 1140 2856 trahat,
1170 2781 1273 2863 atque
1299 2772 1347 2842 ita

268 2897 420 2987 linguam
440 2898 610 2980 instituat,
631 2906 669 2966 ut
689 2895 824 2966 mentiri
842 2896 984 2966 nesciat.
1004 2894 1095 2977 Quid
1110 2895 1201 2965 enim
1220 2896 1348 2967 ridicu-

268 3020 377 3088 losius
408 3018 522 3089 dicam
548 3043 592 3089 an
618 3019 849 3111 periculosius
877 3040 959 3109 rege
985 3018 1155 3103 mendaci,
1185 3018 1347 3112 subque

269 3162 414 3214 necesse
427 3152 483 3211 est
495 3142 662 3211 incertam
679 3141 919 3234 trepidamque
937 3141 1184 3235 rempublicam
1201 3143 1348 3212 fluctua-

269 3263 329 3330 re?
350 3260 479 3335 Stabile
500 3286 645 3358 prorsus
667 3287 707 3334 ac
733 3264 880 3334 solidum
906 3264 1054 3334 verbum
1078 3287 1158 3335 esse
1183 3263 1287 3336 dehet
1312 3265 1347 3334 in

270 3406 340 3476 quo
359 3385 503 3456 fundata
522 3397 577 3456 est
599 3397 772 3458 tantorum
795 3408 876 3478 spes
894 3408 935 3457 ao
955 3387 1183 3480 tranquillitas
1204 3391 1348 3480 populo-

265 3531 359 3595 rum.
382 3509 449 3578 Cur
471 3519 587 3579 autem
608 3510 795 3581 mentiatur
821 3511 876 3580 cui
904 3510 1056 3580 maxime
1082 3510 1248 3604 expediat
1271 3513 1348 3580 uul-

269 3634 349 3716 lum,
374 3633 402 3702 si
422 3631 494 3702 fieri
513 3634 632 3726 possit,
649 3656 797 3725 usquam
811 3653 892 3702 esse
906 3631 1132 3702 mendacem?
1146 3633 1214 3702 Cur
1227 3633 1348 3703 adule-

270 3765 326 3824 tur
347 3756 407 3848 qui
427 3758 559 3828 nullum
582 3766 725 3840 metuat,
749 3754 834 3825 nihil
856 3760 992 3848 speret?
1017 3778 1104 3848 quos
1130 3755 1347 3826 adulatorum

266 3879 430 3951 'stimulos
457 3903 526 3951 non
551 3881 736 3972 improprie
762 3878 882 3951 videor
906 3879 1074 3950 dicturus.
1097 3879 1222 3948 Contra
1242 3879 1346 3949 etiam

270 4021 331 4068 our
354 4023 391 4072 se
408 4002 522 4088 iactet,
546 4028 623 4076 cum
645 3983 786 4076 laudare
809 4002 962 4097 seipsum
989 4002 1095 4073 rebus
1121 4001 1256 4084 deceat,
1279 4024 1348 4072 non

187 4149 189 4154 ·
273 4119 410 4190 verbis‘.l
431 4124 500 4194 Cur
521 4130 678 4210 minetur,
701 4149 779 4196 cum
802 4128 874 4196 sola
909 4128 1022 4196 valeat
1053 4126 1164 4195 fronte
1190 4127 1349 4196 torrere?

272 4240 394 4312 Corin
417 4246 613 4337 quempiam
636 4247 877 4331 excandescat,
900 4271 977 4318 cum
1000 4249 1111 4340 possit
1132 4247 1236 4318 etiam
1255 4255 1349 4315 tran-
