3062 4798
406 349 498 397 ureen
521 345 1026 396 ocrnvusoecruus.-urrsnom
1053 348 1070 393 ι.
1217 333 1270 396 llll

196 489 302 559 mium
318 487 381 558 tuli
397 485 631 558 testimonium
649 485 841 557 maiestatis
859 497 1031 579 tum-qua
1044 483 1147 576 fidem
1163 507 1274 576 meam

197 608 357 682 laudibus
390 607 506 679 multis
536 609 748 692 accumulat,
782 607 964 680 consilium
989 630 1075 680 vero
1100 631 1169 681 non
1201 631 1275 681 am-

196 730 365 826 plectitur.
380 730 469 801 Malc
483 730 566 803 rnihi
580 728 684 804 fidem
703 729 779 802 sine
792 732 976 826 prudentia
993 743 1152 804 constare
1169 757 1274 826 quarn

196 856 271 927 sine
297 849 367 926 fide
391 853 622 948 prudentiam.
647 856 736 925 Dum
764 853 823 924 tibi
849 876 927 926 mea
953 853 1040 927 fides
1071 877 1112 926 ac
1136 856 1275 928 devotio
1373 851 1378 862 '

194 976 375 1073 probetur,
397 998 465 1047 non
493 997 702 1072 magnopere
728 977 880 1049 solertiae
900 977 1036 1048 titulum
1061 977 1273 1071 aucupabor,

195 1099 445 1192 consiliumque
465 1119 581 1170 meum
607 1120 709 1193 aequo
730 1100 845 1170 animo
864 1099 972 1171 leram
997 1101 1051 1171 vel
1074 1100 1190 1194 respui
1217 1103 1274 1172 vel

195 1219 339 1293 differri:
365 1221 448 1314 quio
473 1221 575 1294 etiam
598 1221 759 1314 gaudebo
778 1230 814 1292 et
839 1219 933 1294 baud
959 1221 1129 1294 immerito
1150 1221 1275 1313 gloria-

193 1343 266 1427 bor,
280 1354 314 1416 ta
327 1365 395 1416 non
410 1343 513 1416 modo
530 1367 599 1429 me,
617 1345 681 1416 sed
697 1367 819 1417 omnes
834 1347 998 1416 mortales
1016 1355 1055 1416 ut
1071 1344 1208 1438 lmpcrii
1222 1344 1275 1416 di-

195 1467 335 1561 gnitate,
357 1466 408 1540 sic
423 1466 557 1539 consilii
576 1467 764 1540 vivacitate
784 1468 994 1561 praecellere.
1012 1465 1114 1538 Suasi
1133 1465 1273 1560 quidem
1388 1475 1393 1486 ’

194 1601 230 1663 et
260 1592 480 1685 persuasisse
510 1589 725 1663 credideram
757 1588 968 1660 celeritatem
1000 1589 1069 1660 tuis
1094 1589 1275 1661 conatibus

193 1723 431 1808 opportunam.
453 1715 501 1786 lta
518 1713 608 1784 enim
633 1713 731 1796 nrihi;
750 1711 811 1783 tibi
829 1735 912 1784 vero
929 1715 1029 1785 aliter
1051 1712 1200 1784 videtur.
1223 1713 1273 1782 Tu
1303 1701 1316 1714 ‘

192 1837 337 1908 lraenum
353 1837 465 1920 terris,
481 1845 518 1907 tu
539 1838 676 1908 clavum
695 1837 818 1928 pelago
839 1836 956 1927 regis:
979 1844 1039 1907 tuo
1058 1833 1205 1906 stabitur
1222 1835 1274 1905 iu·

191 1957 292 2029 dicio.
314 1955 389 2046 Ego
411 1955 557 2028 fideliter
582 1959 718 2027 locutus
744 1955 850 2050 dicar.
873 1957 963 2028 Satis
988 1967 1043 2028 est
1068 1955 1162 2026 mibi.
1176 1955 1275 2026 vPru-

191 2079 308 2152 dentia
341 2079 430 2150 inter
462 2081 678 2172 professores
707 2078 902 2171 prudentiae
928 2079 1133 2170 requiratur.
1161 2079 1195 2146 Si
1223 2086 1274 2147 ta-

192 2223 272 2272 men
293 2200 510 2294 interpretari
530 2199 659 2273 dictum
686 2191 802 2270 meum
824 2221 890 2270 non
912 2199 1112 2292 prohibeor,
1135 2198 1274 2291 itaego

194 2323 253 2394 tibi
273 2321 483 2395 celeritatem
508 2324 603 2394 suasi
628 2332 667 2394 ut
694 2321 875 2414 segnitiem
901 2333 1118 2406 excuterem,
1140 2343 1209 2394 non
1235 2332 1274 2392 ut

192 2445 227 2517 in
245 2446 338 2518 aliud
356 2455 594 2518 extremorum
614 2455 647 2516 te
665 2445 885 2540 impellerem.
903 2443 1058 2515 Sciebam
1073 2445 1164 2517 enim
1179 2446 1273 2539 quod

192 2568 515 2663 praecipitationum
542 2568 577 2638 in
602 2568 708 2640 rebus
735 2566 896 2639 omnibus
923 2567 1033 2660 turpis
1058 2568 1116 2652 sit,
1139 2569 1273 2640 tamin

193 2691 318 2764 summi
351 2691 488 2787 Imperii
513 2691 812 2764 administratione
844 2690 1044 2783 turpissima
1072 2698 1138 2762 est.
1169 2691 1273 2762 Suasi

192 2837 277 2908 ergo
301 2815 510 2888 celeritatem
536 2835 605 2887 non
630 2813 841 2910 praecipitem
870 2815 931 2887 sed
957 2826 1138 2888 maturam.
1162 2815 1274 2884 Mata-

191 2949 262 3010 rate
280 2943 404 3030 fagum,
426 2938 537 3032 inquit
556 2939 661 3011 lllaro.
684 2937 794 3022 Quem
813 2939 925 3010 locum
943 2937 1141 3010 lllacrobius
1164 2957 1274 3031 expo-

191 3081 294 3133 nens:
312 3071 343 3128 ct
355 3057 532 3144 contraria,
546 3059 665 3153 inquit,
681 3061 811 3132 uidetur
825 3063 905 3156 sugo
921 3061 1114 3132 maturitati.
1133 3059 1177 3130 Et
1194 3041 1274 3153 post

191 3203 316 3277 pauca:
339 3190 513 3264 maturate,
532 3180 650 3273 inquit,
669 3183 754 3274 qaod
778 3205 882 3273 acque
902 3185 997 3254 citius
1022 3207 1126 3274 neque
1151 3187 1270 3267 auriac,

191 3303 248 3376 sed
270 3300 413 3374 mediam
437 3297 591 3394 quiddam
615 3313 646 3371 et
671 3311 885 3396 temperatam
911 3317 967 3374 est.
993 3305 1104 3386 Quam
1131 3317 1273 3376 senten-

193 3409 273 3501 tiam
296 3425 415 3497 Caesar
435 3423 615 3514 Augustus
635 3445 786 3516 sequens
807 3425 977 3509 monebat,
1000 3437 1039 3496 ut
1059 3426 1193 3498 adrem
1212 3447 1273 3518 ge-

192 3550 336 3623 rendam
355 3546 457 3619 simul
478 3543 703 3619 adhiberetur
719 3558 754 3619 et
775 3547 955 3620 industriae
972 3550 1130 3621 celeritas
1150 3558 1186 3619 et
1202 3558 1273 3620 tar-

190 3671 281 3745 ditas
302 3671 513 3762 diligentiae:
540 3669 739 3764 ex'quibus
764 3669 903 3743 duobus
928 3672 1109 3743 contrariis
1135 3670 1174 3742 bt
1199 3693 1272 3744 ma·

191 3795 325 3866 turitas.
352 3793 459 3864 lllulta
483 3791 530 3863 ibi
557 3791 691 3865 similia.
718 3793 786 3865 Sed
812 3793 918 3864 redeo
943 3793 987 3866 ad
1014 3815 1097 3865 rem.
1125 3794 1159 3864 Si
1186 3815 1271 3885 ergo

191 3917 265 4003 tibi,
286 3917 416 4002 Caesar,
436 3917 502 3990 hoc
523 3903 703 3988 consilium
724 3938 792 3987 non
814 3919 934 4010 placet,
958 3919 1090 4011 placeat
1110 3916 1212 4000 fides,
1232 3927 1271 3988 ut
1306 3913 1308 3918 ’

190 4040 279 4112 lacit.
297 4041 353 4111 ille
374 4049 490 4111 autem
508 4038 593 4134 quid
610 4039 782 4112 dicturum
801 4043 924 4134 putas-‘l
940 4041 1071 4132 Nempe
1088 4038 1171 4108 mihi
1188 4059 1270 4110 con-

191 4159 306 4233 silium
324 4163 418 4236 aliud
439 4165 570 4236 nullum
589 4174 664 4234 est:
686 4162 749 4236 sed
767 4161 893 4255 optabo
913 4173 952 4234 ut
968 4160 1137 4256 quidquid
1157 4162 1270 4252 elege-
