2988 4800
405 371 498 422 manu
518 370 706 422 unnsclttus
718 370 921 421 -nrtsnoth
941 371 983 421 lll.
1175 359 1228 421 111

152 506 574 602 lamentari.Quamquam
588 507 653 580 hoc
666 507 779 602 ipsum
793 505 934 582 humani
946 509 1061 604 potius
1075 509 1228 593 affectus,

152 655 258 726 quam
277 631 507 728 philosophici
526 633 698 725 proiectus
717 653 797 704 esse
819 653 889 703 non
908 655 1044 725 negem.
1065 633 1232 718 Quotiens

151 759 244 830 enim
260 757 405 830 rationis
418 755 581 852 passibus
598 755 643 828 ad
660 755 864 828 altissimam
881 755 973 828 illam
991 777 1105 827 arcem
1123 755 1233 828 aethe-
1284 827 1286 837 ,

153 901 223 952 reae
243 879 372 952 mentis
393 877 577 964 adscendo,
594 878 685 951 unde
697 899 768 949 non
787 877 902 950 minus
924 901 1028 972 quam
1046 899 1067 949 e
1084 879 1231 950 summis

153 1003 293 1099 Olympi
313 1001 405 1094 iugis
425 1001 539 1074 nubes
562 1001 629 1075 sub
647 1000 796 1095 pedihus
817 1011 1017 1088 cernuntur,
1040 1001 1233 1095 videoque

154 1126 209 1198 hic
243 1146 364 1197 rerum
395 1121 558 1216 caligine,
592 1147 662 1218 qua
695 1145 851 1196 errorum
882 1122 976 1196 nube
1007 1122 1230 1210 circumdati,

154 1246 296 1340 quantis
316 1247 353 1318 in
372 1246 525 1320 tenebris
545 1247 781 1332 ambulemus;
801 1246 905 1319 video
930 1245 1014 1317 nihil
1033 1267 1134 1327 esse,
1163 1267 1234 1340 quo

154 1371 288 1467 passim
310 1369 504 1463 gaudemus
523 1381 583 1443 aut
598 1369 757 1444 dolemus
774 1368 808 1440 iu
826 1369 892 1444 hac
910 1369 994 1454 vita;
1019 1368 1117 1455 nihil,
1139 1368 1234 1462 quod

156 1502 337 1588 tantopere
350 1495 409 1566 vel
424 1492 583 1588 cupimus
602 1494 657 1566 vel
677 1491 877 1566 horremus:
895 1511 1008 1585 nugas
1023 1513 1140 1565 meras
1156 1493 1235 1586 qui-

155 1616 222 1690 bus
241 1615 421 1709 angimur,
443 1618 559 1690 larvas
579 1637 670 1710 quas
690 1615 791 1710 pueri
811 1637 914 1689 senes
934 1615 1230 1713 expavescimus,

156 1761 350 1832 auramque
369 1737 585 1813 levissimam
599 1761 671 1832 qua
683 1738 864 1812 deiicimur
880 1750 941 1811 aut
956 1742 1116 1813 levamur
1135 1761 1235 1834 pror-

157 1885 217 1936 sus
239 1861 433 1936 arundinea
449 1860 599 1934 levitate.
620 1862 731 1935 Video
751 1885 827 1935 eam
848 1862 972 1958 ipsam,
999 1885 1080 1956 quae
1105 1873 1234 1937 morta-

156 1987 238 2060 lium
260 1985 406 2058 felicitas
424 1983 563 2071 dicitur,
578 1993 705 2079 praeter
721 1987 899 2073 virtutem,
916 1987 1016 2060 solidi
1033 1988 1118 2058 nihil
1134 2009 1232 2071 csse3

156 2131 232 2182 eam
251 2110 364 2182 solam
381 2107 502 2182 beatos
519 2111 635 2184 lacere
655 2131 745 2203 quos
761 2110 991 2205 amplectitur,
1014 2109 1233 2204 miserosque

156 2253 245 2324 quos
266 2229 410 2315 deserit,
432 2229 640 2325 etpedibus
669 2241 706 2303 ut
730 2230 837 2314 aiunt,
864 2232 899 2302 in
925 2232 1015 2304 hanc
1040 2231 1229 2306 stoicorum

157 2353 366 2428 sententiam
387 2364 480 2426 totus
501 2375 554 2426 eo.
576 2355 625 2427 lta
644 2353 788 2449 quidem
813 2364 853 2426 ut
876 2353 1113 2427 definitionem
1139 2356 1233 2427 illam

158 2476 314 2549 omnium
333 2476 617 2570 philosophorum
635 2475 894 2551 definitionibus
912 2487 1130 2574 anteponam,
1152 2499 1235 2572 quae

157 2599 321 2673 virtutem
341 2620 424 2672 esse
443 2599 490 2672 ait
509 2610 603 2672 recte
627 2600 758 2672 sentire
783 2600 828 2673 de
854 2603 939 2686 Deo,
966 2610 1002 2672 et
1026 2609 1120 2673 recte
1145 2601 1236 2673 inter

147 2723 318 2796 homines
339 2744 453 2814 agere.
474 2723 632 2796 Proiecto
652 2736 780 2810 autem,
802 2723 858 2798 cui
875 2725 953 2796 talis
971 2725 1108 2798 animus
1128 2725 1236 2797 conti-

159 2847 260 2936 gerit,
283 2848 378 2918 nulla
399 2867 550 2938 unquam
571 2848 799 2921 lamentabilis
820 2849 945 2943 poterit
969 2867 1050 2921 esse
1075 2851 1232 2933 fortuna,

160 2970 224 3042 sed
244 2967 397 3062 optanda
415 2968 531 3063 potius
551 2981 586 3043 et
605 2971 779 3044 invidiosa
798 2971 953 3044 solicitas.
976 2973 1066 3045 Sane
1086 2993 1151 3044 nos
1171 2971 1237 3042 im-

159 3092 280 3166 becille
300 3091 538 3186 caducumque
555 3116 668 3186 genus
681 3095 850 3181 homines,
866 3095 944 3168 imis
958 3097 993 3167 in
1007 3095 1155 3168 vallibus
1174 3096 1237 3166 ha-

160 3212 323 3300 bitantes,
351 3214 452 3308 gravi
476 3226 655 3312 premente
688 3217 838 3304 sarcina,
863 3218 998 3291 ratione
1023 3218 1166 3312 quidem
1191 3218 1237 3290 ud

159 3340 302 3412 excelsa
320 3339 600 3426 conscendimus,
622 3339 770 3435 ideoque
791 3343 912 3434 vulgo,
931 3363 1035 3436 quam
1053 3363 1140 3414 vero
1156 3363 1237 3434 pro-

161 3461 310 3536 ximiora
328 3463 498 3536 sentimus
514 3485 555 3536 ac
571 3465 753 3558 loquimur.
772 3466 858 3538 Hinc
875 3487 963 3538 meac
979 3467 1236 3558 multorumque
1282 3555 1284 3558 Ι

161 3585 391 3678 querimoniae
411 3585 583 3660 derebus
603 3586 774 3659 interdum
795 3587 943 3676 frivolis,
965 3589 1139 3662 interdum
1160 3589 1238 3658 nul-

161 3707 218 3794 lis,
241 3731 487 3804 nonnunquam
505 3732 592 3782 vcro
608 3710 776 3784 felicibus.
796 3713 903 3784 Tanta
919 3722 1080 3785 votorum
1094 3731 1237 3806 perver-

164 3831 265 3916 sitas,
288 3841 384 3904 tanta
402 3841 459 3904 est
477 3833 615 3907 caecitas
647 3835 852 3908 animorum.
874 3832 943 3905 Sed
967 3855 1047 3906 ecoe
1067 3833 1135 3904 iam
1158 3853 1239 3904 sen·-

164 3952 230 4024 sim
250 3952 493 4028 aberravimus
514 3955 559 4026 ab
580 3956 725 4052 incepto.
752 3953 808 4026 hd
832 3953 1058 4049 primordium
1084 3962 1239 4026 reverta-

165 4095 253 4145 mur.
275 4075 436 4148 Nondum
461 4075 578 4170 itaque
611 4077 655 4150 de
687 4075 802 4149 oblata
834 4074 918 4148 mihi
951 4077 1094 4150 materia
1120 4084 1240 4148 texere

123 4193 125 4200 ’
164 4197 366 4271 continuum
387 4198 517 4292 aliquid
538 4221 647 4274 ausus
668 4222 761 4286 sum,
784 4210 821 4273 et
839 4221 980 4274 causam
1002 4199 1138 4274 audisti.
1166 4200 1240 4271 Cae-
