3062 4798
284 344 341 404 lta
623 357 663 402 on
685 356 785 404 assus
807 355 1029 403 susurramus

284 491 427 562 Villicus
447 489 564 560 autem
586 490 663 562 silet
684 491 733 561 rei
754 491 894 560 rusticae
915 490 1081 574 intentus,
1104 501 1138 563 et
1163 494 1304 566 acclinis
1329 497 1364 567 in

285 625 412 685 terram
432 613 476 684 de
498 612 623 684 attritis
642 635 745 705 opere
765 613 940 705 ligonibus
958 614 1114 685 vicissim
1133 616 1286 688 sonitum
1303 621 1363 689 eli-

284 737 333 833 cit
350 757 391 806 ac
406 735 554 806 favillas:
569 735 728 828 denique,
745 746 782 806 ut
797 737 902 808 semel
916 736 1112 828 expediam,
1127 737 1298 810 habitatio
1309 752 1365 812 est

284 859 381 941 felix,
404 859 570 939 coelestiS,
591 859 756 948 angelica.
780 860 863 929 illuc
888 880 976 948 ergo
1006 859 1167 951 quotiens
1197 872 1311 946 vacat,
1334 863 1362 932 si

287 978 371 1070 quid
397 979 479 1048 mihi
506 978 633 1061 credis,
657 1001 676 1049 a
699 977 964 1070 tempestatibus
983 980 1090 1050 curiae
1116 982 1266 1052 velutin
1287 1003 1364 1074 por-

287 1114 358 1173 tum
382 1105 475 1192 iuge:
497 1101 564 1172 illic
583 1101 675 1171 enim
695 1123 765 1171 uon
786 1101 885 1172 aliter
904 1123 1009 1193 quam
1030 1101 1065 1170 iu
1085 1110 1186 1193 portu
1204 1104 1365 1176 Brundu-

288 1226 329 1296 sii
343 1226 566 1295 lluctuantem
580 1223 887 1294 animinaviculam
903 1226 1048 1294 tremulo
1055 1224 1137 1294 lune
1150 1245 1363 1317 compesces

287 1349 388 1419 Utere
406 1346 529 1417 libellis
550 1345 690 1430 nostris,
713 1347 771 1439 qui
789 1345 913 1417 crebro
934 1346 1036 1416 nimis
1053 1345 1234 1417 absentem
1255 1347 1366 1418 domi-

287 1492 369 1540 num
392 1472 511 1560 lugent
535 1479 776 1561 mutatumque
800 1469 999 1540 custodem:
1020 1479 1118 1540 utere
1144 1469 1284 1540 hortulo
1307 1470 1365 1562 qui

210 1591 213 1602 ²
287 1593 446 1675 similem,
470 1615 573 1684 quern
594 1592 736 1684 quidem
756 1614 823 1681 ego
845 1592 1007 1674 viderim,
1028 1603 1098 1662 toto
1112 1591 1197 1663 orbe
1216 1616 1284 1665 non
1304 1595 1366 1664 ha-

286 1713 356 1793 bet,
380 1725 543 1804 tuamque
564 1724 600 1783 et
617 1713 769 1784 Socratis
789 1713 898 1784 nostri
920 1711 1024 1784 fidem
1046 1714 1206 1807 implorat
1227 1737 1269 1784 ue
1290 1737 1366 1786 mea

287 1835 353 1904 sihi
373 1834 465 1904 obsit
484 1834 653 1906 absentia.
677 1835 827 1926 Signabo
854 1845 969 1906 autem
1001 1836 1094 1906 diem
1120 1836 1180 1907 tibi
1208 1835 1365 1908 serendis

287 1957 469 2029 arboribus
490 1958 670 2043 idoneum,
698 1983 765 2031 nou
791 1981 871 2031 eum
898 1981 1002 2051 quern
1029 1961 1178 2030 fortasse
1198 1959 1279 2030 alibi
1305 1982 1366 2052 pro

287 2079 490 2152 diversitate
517 2089 686 2152 terrarum
709 2083 872 2172 agricolae
892 2081 1092 2151 observant.
1111 2081 1239 2154 Audivi
1264 2103 1364 2152 senes

286 2202 367 2272 dicti
395 2203 500 2284 ruris,
523 2214 602 2274 ante
623 2203 708 2275 alios
730 2194 882 2275 villicu'm
906 2225 1037 2286 meum,
1059 2205 1119 2296 qui
1139 2204 1191 2274 vir
1212 2204 1364 2297 optimus

286 2339 320 2398 et
340 2348 457 2396 rerum
480 2327 685 2398 rusticarum
702 2326 939 2420 peritissimus
966 2325 1041 2407 fuit,
1065 2325 1113 2395 ita
1133 2327 1249 2398 dicere
1273 2325 1365 2418 quod

286 2450 332 2518 ibi
354 2459 467 2518 satum
488 2450 591 2520 fuerit
616 2448 846 2519 edoctorum
873 2448 952 2520 idus
978 2446 1142 2520 februarii
1168 2448 1259 2520 felici
1286 2471 1364 2518 suc-

286 2593 390 2642 cessu
404 2573 613 2653 coalescere,
631 2593 694 2642 nec
706 2571 856 2642 adverso
871 2571 984 2642 sidere
995 2571 1146 2642 interire.
1161 2574 1256 2644 Tunc
1270 2593 1363 2661 ergo,

287 2696 480 2787 praesertim
495 2694 524 2765 si
535 2697 628 2766 lunae
642 2695 729 2766 ratio
741 2694 928 2777 constabit,
950 2694 1054 2764 serite
1072 2693 1128 2777 ibi,
1147 2716 1222 2776 cro,
1238 2715 1365 2764 novum

286 2819 429 2909 aliquid,
454 2840 524 2910 quo
542 2821 628 2888 torte
647 2827 860 2888 senectutem
880 2817 947 2888 illic
964 2803 1135 2910 placidam
1152 2817 1254 2888 simul
1273 2827 1365 2888 actu·

287 2939 347 3022 ris,
375 2941 404 3009 si
430 2942 500 3009 fata
522 2939 753 3030 permiserint,
784 2949 901 3034 vestra
926 2961 1009 3010 cura
1030 2939 1161 3030 gratior
1180 2951 1363 3032 aspectus,

287 3073 391 3150 atque
409 3060 532 3129 umbra
553 3060 597 3130 sit
617 3060 768 3132 densior.
791 3061 896 3132 Utere
918 3061 1071 3132 arbustis
1091 3083 1111 3134 e
1131 3062 1259 3154 quihus
1281 3063 1365 3132 anti·

287 3204 357 3274 qua
378 3181 452 3251 suis
473 3181 635 3252 manibus
653 3183 810 3254 Bacchus
827 3193 862 3253 et
878 3184 1033 3255 illiuerva
1052 3175 1259 3278 plantarunt,
1278 3205 1365 3255 nova

287 3327 373 3394 vcro
388 3304 475 3374 meis
489 3304 564 3398 ipse
577 3305 747 3390 manibus
767 3328 835 3377 nou
855 3317 987 3378 tantum
1007 3305 1192 3398 nepotibus
1209 3307 1365 3378 umbram

287 3431 420 3500 lactura
442 3428 503 3498 sed
525 3428 635 3499 nobis.
659 3417 762 3500 Utere
786 3449 893 3522 parva
914 3428 1017 3499 domo
1031 3438 1065 3499 et
1079 3427 1210 3519 agresti
1227 3428 1364 3508 lectulo,

287 3553 346 3644 qui
362 3551 419 3621 ubi
436 3563 468 3621 te
486 3552 619 3641 gremio
634 3553 819 3647 exceperit,
840 3551 908 3621 mei
925 3550 1148 3644 praesentiam
1167 3571 1235 3621 non
1254 3548 1366 3642 requi-

288 3685 351 3745 ret.
373 3673 471 3744 Unde
492 3673 654 3765 equidem
677 3697 768 3744 nuuc
788 3682 857 3742 tam
877 3675 987 3742 multa
1010 3673 1205 3744 miraberis:
1228 3672 1366 3744 desines

289 3806 406 3866 autem
439 3795 471 3866 si
505 3797 617 3868 locum
651 3796 789 3868 noveris
825 3795 883 3866 ubi
917 3795 983 3866 ista
1016 3795 1156 3868 dictavi.
1179 3796 1284 3868 Collis
1315 3803 1367 3866 est

290 3916 486 3988 uberrimus
513 3929 616 4010 atque
644 3918 895 4013 pulcherrimus
917 3918 1032 3989 medio
1053 3921 1161 3990 ferme
1186 3917 1367 4009 cisalpina

290 4035 420 4118 Galliae,
443 4038 543 4109 cuius
565 4039 600 4108 in
617 4061 656 4111 ea
679 4050 790 4130 parte,
814 4063 918 4132 quam
937 4043 1066 4112 Roreas
1089 4042 1274 4132 Eurusque
1292 4059 1366 4130 per·

290 4155 436 4237 cutinnt,
459 4171 612 4230 castrum
633 4164 730 4234 sedet
748 4164 861 4234 Sancti
890 4164 1090 4236 Columbani
1118 4164 1274 4246 nomine,
1304 4164 1367 4231 late
