2958 4804
250 362 309 424 tto·
587 375 627 422 nn
649 373 749 421 nunus
771 366 994 421 rnnrrtrnrunus

251 509 401 602 gloriosa
422 509 525 580 simul
545 519 580 579 et
600 507 749 578 iucunda
771 516 957 599 paupertas
982 516 1047 578 est.
1074 507 1168 578 Inter
1192 509 1330 580 divitias

253 652 438 724 pauperem
460 630 574 701 animo
596 651 699 720 quem
718 628 802 698 mibi
820 630 1000 721 reperies?
1019 630 1185 722 Magnum
1201 641 1257 704 est
1272 654 1331 724 per

251 753 424 825 obstantia
444 773 647 847 erumpere:
675 751 860 842 gloriosius
886 762 941 822 est
966 764 1175 846 praesentem
1195 754 1329 825 hostem

252 886 422 956 sternere,
442 895 547 966 quam
569 873 767 943 venientem
785 872 968 943 declinare.
997 873 1137 944 Maioris
1155 873 1259 944 animi
1278 883 1331 944 est

251 1000 463 1092 voluptatem
496 1005 729 1078 contemnere,
757 1016 861 1086 quam
888 995 1013 1080 vitare,
1040 1006 1329 1090 conspectumque

251 1144 375 1192 aurum
403 1139 583 1211 spernere,
607 1138 712 1209 quam
740 1136 937 1208 praecavere
959 1138 1003 1187 ne
1024 1116 1156 1188 videas.
1183 1118 1222 1187 ln
1249 1138 1330 1209 qua-

251 1264 402 1334 cumque
422 1242 558 1310 fortnna
579 1239 659 1309 licet
680 1260 798 1309 amare
822 1238 1000 1322 virtutem,
1035 1239 1069 1308 in
1096 1261 1166 1332 qna
1189 1241 1330 1312 colenda

251 1385 322 1457 quo
342 1366 419 1458 plus
441 1362 583 1446 laboris,
605 1382 648 1433 eo
673 1362 752 1454 plus
778 1360 892 1431 laudis
918 1382 958 1431 ac
984 1360 1116 1452 praemii
1141 1370 1206 1432 est.
1234 1361 1330 1431 Inve-

251 1486 326 1557 nies
348 1486 407 1579 qui
430 1496 462 1557 te
482 1483 657 1555 blanditiis
678 1491 838 1566 onerent,
862 1492 990 1553 statum
1012 1490 1109 1554 tuum
1127 1484 1216 1553 coelo
1233 1493 1330 1554 tenus

252 1611 420 1693 attollant,
444 1610 667 1698 vulgatorum
693 1606 895 1696 dogmatum
922 1617 1082 1677 auctores
1107 1604 1250 1676 iubeant
1272 1605 1332 1674 mi-

252 1732 320 1802 rari
356 1743 388 1800 te
423 1731 536 1823 ipsum
562 1742 598 1800 et
624 1751 681 1800 res
708 1740 802 1813 tuas
830 1728 1031 1820 dignitatem
1058 1727 1203 1798 artificio
1231 1727 1330 1812 tueri,

252 1851 454 1924 meminisse
473 1852 667 1942 sanguinis,
683 1873 867 1922 numerare
883 1851 1039 1937 divitias,
1054 1843 1242 1945 potentiam
1255 1873 1333 1923 oon-

252 1973 423 2066 templari,
443 1973 582 2044 demum
605 1973 834 2044 immortalem
858 1995 964 2068 prope
985 1985 1018 2046 te
1039 1973 1157 2044 verbis
1177 1972 1332 2044 efficiant.

252 2099 328 2188 Ego
360 2119 447 2168 vero
480 2095 564 2164 nihil
598 2096 723 2166 horum
754 2094 925 2179 oblivisci,
948 2118 1080 2193 proque
1105 2095 1147 2165 iis
1173 2095 1334 2166 omnibns

252 2231 357 2312 atque
377 2219 453 2290 aliis
475 2219 591 2290 multis
613 2220 686 2289 Deo
707 2218 838 2308 gratias
859 2240 978 2309 agere,
1001 2219 1129 2311 quibus
1154 2242 1263 2289 unum
1283 2219 1336 2287 ille

253 2354 286 2413 te
304 2341 382 2412 lecit
398 2364 445 2411 ex
462 2341 602 2433 paucis:
618 2339 653 2412 in
671 2342 765 2410 nullo
779 2349 894 2416 tamen
913 2339 1037 2412 borum
1057 2341 1174 2413 sedin
1192 2341 1337 2414 Domino

254 2464 408 2554 gloriari,
431 2463 466 2532 in
488 2464 544 2534 illo
566 2463 687 2544 fidere,
707 2462 742 2531 in
764 2461 859 2532 illum
883 2483 965 2553 spes
983 2472 1061 2532 tuas
1078 2483 1201 2532 omnes
1218 2483 1340 2534 curas-

253 2609 322 2678 que
343 2587 556 2678 permittere:
578 2585 713 2656 interim
733 2595 766 2655 te
785 2584 898 2678 ipsum
916 2593 952 2654 et
971 2584 1125 2678 peritura
1141 2584 1336 2678 despicere,

252 2720 288 2780 et
312 2708 407 2800 quod
433 2708 701 2779 saluberrimum
725 2706 844 2791 luerit,
877 2705 982 2778 finem
1017 2729 1154 2801 semper
1183 2709 1339 2800 cogitare

255 2831 403 2902 suadeo:
425 2831 491 2901 hoo
507 2831 598 2900 enim
618 2852 687 2900 uno
707 2828 752 2898 ad
773 2829 883 2920 ipsius
902 2831 985 2901 vitae
1001 2830 1130 2922 pariter
1146 2832 1338 2926 mortisque

253 2960 488 3044 contemptum
521 2950 605 3019 nihil
639 2949 824 3021 efficacius.
859 2951 942 3022 Sive
976 2963 1091 3022 autem
1118 2953 1202 3023 vitae
1232 2953 1340 3024 huius

254 3073 413 3143 miserias
435 3071 618 3163 diligenter
638 3070 843 3157 attenderiS,
864 3094 939 3158 nec,
962 3084 999 3145 ut
1015 3073 1175 3156 arbitror,
1189 3078 1338 3146 multum

253 3194 375 3264 vivere
394 3193 530 3288 cupieS,
553 3215 617 3264 nec
638 3191 777 3266 timebis
797 3195 901 3277 mori;
928 3193 1005 3276 sive
1029 3193 1236 3266 brevitatem
1262 3197 1337 3268 eius

254 3314 478 3408 adspexeris,
500 3322 537 3384 et
561 3315 606 3386 de
639 3315 884 3408 asperitatibus
917 3327 1023 3409 atque
1055 3315 1232 3388 blanditiis
1268 3327 1338 3388 tam

254 3435 380 3508 modici
395 3437 565 3528 temporis
587 3458 656 3507 non
677 3437 832 3521 curabis,
855 3446 925 3508 tam
947 3460 1075 3530 magno
1099 3439 1215 3510 animo
1241 3461 1339 3532 sper-

254 3583 342 3632 nens
375 3583 494 3632 amara
526 3584 631 3654 quam
665 3560 787 3632 dulcia.
823 3559 975 3632 Exilium
1006 3561 1072 3634 hoc
1098 3563 1187 3634 scies
1229 3561 1339 3636 breve

254 3683 396 3774 quidem
435 3683 498 3754 sed
531 3683 685 3766 difficile,
723 3682 782 3754 ubi
814 3705 982 3776 prospera
1017 3686 1152 3769 fallunt,
1187 3686 1340 3758 adversa

254 3801 436 3884 deliciunt3
457 3802 677 3875 difficultates
698 3815 841 3875 cunctas
861 3805 959 3876 facile
981 3807 1163 3901 superabis
1189 3807 1219 3878 si
1244 3809 1340 3880 exilii

255 3923 450 3994 molestiam
467 3923 640 3996 brevitate
659 3926 868 4011 consolatus,
889 3949 1026 4020 semper
1044 3920 1203 4022 suspires
1217 3930 1263 4002 ad
1281 3951 1342 4024 pa-

256 4044 372 4129 triam,
387 4047 456 4129 cui,
477 4045 506 4118 si
527 4047 600 4118 Diis
621 4049 745 4141 placet,
766 4049 962 4143 adscriptus
980 4071 1020 4122 es
1038 4050 1141 4134 civis;
1160 4051 1231 4136 ubi,
1252 4054 1341 4126 sicut

256 4166 398 4258 optima,
415 4168 465 4239 sio
482 4179 610 4240 aeterna
626 4181 707 4240 sunt
724 4172 849 4244 omnia.
864 4173 993 4258 Habes,
1010 4174 1057 4244 mi
1070 4175 1228 4258 Domine,
1246 4176 1340 4267 quod
