3078 4798
286 353 345 414 380
622 366 663 412 nu
684 365 784 412 nesus
807 364 1028 414 instituamus

285 499 354 570 Sed
371 510 409 570 ut
426 499 470 570 ad
489 521 560 568 rem
582 500 727 580 veniam,
750 499 879 581 audivi,
902 508 1015 591 pater,
1038 509 1073 570 et
1094 520 1205 591 usque
1228 502 1263 570 in
1285 504 1362 573 soli-

286 622 414 693 tudinis
429 644 516 692 meae
531 622 681 693 latebras
696 623 803 694 tristis
818 623 960 694 nuntius
976 625 1068 695 venit
1082 624 1181 715 gravi
1196 634 1229 694 te
1245 626 1363 696 morbo

285 767 452 841 corporeo
485 744 652 815 laborare.
689 745 764 815 Non
797 754 835 814 ut
867 766 1001 837 aegrum
1037 733 1150 817 tamen
1189 747 1361 838 alloquor,

286 890 388 960 spero
421 868 514 937 enim
547 865 640 958 quod
669 865 752 937 dum
778 867 823 937 ad
850 887 905 936 me
931 867 1150 958 aegritudinis
1177 875 1246 940 tuae
1272 871 1362 938 lama

285 993 416 1084 perlata
436 1000 506 1072 est,
530 990 595 1059 iam
619 1010 726 1060 sanus
746 998 862 1074 antee,
884 1000 1017 1061 etcum
1039 990 1084 1061 ad
1106 1002 1138 1061 te
1159 992 1272 1061 littera
1298 992 1363 1061 ista

284 1114 491 1210 pervenerit,
515 1116 647 1184 nullum
674 1112 784 1183 morbi
806 1112 996 1204 vestigium
1018 1123 1198 1206 repertura
1216 1115 1272 1185 sit.
1300 1117 1365 1186 lta-

285 1259 353 1330 que
373 1236 531 1306 licentius
555 1256 672 1325 vagor.
696 1234 845 1304 Fatebor
865 1245 981 1306 autern
1010 1235 1069 1305 tibi
1096 1235 1362 1309 imbecillitatem

285 1379 409 1429 meam.
441 1356 493 1427 Ad
527 1357 673 1449 primum
707 1359 821 1428 moesti
849 1357 997 1428 rumoris
1023 1357 1222 1442 adventum,
1249 1371 1285 1430 ut
1312 1381 1364 1431 me

285 1479 458 1550 hominem
486 1479 730 1572 potiusquam
757 1480 1002 1574 philosophum
1029 1479 1133 1562 scias,
1162 1480 1363 1553 humanitus

285 1602 414 1673 indolui
437 1624 548 1692 usqne
573 1602 673 1683 aden,
699 1612 735 1672 ut
756 1601 871 1670 subito
898 1602 931 1671 in
953 1622 1137 1673 moerorem
1163 1603 1241 1673 laeta
1270 1605 1364 1696 prius

284 1723 342 1794 otti
357 1723 423 1793 mai
440 1722 667 1812 tranquillitas
687 1730 888 1806 verteretur,
911 1732 947 1793 et
964 1725 1039 1817 ipse
1056 1723 1161 1793 animi
1183 1724 1250 1795 mei
1271 1745 1364 1816 saepe

285 1842 459 1913 mollitiem
475 1843 696 1933 castigarem.
712 1844 761 1912 lle
773 1853 888 1914 autem
904 1865 989 1915 vera
1002 1866 1070 1915 non
1085 1852 1155 1913 tam
1171 1842 1245 1925 tibi,
1261 1865 1363 1935 quem

285 1965 443 2037 modeste
467 1986 507 2034 ac
528 1963 660 2036 sortiter
682 1964 804 2035 tulisse
824 1966 939 2038 omnia
964 1976 999 2036 et
1017 1968 1167 2037 laturum
1194 1986 1365 2037 essenon

284 2090 417 2173 dubito,
439 2111 544 2180 quam
566 2088 805 2159 amantissimo
830 2089 975 2179 genitori
999 2099 1058 2158 tuo
1077 2088 1238 2160 affectum
1260 2098 1364 2159 tantae

283 2210 537 2306 compassionis
557 2209 712 2280 exhibui.
740 2199 798 2281 llle
820 2210 910 2280 enirn
933 2211 966 2279 in
994 2209 1157 2282 membris
1179 2210 1248 2281 tuis
1274 2231 1365 2282 nunc

284 2344 441 2428 aegrotat,
461 2344 568 2426 utque
586 2355 753 2425 auguror,
775 2335 919 2425 gravius
941 2355 1044 2425 quam
1067 2343 1118 2417 tu,
1141 2332 1200 2426 qui
1223 2344 1260 2403 ut
1280 2333 1363 2414 dixi,

285 2460 350 2529 iam
372 2459 531 2528 fortassis
552 2456 646 2528 omni
663 2455 816 2549 periculo
837 2455 1013 2537 liberatae,
1032 2456 1187 2527 dolorem
1206 2464 1363 2525 nostrum

285 2581 511 2671 timoremque
539 2599 796 2672 supervacuum
821 2577 966 2648 dolebis.
989 2578 1049 2648 llle
1069 2585 1183 2647 autern
1211 2577 1364 2671 prolecto

284 2724 353 2773 non
371 2713 450 2773 ante
470 2721 577 2772 sanus
595 2701 669 2784 erit,
685 2721 788 2790 quam
805 2711 838 2772 te
856 2721 980 2771 sanum
999 2697 1136 2769 viderit.
1151 2695 1205 2768 Ad
1223 2707 1256 2768 te
1272 2697 1363 2768 enim

284 2825 424 2898 festinat
442 2822 604 2894 omnibus
630 2822 838 2916 posthabitis
864 2822 1076 2914 omissisque
1088 2821 1260 2913 ‘negotii-s,
1288 2819 1364 2913 qui-

283 2947 349 3018 bus
374 2945 475 3018 valde
497 2944 636 3015 deditus
663 2963 800 3036 semper
819 2944 894 3026 tuit,
923 2965 1071 3037 quorum
1099 2952 1137 3012 tu
1163 2943 1299 3035 pondus
1325 2962 1365 3012 ac

283 3071 416 3162 copiam
438 3067 552 3148 nosti,
574 3074 746 3159 praeterea
763 3065 903 3136 deserta
920 3068 1034 3150 domo,
1053 3075 1249 3159 contempto
1267 3063 1362 3147 mari,

283 3187 449 3279 neglectis
475 3185 638 3281 Alpibus,
667 3197 783 3277 spreta
809 3186 946 3282 hyeme,
968 3198 1110 3259 cunctas
1136 3186 1363 3266 difficultates,

283 3331 340 3384 res
358 3331 532 3402 curasque
551 3329 634 3380 suas
652 3331 776 3380 omnes
788 3301 829 3380 ‘et
848 3331 885 3380 se
904 3310 1018 3402 ipsum
1037 3308 1262 3392 obliviscitur,
1280 3310 1363 3380 dum

282 3446 317 3506 te
339 3457 446 3506 unum
468 3435 597 3530 cogi-tat
614 3432 691 3525 pius
713 3443 823 3527 pater.
843 3433 942 3504 Unde
962 3431 1056 3525 quod
1073 3431 1166 3523 apud
1183 3431 1365 3522 Virgilium

285 3567 384 3654 pater
406 3556 476 3628 tilio
495 3556 591 3641 dicit,
614 3577 706 3626 nunc
726 3554 1054 3627 convenientissime
1074 3553 1166 3624 dicet
1192 3551 1284 3624 filius
1304 3574 1365 3646 pa·

284 3681 349 3750 tri:
370 3679 455 3751 Vicit
470 3682 532 3750 iter
548 3675 668 3747 durum
684 3678 802 3770 pietas.
822 3675 928 3748 Cuius
948 3675 997 3746 rei
1010 3675 1182 3767 cogitatio,
1202 3675 1235 3746 ni
1257 3677 1362 3758 fallor,

285 3803 431 3873 multum
454 3800 588 3872 viribus
610 3799 679 3871 tuis
701 3798 854 3900 adiiciet,
872 3797 955 3870 dum
978 3797 1108 3869 subibit
1128 3797 1279 3870 animum
1306 3818 1367 3890 pa-

285 3934 369 3994 trem
391 3924 425 3994 in
455 3934 487 3995 te
515 3934 612 3995 tuum
633 3921 769 4003 vivere,
793 3920 827 3991 in
858 3930 889 3993 te
917 3919 1019 3990 etiam
1042 3922 1228 4012 langueret
1255 3929 1293 3990 ut
1313 3930 1365 3989 ta·

284 4066 379 4115 ceam
402 4055 558 4128 matrem,
582 4054 714 4116 taceam
738 4045 875 4127 fratres,
901 4053 1031 4115 taceam
1054 4063 1210 4127 sorores,
1235 4051 1363 4114 taceam

284 4167 425 4248 amicos,
449 4166 632 4258 inquibus
654 4189 708 4238 me
731 4169 843 4261 ipsum
866 4189 1050 4240 numerare
1072 4167 1185 4238 audeo
1210 4187 1279 4238 non
1301 4167 1365 4235 ex‘-
