3002 4794
428 355 520 404 niuno
541 357 869 408 nouus-neuram
891 359 918 404 v.
1172 345 1210 406 {5

138 499 185 570 rei
204 506 453 590 argumentum
472 518 538 589 ego
559 518 650 582 sum,
672 497 732 590 qui
753 497 813 570 diu
837 496 943 568 nimio
968 499 1093 570 tacitus
1117 498 1214 570 dolo-

137 644 183 706 re,
199 643 300 704 nunc,
315 627 356 690 ut
368 596 479 704 vides,
503 641 664 692 sermone
685 620 862 715 multiplici
883 620 981 695 triste
997 622 1063 694 boc
1082 633 1117 694 et
1136 644 1216 715 per-

138 753 321 838 gravatum
341 753 466 839 peotus
487 765 652 817 exonero.
674 745 750 829 Qua
771 745 862 816 enim
875 745 1039 838 patientia
1050 745 1216 819 dissimu-

137 871 207 940 lare
226 889 355 961 queam
376 866 480 960 quod,
503 889 582 938 cum
602 866 638 938 in
659 867 725 939 hoc
741 891 825 940 vere
847 879 955 942 totum
975 869 1059 943 vitae
1079 881 1216 965 tempus

137 989 374 1084 expenderim,
397 997 439 1061 ut
460 989 503 1073 si,
527 990 622 1083 quod
646 990 797 1064 maxime
824 993 962 1077 vellem,
985 992 1103 1064 multis
1124 993 1217 1064 utilis

85 1184 89 1194 ,
139 1134 221 1184 esse
241 1134 310 1182 non
330 1133 487 1205 possem,
510 1122 546 1184 at
566 1115 689 1186 saltem
706 1114 790 1186 nulli
810 1115 972 1200 nocivus,
991 1113 1074 1185 nulli
1096 1135 1219 1207 suspe-

139 1244 214 1306 ctus
236 1234 374 1322 fierem;
397 1246 444 1321 tu,
463 1257 533 1308 non
554 1245 613 1308 tuo
630 1235 771 1329 quidem
793 1237 930 1323 iudicio,
953 1248 1064 1334 pater,
1085 1237 1141 1310 c'ui
1157 1259 1219 1308 na-

139 1368 215 1431 tura
237 1359 361 1430 mitem
380 1359 538 1452 spiritum
559 1368 595 1431 et
615 1359 764 1453 simplex
789 1361 967 1454 ingenium
992 1362 1117 1454 largita
1140 1370 1216 1446 est,

140 1484 201 1556 sed
218 1485 340 1556 nescio
356 1484 484 1578 quibus
512 1495 712 1576 serpentum
738 1485 848 1558 sibilis
881 1485 1033 1569 afflatus,
1068 1504 1218 1577 quonam

142 1605 327 1679 insanabili
344 1609 508 1699 perfusus
528 1605 689 1702 aspidum
709 1629 856 1692 veneno,
875 1608 920 1680 de
937 1629 1006 1692 me,
1022 1606 1056 1676 ni
1068 1609 1217 1702 respuis,

143 1738 206 1816 tuo,
231 1728 466 1823 suspicionem
494 1751 747 1826 supervacuam
773 1739 810 1802 et
839 1751 982 1823 prorsus
1014 1729 1218 1801 immeritam

140 1851 351 1946 concepisti?
370 1851 571 1945 Disceptare
591 1861 704 1926 tecum
722 1852 766 1924 de
780 1852 912 1923 iustitia
924 1861 980 1924 est
992 1853 1140 1924 animus.
1153 1854 1221 1924 De-

140 1976 278 2048 cember
297 1975 414 2048 adhuc
434 1976 595 2070 equidem
616 1975 746 2048 mensis
766 1984 838 2061 est,
858 1977 997 2071 quando
1022 1955 1081 2048 uel
1106 1975 1220 2046 servis

140 2119 210 2191 aere
225 2099 385 2192 quaesitis
407 2099 570 2191 loquendi
589 2098 759 2192 quidquid
781 2098 940 2170 libuisset
959 2096 1132 2170 adversus
1157 2098 1221 2169 do-

141 2221 253 2294 minos
272 2220 369 2294 dedit
388 2221 574 2314 antiquitas
591 2222 795 2294 libertatem.
816 2221 851 2292 Si
868 2219 1059 2315 placuerint
1075 2239 1155 2312 quae
1171 2221 1221 2290 le·

141 2345 212 2437 giS,
233 2345 412 2439 epistolam
429 2345 519 2416 hanc
535 2346 664 2419 nudam
678 2345 781 2416 nullis
795 2343 983 2415 verborum
998 2343 1085 2416 lucis
1099 2341 1219 2414 illitam

142 2469 283 2540 allectus
304 2469 375 2539 mei
392 2469 520 2562 pignus
538 2479 641 2564 atque
666 2468 825 2542 obsidem
849 2465 1009 2552 habebis,
1042 2489 1062 2538 e
1095 2487 1219 2538 serena

141 2594 280 2686 quidem
301 2603 337 2664 et
347 2615 444 2686 pura,
458 2593 536 2679 sed,
558 2603 596 2666 ut
622 2615 745 2666 verum
763 2594 884 2678 fatear,
898 2591 1037 2662 minime
1055 2589 1221 2683 tranquil-

142 2718 187 2801 la,
209 2714 295 2808 quin
309 2716 422 2807 magis
436 2716 704 2788 obtrectatorum
721 2715 899 2807 exagitata
917 2712 1125 2797 turbinibus,
1141 2735 1221 2805 peo-

143 2839 226 2909 toris
241 2846 342 2930 parte
361 2839 564 2929 prolectam:
586 2836 737 2930 alioquin
757 2849 793 2909 et
812 2836 923 2909 dolori
935 2849 1023 2908 'meo
1042 2857 1165 2929 parces
1185 2847 1221 2908 et

144 2962 297 3054 tempori.
316 2962 414 3032 Neve
429 2970 463 3034 te
483 2961 619 3053 longius
641 2961 792 3046 traham,
814 2961 870 3033 dio
886 2983 968 3053 age:
984 2961 1077 3033 unde
1099 2958 1159 3030 tibi
1175 2957 1221 3030 de

145 3105 198 3154 me
218 3085 297 3156 talis
318 3084 454 3178 opinio‘l
474 3084 620 3168 Quando
640 3084 706 3156 hoc
723 3083 819 3178 prius
840 3083 885 3155 de
905 3094 939 3154 te
959 3083 1085 3166 merui,
1107 3091 1144 3152 ut
1162 3081 1221 3154 ubi

144 3207 273 3279 fraudis
294 3229 358 3300 pes
372 3208 532 3292 nonfuit,
547 3205 614 3280 illic
628 3205 776 3298 vestigia
790 3205 997 3299 suspicionis
1010 3205 1222 3278 existerent?

23 3421 24 3436 χ
147 3327 236 3411 Quid
253 3331 318 3402 leci
340 3353 507 3423 unquam,
530 3329 614 3424 quid
630 3330 665 3401 in
686 3351 742 3400 me
759 3327 880 3401 vidisti
896 3328 990 3421 quod
1006 3332 1124 3402 oculos
1141 3339 1220 3402 tuos
1265 3417 1269 3429 ι

147 3451 357 3524 offenderet?
376 3454 461 3547 quid
479 3475 525 3524 ex
545 3475 601 3523 me
622 3451 750 3526 audisti
769 3473 832 3525 seu
850 3452 973 3524 durius
993 3475 1098 3546 quam
1123 3475 1222 3526 reve·

125 3555 290 3644 ¹rentiam
311 3582 420 3659 tuam,
441 3597 504 3646 seu
528 3575 665 3647 mollius
698 3597 800 3667 quam
835 3574 1082 3647 conscientiam
1108 3595 1220 3644 meam

147 3693 265 3765 decet?
282 3696 376 3780 Quid
396 3695 537 3782 audisti,
561 3719 698 3790 quaeso,
720 3720 875 3791 unquam
902 3719 949 3770 ex
972 3717 1052 3767 meo
1076 3717 1137 3798 ore
1162 3716 1221 3766 su-

150 3823 325 3909 spectum?
344 3820 433 3891 Nam
453 3843 500 3892 ex
520 3821 655 3894 illorum
667 3844 736 3907 ore,
753 3822 812 3916 qui
830 3822 973 3895 assidue
993 3819 1055 3890 tibi
1072 3821 1163 3890 latus
1182 3843 1222 3890 u-

23 3995 25 4040 ,
149 3949 306 4034 trumque
322 3944 627 4038 circumstrepunt,
642 3955 678 4016 et
694 3944 832 4016 abunde
845 3942 1102 4014 mendaciorum
1117 3952 1221 4037 atque

23 4063 24 4084 ¹
148 4058 391 4136 blanditiarum
424 4065 701 4151 immurmurant,
722 4070 830 4140 multa
859 4068 904 4138 de
928 4089 983 4137 me
1005 4075 1039 4138 et
1064 4067 1162 4138 varia
1187 4068 1221 4138 in

148 4183 221 4257 dies
241 4189 362 4261 audire
383 4211 451 4262 non
471 4190 603 4263 dubito.
623 4193 753 4264 Verum
774 4190 802 4262 si
829 4189 996 4284 sapientia
1022 4163 1092 4263 tua·
1107 4201 1219 4264 tecum
