3062 4798
202 351 209 360 ·
277 331 335 392 438
619 347 659 394 nn
682 347 783 394 uanus
805 348 1027 396 inminuamus

275 479 328 550 bis
350 479 559 574 exprimere,
582 479 751 550 excusavi
785 489 880 552 tanto
912 482 1052 572 negotio
1086 493 1221 574 tempus
1248 503 1358 573 angu-

275 613 377 671 stum.
399 599 454 672 Ad
476 601 566 685 baec,
589 613 624 672 et
643 603 678 672 in
699 603 843 674 auribus
869 602 1075 674 miserorum
1096 604 1206 695 pluris
1225 604 1356 676 domini

275 722 423 792 verbum
446 725 532 806 fore,
556 745 660 816 quam
687 724 856 818 quidquid
882 725 927 798 ab
952 726 1017 796 alio
1041 725 1112 800 dici
1134 737 1265 820 posset,
1294 749 1357 800 uec

274 867 329 916 me
365 845 476 916 fefelli.
512 849 563 917 lta
599 848 691 918 euim
730 847 785 918 ille
818 848 997 942 respondit
1025 857 1060 918 ut
1087 848 1213 940 aliquis
1239 852 1357 922 forsan

273 969 443 1052 ornatius,
465 968 638 1040 efficacius
669 991 781 1040 nemo.
813 969 920 1041 Cuius
948 970 1187 1062 responsionis
1213 971 1357 1043 effectus

271 1092 350 1162 tuit:
372 1114 441 1162 non
464 1113 501 1162 sc
522 1090 566 1162 de
589 1091 735 1183 propriis
759 1090 892 1162 viribus
919 1101 1024 1183 atque
1053 1092 1263 1176 virtutibuS,
1293 1093 1357 1164 sed

271 1216 316 1286 de
336 1214 606 1304 divinattantum
640 1235 706 1307 ope
738 1213 921 1297 conlisum,
952 1236 1065 1306 neque
1098 1216 1167 1286 ulla
1194 1213 1356 1308 cupidine

273 1337 437 1407 terminos
470 1336 678 1430 prolatandi,
714 1335 775 1408 sed
809 1337 931 1408 amica}
965 1336 1078 1426 gentis
1113 1337 1355 1430 compassione

271 1459 468 1540 dumtaxat,
496 1479 569 1527 rem
596 1458 803 1530 laboriosam
835 1470 939 1550 atque
965 1459 1110 1529 arduam
1142 1458 1353 1552 suscepisse.

271 1580 436 1672 Recipere
469 1580 574 1671 igitur
607 1602 645 1652 se
678 1581 753 1650 illos
788 1581 823 1647 in
859 1601 955 1649 suam
993 1578 1111 1662 fidem,
1139 1590 1173 1650 et
1203 1581 1355 1673 polliceri

222 1688 224 1691 ¹
269 1702 438 1796 quidquid
472 1703 606 1775 consilii
641 1703 876 1797 potentiaeque
911 1723 986 1772 suae
1018 1701 1123 1772 fuerit
1155 1701 1354 1794 reipublicae

269 1843 368 1918 opem
390 1833 556 1916 quautam
579 1824 702 1916 possit,
723 1823 813 1915 plebi
832 1822 982 1894 infirmae
999 1825 1154 1895 favorem
1171 1818 1350 1906 eximium,

268 1947 428 2018 omnibus
462 1947 639 2018 iustitiam.
674 1946 780 2017 Orare
821 1967 901 2016 sese
940 1947 1050 2016 Deum
1089 1954 1194 2037 atque
1232 1967 1352 2016 omnes

268 2070 450 2154 caelicolas,
474 2071 508 2140 in
530 2069 659 2162 quibus
681 2049 1130 2140 nominatim'recensendis
1150 2089 1219 2138 non
1242 2067 1351 2138 modi-

268 2204 507 2287 campartem
537 2192 703 2264 orationis
734 2191 944 2284 absumpsit,
970 2199 1006 2260 ut
1028 2190 1121 2283 quod
1142 2190 1217 2285 ipse
1239 2190 1294 2284 pie
1313 2211 1351 2260 ac

270 2314 414 2386 fideliter
440 2315 656 2406 concepisset
674 2313 708 2384 id
721 2313 864 2384 feliciter
882 2312 1139 2385 consumerent.
1162 2315 1254 2398 Quid
1274 2314 1351 2384 vis?

267 2438 333 2504 Per
350 2437 509 2507 amicitiae
526 2436 631 2509 fidem
649 2439 734 2519 iur0,
754 2438 916 2528 loquente
935 2436 1002 2520 illo,
1020 2436 1095 2506 sine
1114 2436 1266 2506 lacrimis
1284 2457 1350 2506 nou

269 2559 328 2632 fui.
350 2556 461 2628 Credo
482 2559 600 2630 itidem
622 2559 763 2631 affectos
781 2559 883 2640 alios
904 2558 997 2651 quod
1015 2558 1099 2628 mibi
1117 2559 1272 2630 omnium
1284 2558 1349 2661 pim-

272 2691 363 2752 mota
383 2683 478 2752 frons
499 2691 534 2751 et
554 2681 697 2753 intentio
722 2691 757 2752 et
784 2681 957 2752 silentium
985 2680 1192 2753 indicabant.
1220 2681 1276 2752 Sic
1296 2681 1365 2768 itte,

270 2811 334 2874 vir
346 2804 521 2874 maximus
543 2804 765 2874 lanuensium
788 2803 954 2876 aerumnis
975 2802 1138 2895 compati,
1160 2803 1209 2874 sic
1227 2824 1349 2894 magno

271 2931 386 2999 animo
399 2929 488 2997 velle
503 2947 706 2997 succurrere
717 2927 816 2997 visus
834 2937 898 3010 est,
919 2937 958 2998 ut
975 2927 1004 2998 si
1020 2927 1091 2998 vita
1104 2948 1221 2998 comes
1235 2926 1348 3008 fuerit,

273 3053 305 3119 in
324 3050 389 3120 hac
405 3049 496 3116 enim
514 3069 630 3118 rerum
649 3058 718 3120 tota
738 3049 792 3120 vis
810 3050 974 3133 vertitur,
992 3050 1037 3122 sit
1049 3051 1106 3122 vel
1121 3070 1258 3141 magnac
1272 3070 1350 3141 spes

271 3180 363 3242 certa
384 3167 539 3244 victoriae
560 3172 616 3240 vel
637 3171 795 3244 honestae
817 3174 924 3265 pacis
948 3173 982 3242 Si
1003 3173 1094 3242 enim
1110 3183 1242 3243 mutato
1255 3171 1350 3254 duce,

274 3303 438 3366 mutatam
455 3315 548 3385 saepe
567 3296 739 3366 fortunam
759 3297 838 3367 belli
860 3297 1023 3380 vidimus,
1042 3296 1126 3389 quid
1144 3296 1351 3389 sperandum

272 3429 373 3512 putes
408 3427 455 3489 tot
488 3419 631 3510 insuper
664 3419 860 3511 legionibus
896 3430 1064 3512 tantaque
1092 3420 1264 3512 potentia?
1295 3419 1352 3503 llle

272 3541 412 3634 quidem
435 3541 463 3611 si
486 3563 568 3632 spes
598 3551 737 3614 nostras
758 3542 967 3636 impleverit,
997 3553 1167 3612 aeternum
1188 3542 1296 3613 decus
1320 3547 1353 3610 et

274 3664 499 3734 immortalem
515 3663 659 3753 gloriam
680 3683 726 3732 ex
748 3663 859 3762 aliena
881 3663 946 3734 sibi
968 3663 1167 3735 calamitate
1183 3661 1353 3732 conflave-

273 3786 333 3866 rit;
356 3784 497 3877 quodsi
520 3783 688 3856 voluntati
708 3784 849 3875 optimae
870 3784 984 3875 aliqua
1006 3777 1230 3855 fortunae'vis
1248 3781 1354 3854 obsti-

273 3907 366 3990 terit,
390 3906 465 3997 ipse
498 3905 638 3997 quidem
674 3904 720 3998 pii
753 3905 918 3999 propositi
952 3905 1075 3976 merito
1095 3926 1178 3986 „non
1211 3904 1350 3976 carebit.

273 4029 362 4098 Ecce
383 4049 461 4098 cum
480 4026 618 4099 duabus
633 4027 791 4119 epistolis
807 4030 911 4098 multa
924 4026 1130 4112 dixerimus
1146 4031 1245 4122 plura
1264 4047 1352 4098 nunc

273 4147 377 4214 etiam
400 4157 482 4216 suut
494 4169 574 4237 quae
589 4158 730 4220 restant.
745 4149 912 4222 Praeteriti
926 4149 1082 4222 ordinem
1101 4149 1352 4243 praesentisque
