2988 4800
411 319 503 365 LIBER
525 315 736 365 uuooafflltus.
750 335 786 342 -
799 314 953 362 bristout
975 316 994 362 l.
1183 305 1235 362 ‘llll

69 451 72 456 ’
161 461 295 523 clanter
315 449 471 542 arripias,
487 448 690 541 reiectisque
703 449 797 519 curis
812 448 983 533 omnibus
999 469 1078 540 quae
1096 471 1240 540 gressus

161 586 238 646 tuos
260 597 281 646 a
303 584 376 644 tam
396 574 453 668 pio
474 573 593 644 itinere
615 573 810 656 retrahunt,
838 593 972 642 moram
998 572 1110 672 tollas,
1139 574 1240 645 claris

161 719 301 790 semper
314 695 470 768 exordiis
484 696 683 780 nocituram,
695 718 734 766 ac
750 706 807 767 tuo
820 705 979 787 egentem
994 696 1123 767 anxilio
1137 719 1241 788 quam

159 817 312 910 primum
331 818 483 888 invisere
500 818 589 889 velis
607 817 809 888 Ausoniam.
828 819 951 910 Optato
966 817 1156 888 succedunt
1169 841 1243 889 om-

159 940 228 1011 nia:
265 941 336 1012 noli
370 963 460 1011 unus
482 942 607 1012 deesse
627 942 792 1012 fortunae:
814 941 908 1033 quod
930 940 959 1010 si
980 940 1095 1024 facias,
1118 940 1241 1032 ingens

160 1064 375 1158 posteritatis
395 1065 513 1135 odium
542 1087 603 1136 nec
631 1064 796 1135 minorem
832 1063 891 1134 tibi
925 1061 1244 1135 conflaveris'infa-

160 1188 276 1257 miam.
299 1187 369 1256 Vix
388 1188 548 1280 equidem
570 1196 704 1281 optare,
733 1188 797 1257 vix
824 1187 934 1257 verbo
960 1187 1157 1280 exprimere
1183 1207 1244 1278 po-

161 1309 293 1382 tuisses
328 1321 397 1380 tam
426 1309 559 1381 facilem
592 1311 651 1382 fati
684 1311 789 1384 viam.
824 1313 930 1382 Putas
964 1332 1008 1379 ne
1041 1289 1271 1403 perpetuum⁴

160 1432 254 1505 bunc
275 1435 453 1504 favorem?
478 1435 521 1504 Ut
547 1435 755 1520 vehemens²
785 1435 836 1506 sic
868 1431 1020 1505 volubile
1041 1437 1147 1504 latum
1168 1441 1243 1504 est:
1273 1447 1275 1457 ⁴

159 1578 229 1627 non
249 1557 405 1628 humano
426 1558 566 1650 quidem
587 1559 727 1650 ingenio
750 1560 813 1630 sed
835 1568 958 1653 suopte
980 1556 1133 1629 volvitur
1154 1556 1246 1626 arbi-

161 1680 240 1750 trio:
256 1681 374 1750 nullus
390 1690 510 1762 status,
526 1683 618 1752 nulla
631 1680 736 1752 facies
750 1704 868 1752 rerum
882 1681 993 1752 durat.
1008 1681 1083 1750 Non
1101 1690 1138 1750 tu
1152 1679 1243 1751 idem

162 1824 302 1896 semper
320 1802 403 1887 eris,
424 1826 537 1897 neque
553 1804 629 1874 haeo
646 1804 708 1876 tibi
729 1827 868 1900 semper
888 1803 1036 1876 occasio.
1062 1802 1244 1894 lntelligis

161 1925 470 2019 providentissime
493 1927 668 2021 princeps,
692 1951 760 2000 non
779 1937 912 2000 tantum
931 1927 1014 2019 quid
1032 1929 1163 2019 loquar,
1183 1925 1247 1996 sed

162 2047 246 2140 quid
267 2048 428 2140 cogitem.
442 2051 654 2138 Praesentem
670 2050 805 2122 Tusciae
821 2061 947 2121 statum
964 2050 1079 2130 ridcs3
1098 2048 1155 2118 ubi
1170 2049 1247 2140 plu-

162 2174 289 2244 rimum
304 2172 499 2244 rebellionis
513 2196 581 2244 avo
598 2184 656 2244 tuo
672 2173 817 2265 aliisque
836 2184 929 2243 retro
947 2168 1156 2264 principibus
1171 2168 1243 2251 luit,

162 2295 230 2366 illic
252 2295 314 2365 tibi
334 2295 519 2388 plurimum
534 2297 599 2367 erit
616 2295 786 2388 obsequii.
803 2297 906 2366 Utere
925 2315 1040 2364 rerum
1055 2292 1245 2363 mutatione

163 2419 375 2504 lelicissima‚
400 2430 601 2512 sortemque
622 2433 717 2492 tuam
739 2441 782 2489 ne
800 2415 1009 2509 neglexeris.
1032 2415 1244 2486 Brevitatem

163 2565 203 2614 ac
223 2545 343 2634 fugam
365 2543 447 2614 vitae
469 2544 624 2616 mortalis
646 2555 726 2615 ante
743 2545 861 2614 oculos
884 2541 1027 2626 habeto,
1049 2550 1083 2612 el
1103 2537 1249 2610 instabi-

164 2668 296 2738 litatem
318 2689 448 2752 rerum‚
484 2678 519 2738 et
550 2670 699 2738 fortunae
724 2667 809 2750 vim,
837 2666 937 2736 cuius
962 2674 1086 2736 natura
1118 2672 1173 2734 est
1208 2671 1248 2732 ut

165 2789 375 2862 audentibus
408 2802 511 2883 atque
546 2791 698 2862 sollicitis
732 2793 861 2870 faveat,
891 2785 1028 2858 timidos
1058 2787 1246 2878 pigrosque

166 2906 303 2990 reliciat,
326 2918 374 2987 et,
398 2918 437 2978 ut
457 2907 670 3000 sapientibus
692 2909 820 3001 placet,
843 2916 935 2976 retro
953 2905 1053 2975 calva
1069 2922 1151 2972 esse
1167 2922 1246 2970 cum

168 3033 286 3113 soleat,
309 3031 455 3101 frontem
476 3029 605 3100 habeat
624 3030 831 3123 capillatum.

263 3154 436 3246 Pluraque
467 3152 589 3244 scripsi
616 3152 711 3232 olim,
739 3160 774 3223 et
797 3155 897 3244 plura
922 3171 1015 3220 nuno
1042 3149 1243 3231 scriberem,

168 3277 232 3346 nisi
253 3275 335 3368 quia
357 3274 535 3367 sapientiae
566 3288 634 3347 tuae
667 3276 771 3346 etiam
798 3274 961 3369 pauciora
988 3271 1184 3348 sufficiunt.
1213 3284 1248 3340 et

168 3397 344 3470 devotioni
373 3419 460 3470 meae
486 3408 674 3491 utcumque
699 3399 764 3469 hoc
789 3395 1005 3489 breviloquio
1031 3395 1244 3466 satisfactum

169 3530 231 3590 est.
253 3522 352 3604 Vale,
376 3522 595 3612 magnanime
616 3522 746 3605 Caesar,
771 3531 805 3590 et
826 3540 981 3613 propera.
