3062 4798
421 293 515 344 umun
536 293 1020 350 suxrosononros.-nr1srouu
1041 301 1104 350 vnr.
1242 290 1298 354 387

218 425 319 502 dubii
340 430 520 524 superfuit.
549 431 633 524 figo
654 432 802 524 gradum
824 442 940 504 tamen
965 435 1067 527 quasi
1087 434 1242 524 nesciae,
1269 447 1305 510 et

83 615 88 620 .
218 551 357 644 vulgari
377 573 438 624 eas
457 573 619 625 sermone
639 555 841 626 Maroneum
862 553 947 628 ilfud
967 555 1163 650 interrogo:

544 691 618 806 Quae
635 747 745 812 genus,
763 735 843 799 unde
860 735 975 802 domo‘f

216 926 274 1000 Ad
301 928 450 1022 primurn
478 927 604 1000 italioae
637 949 761 1001 sonum
792 928 889 1002 vocis
922 932 1002 1004 faete
1032 929 1249 1019 subsistunt3
1280 957 1301 1008 e

216 1049 347 1146 quihus
372 1063 455 1124 natu
477 1051 608 1124 maior:
634 1053 808 1138 Romnum,
832 1052 951 1146 inquit,
972 1075 1105 1140 sumus,
1120 1057 1298 1152 Romaque

216 1177 381 1268 profectae
401 1174 494 1246 imus
512 1176 557 1248 ad
576 1174 762 1269 hispanum
778 1175 892 1248 lacobi
908 1178 1025 1250 limen.
1045 1178 1095 1250 Tu
1113 1188 1230 1250 autem
1254 1201 1300 1252 an

216 1298 305 1368 forte
318 1318 483 1369 romanus
500 1319 548 1383 eS,
567 1309 603 1370 et
615 1319 660 1368 an
673 1298 816 1371 Romam
831 1299 957 1373 vadis?
968 1299 1129 1387 Prorsus
1144 1301 1296 1398 inquam,

218 1417 334 1490 animo
355 1439 535 1502 romanuS,
564 1418 626 1490 sed
649 1440 741 1490 nuno
762 1417 902 1490 minime
927 1422 1070 1492 Romam
1096 1431 1185 1516 peto.
1211 1424 1299 1498 Tum

216 1563 302 1614 vero
319 1542 522 1615 familiarius
539 1543 761 1614 circumfusae
778 1550 902 1614 cuneta
920 1539 1083 1615 fidentius
1097 1545 1300 1639 ooffoquun·

218 1674 283 1736 tur.
305 1665 343 1736 In
364 1665 483 1759 primis
504 1665 703 1759 reipublicae
724 1675 851 1737 statum
874 1687 1017 1759 quaer03
1038 1668 1119 1739 freta
1139 1668 1297 1744 tristibus

216 1789 325 1858 mixta
347 1790 568 1884 respondent.
591 1788 656 1860 Ubi
677 1788 721 1860 ad
743 1787 962 1880 particularia
976 1799 1119 1862 ventum
1133 1800 1196 1876 est,
1212 1791 1299 1864 nihil

215 1911 299 1982 mihi
321 1911 385 1984 fuit
404 1911 579 2004 antiquius
598 1932 704 2002 quam
725 1919 765 1979 ut
780 1910 824 1982 de
844 1919 877 1982 te
893 1930 1100 2003 quaererem.
1119 1913 1214 1984 Beue
1233 1934 1299 1986 va·

214 2036 342 2105 lentem
360 2033 528 2115 nuntiant,
544 2043 753 2125 auctumque
766 2030 922 2103 felicibus
935 2042 971 2104 et
984 2032 1141 2105 honestis
1155 2033 1295 2128 nuptiis

214 2168 251 2229 et
271 2156 414 2250 pufohra
434 2158 529 2249 profe
551 2163 753 2247 parentem3
775 2175 855 2246 quae
872 2153 957 2224 mihi
977 2155 1140 2247 quamvis
1161 2155 1296 2248 pridem

215 2278 352 2371 singula
384 2289 465 2350 nota
499 2287 631 2363 essent,
659 2298 728 2347 uon
753 2275 851 2348 aliter
876 2286 991 2346 tamen
1020 2298 1098 2348 sum
1132 2278 1313 2368 gavisus·

214 2422 320 2493 quam
343 2401 372 2473 si
393 2401 530 2474 noviter
550 2399 722 2483 audirem,
746 2419 810 2470 seu
831 2408 863 2470 te
885 2419 1002 2468 eoram
1024 2421 1242 2492 uxoremque
1258 2410 1294 2472 et

215 2521 323 2592 filium
349 2521 516 2594 viderem.
537 2517 758 2592 Addiderunt
777 2518 821 2590 de
842 2518 1003 2613 perieulis
1023 2519 1092 2591 tuis
1114 2520 1290 2612 quiddam,

213 2643 307 2738 quod
327 2644 406 2716 ficet
425 2625 650 2737 praeteritum,
671 2638 824 2735 trepidus
845 2649 961 2712 tamen
979 2641 1121 2714 audivi:
1141 2641 1191 2713 sio
1209 2642 1290 2712 mihi
1357 2629 1361 2638 ’

212 2765 316 2840 fando
335 2766 552 2840 formidinem
573 2770 796 2835 renovarunt.
816 2761 952 2848 Exitus,
967 2765 1038 2834 Deo
1053 2763 1193 2855 gratias,
1209 2763 1294 2834 felix

213 2900 296 2962 erat.
317 2889 404 2961 Hine
432 2887 662 2962 adolescentis
691 2887 801 2958 nostri
829 2906 994 2979 quaerens
1022 2896 1160 2971 statum,
1188 2883 1294 2958 didici

212 3021 343 3106 quanto
368 3010 520 3104 periculo
539 3019 681 3105 ereptus
706 3018 817 3093 esset,
839 3009 923 3082 dum
949 3010 1134 3082 Bertofdus
1155 3017 1295 3082 senator

213 3136 345 3223 collega
363 3135 440 3203 eius
460 3131 548 3203 irato
569 3136 695 3228 populo
715 3133 881 3219 obiectus,
900 3143 936 3204 et
955 3145 993 3206 ut
1010 3134 1156 3221 aiebant,
1172 3131 1295 3229 lapidi-

214 3254 281 3326 bus
318 3253 465 3326 obrutus
502 3253 673 3346 periisset.
711 3254 957 3346 Sueourritque
992 3255 1173 3328 confestim
1209 3253 1295 3326 illud

214 3377 360 3450 Lucani:

394 3549 453 3612 Has
469 3547 541 3611 urbi
557 3547 680 3611 misera
697 3551 800 3610 vestro
818 3545 854 3611 de
871 3547 1017 3626 sanguine
1032 3563 1137 3628 omnus

391 3653 594 3730 ferremus,
612 3653 695 3716 luitis
713 3653 818 3732 iugulo
837 3654 879 3717 sio
896 3669 982 3718 arma
998 3657 1145 3734 potentes.

213 3859 341 3935 Audita
361 3870 477 3934 autem
497 3882 604 3934 causa
624 3861 709 3933 tanti
729 3883 843 3947 casus
866 3860 969 3934 rediit
987 3861 1022 3933 in
1040 3859 1194 3933 animum
1212 3858 1296 3931 illud

214 3986 427 4058 Salomonis:
449 3986 507 4079 qui
524 3982 692 4055 abscondit
709 3987 879 4075 frumento
899 3982 1109 4056 maledicetur
1128 3985 1165 4054 in
1189 4004 1296 4077 popu·

214 4109 264 4178 fir.
284 4107 373 4180 Male
394 4108 501 4181 miser
520 4107 686 4181 didicerat
704 4109 905 4182 Caesareum
925 4106 1032 4180 illud:
1054 4129 1182 4178 somma
1198 4109 1295 4197 fauo-
