3078 4798
409 392 502 442 nrunn
524 393 1011 444 snxrusnoenrus-srrsrom
1034 399 1062 444 r.
1232 385 1288 448 377

632 695 810 761 EPISTULA
832 697 865 760 V.

434 884 628 936 FRANGISGUS
650 886 818 936 PETRARCA
843 886 884 936 to
905 887 1057 938 tortorum.

282 1051 443 1106 Gratulatus
458 1048 492 1104 de
506 1048 664 1104 valetudine
677 1057 854 1121 recuperata:
871 1067 977 1123 nosque
992 1053 1108 1108 vivendo
1122 1052 1210 1120 mori,

375 1146 403 1195 et
417 1141 561 1196 moriendo
578 1140 676 1196 mortis
689 1141 774 1196 srnem
788 1146 918 1214 oppetere
933 1143 1113 1198 demonstrat.

304 1398 333 1471 Α
360 1399 475 1470 iimine
496 1400 619 1471 mortis
647 1409 679 1470 te
702 1421 884 1470 reversum
907 1399 1025 1483 audio,
1049 1400 1093 1472 ad
1113 1401 1209 1494 quod
1236 1411 1286 1470 ta-

204 1520 572 1615 men(dictun1irum)
597 1521 775 1594 redeundo
802 1523 960 1606 festinas,
984 1521 1107 1592 melius
1135 1522 1285 1594 dicerem

203 1646 409 1716 festinamus
430 1665 551 1716 omnes
577 1644 787 1738 quicumque
814 1645 897 1714 vitae
919 1644 1023 1717 huius
1045 1645 1111 1714 iter
1136 1644 1287 1736 ingressi

92 1799 100 1815 ,
205 1787 350 1838 sumus:
373 1766 578 1837 festinamus
602 1766 760 1859 inquam,
782 1787 957 1858 nusquam
986 1767 1226 1851 subsistimus
1253 1777 1289 1837 et

204 1889 287 1960 dum
315 1889 494 1982 quiescere
521 1887 693 1973 videmur,
721 1889 916 1960 currimus:
947 1891 1062 1962 minus
1093 1891 1190 1961 dixi:
1217 1913 1286 1962 nou

203 2011 386 2095 currimus
411 2011 474 2081 sed
491 2013 664 2082 volamus.
688 2011 808 2102 ltaque
833 2011 899 2080 iam
929 2015 1044 2104 procui
1067 2012 1193 2084 abesse
1219 2035 1288 2084 uon

204 2154 405 2228 possumus.
429 2133 498 2205 Sed
523 2132 615 2204 bono
642 2131 751 2203 simus
774 2132 889 2204 animo
915 2144 950 2203 et
970 2156 1092 2205 eamus
1118 2134 1287 2228 intrepide

203 2256 464 2338 incunctanter;
499 2278 567 2327 non
599 2255 719 2326 mortis
753 2256 836 2327 iilud
862 2259 962 2340 torte,
995 2257 1059 2328 sed
1085 2257 1166 2328 vitae
1184 2256 1286 2327 limen
1387 2301 1395 2314 s

203 2387 346 2449 aeteruae
366 2388 429 2460 est,
449 2376 577 2449 nostris
596 2377 673 2450 licet
689 2377 893 2449 criminibus
912 2377 1139 2462 obstructum,
1159 2378 1287 2449 Christi

205 2508 321 2572 tamen
338 2499 509 2592 sanguine
524 2501 728 2595 patefactum
746 2509 976 2594 apertumque
989 2501 1203 2573 vulneribus.
1214 2501 1283 2571 oh!

205 2623 234 2694 si
252 2623 286 2692 in
305 2623 396 2694 iiiam
420 2624 575 2716 requiem
598 2623 733 2715 ingredi
754 2623 933 2715 contingat
954 2624 1152 2707 immeritos
1172 2624 1235 2694 oh!
1258 2622 1287 2694 si

205 2747 239 2816 in
260 2767 344 2841 pace
371 2745 574 2839 inidipsum
597 2745 828 2828 dormiamus
853 2746 967 2840 etqui
989 2747 1048 2818 diu
1071 2749 1287 2837 multumque

203 2855 449 2953 laboravimus
470 2863 692 2962 quiescamus
716 2869 853 2942 tandem
875 2869 910 2938 in
932 2867 1002 2954 iilo,
1024 2869 1083 2962 qui
1103 2865 1287 2959 singulari-

204 3001 339 3063 ternos
361 2993 539 3064 constituit
566 2993 600 3062 in
625 3016 700 3086 spe,
723 3015 803 3087 quae
829 2992 905 3088 ipso
932 2993 1081 3066 donante
1107 2993 1192 3063 iaisu
1218 3013 1286 3062 non

203 3113 318 3185 suerit.
339 3115 416 3202 Ego
436 3113 575 3203 quidem
598 3115 724 3186 honam
748 3115 808 3186 tibi
832 3115 1061 3187 valetudinem
1091 3114 1284 3186 restitutam

204 3233 351 3326 gaudeo,
374 3253 439 3302 nec
460 3231 575 3302 adhuc
595 3255 658 3304 nos
679 3235 713 3303 in
735 3235 801 3305 hcc
822 3236 905 3306 vitae
924 3238 1030 3308 exitio
1052 3239 1206 3331 separari
1227 3260 1287 3308 cu·

204 3357 276 3452 pio,
312 3354 474 3447 quamvis
509 3352 719 3447 ubicumque
743 3356 982 3440 distrahimur,
1014 3357 1137 3428 eodem
1164 3359 1285 3430 aeterni

204 3479 310 3551 Ducis
332 3476 487 3570 auspicio
504 3475 716 3548 veniendum
739 3477 794 3548 sit.
817 3478 999 3559 Caeterum,
1022 3490 1058 3550 ut
1075 3489 1129 3549 est
1149 3480 1285 3551 animus

207 3603 383 3675 hominum
405 3605 554 3674 fortunae
577 3604 721 3672 multum
744 3601 887 3672 amicior
908 3624 1010 3694 quam
1034 3612 1183 3683 naturae,
1206 3622 1286 3692 gra-

207 3729 296 3797 tulor
313 3748 369 3798 me
387 3750 454 3798 non
473 3725 570 3820 prius
588 3725 621 3794 in
639 3733 674 3796 te
690 3724 881 3820 periculum
899 3747 1004 3818 quam
1020 3723 1163 3818 periculi
1181 3721 1283 3792 finem

205 3872 322 3934 nosse,
347 3851 376 3920 si
397 3859 511 3921 tamen
537 3851 708 3940 aegrotare
733 3856 895 3919 autumes
923 3846 1129 3940 periculum,
1157 3855 1192 3917 et
1217 3867 1284 3914 non

205 3973 251 4045 ad
272 3993 391 4043 veram
410 3971 624 4064 solidumque
644 3970 865 4042 securitatem
884 3970 940 4040 via
958 3979 1021 4040 est.
1042 3971 1091 4040 Tu
1111 3977 1224 4039 tamen
1243 3983 1287 4040 oe*

205 4098 334 4188 tegete
356 4107 513 4170 sanatum
535 4094 630 4180 scito,
655 4105 777 4165 utnon
797 4093 899 4164 modo
918 4094 1071 4164 mortalis
1097 4091 1281 4172 manseris,

206 4219 270 4290 scd
292 4219 384 4292 horis
410 4219 572 4292 omnibus
600 4218 727 4290 interea
750 4217 793 4287 ad
822 4224 964 4286 mortem
988 4211 1193 4300 accessuris²
1222 4215 1284 4285 ho-
