2988 4800
243 352 301 411 llo
581 360 622 407 un
643 358 744 405 annus
766 356 988 404 uxorumurnus

243 502 347 573 mutis
381 500 485 572 etiam
518 496 751 569 animantibus
785 495 967 578 insertam,
991 495 1136 587 turpiter
1162 496 1326 566 humanis

243 626 368 698 abesse
390 621 601 718 pectoribus;
624 643 700 692 eam
724 620 858 690 caeteris
872 628 1097 701 ornamento,
1123 617 1199 710 regi
1223 619 1324 689 etiam

243 748 406 843 praesidio
431 749 523 830 lore;
559 744 842 837 iugratitudinem
877 744 951 835 regi
985 764 1114 814 nervos
1148 742 1325 834 roburque

244 894 477 965 corrumpere,
502 871 585 941 dum
603 879 637 939 et
655 868 826 939 oblivioso
847 867 942 960 piget
962 865 1126 958 obsequi,
1147 875 1182 935 et
1199 865 1322 956 ingrati

244 995 348 1065 animi
381 992 584 1083 voraginem
622 990 729 1060 fundo
766 999 942 1060 carentem
982 985 1141 1080 pcrtoedet
1182 990 1323 1080 explere

244 1115 457 1187 muneribus.
493 1113 650 1205 Denique
683 1133 831 1183 oneroso
859 1112 990 1182 honore
1017 1121 1052 1182 et
1085 1110 1256 1183 honorato
1289 1134 1325 1183 se

209 1301 210 1308 ,
244 1261 405 1334 pressum
426 1258 531 1308 onere
551 1238 714 1320 fateatur,
736 1259 889 1329 eumque
909 1236 969 1329 qui
995 1257 1060 1306 rex
1078 1235 1150 1319 fiat,
1173 1236 1241 1305 etsi
1267 1259 1327 1306 an-

168 1387 171 1399 ·
245 1370 300 1430 tea
321 1359 424 1430 luerit
444 1359 631 1452 expeditus
652 1381 693 1429 ac
713 1358 814 1441 liber,
843 1381 890 1429 ex
916 1359 975 1429 illo
1002 1368 1116 1430 tamen
1144 1360 1326 1430 honestam

246 1485 433 1578 suscipere,
455 1485 516 1556 sed
534 1483 743 1555 laboriosam
769 1505 809 1554 ac
837 1483 1016 1553 sollicitam
1045 1482 1266 1566 servitutem,
1294 1490 1327 1550 et

246 1609 313 1680 sub
333 1630 403 1700 qua
424 1606 560 1700 publica
595 1605 639 1676 sit
671 1604 829 1687 libertas;
857 1605 1119 1698 vivendumque
1142 1604 1209 1674 sibi
1230 1603 1328 1675 deiu-

244 1754 327 1824 ceps
352 1729 612 1821 exemplariter:
639 1730 801 1819 exemplo
833 1727 925 1797 enim
952 1751 1074 1819 regum
1101 1749 1210 1818 regna
1236 1751 1328 1800 com-

245 1854 338 1947 poni,
360 1862 395 1922 et
416 1851 546 1944 requiri
569 1854 680 1922 solere
701 1853 746 1922 de
765 1851 930 1922 manibus
952 1851 1206 1945 praesidentum
1227 1851 1328 1943 quid-

245 1977 331 2070 quid
350 1979 480 2068 vulgus
501 1976 680 2046 erraverit.
702 1975 793 2044 Nihil
817 1975 882 2046 sibi
905 1975 1081 2070 proprium
1102 1977 1188 2046 velit
1204 1985 1329 2068 praeter

247 2109 422 2194 sceptrum
444 2108 478 2170 et
498 2097 674 2182 diadema,
709 2108 744 2168 et
776 2121 857 2193 quae
889 2099 971 2169 hinc
1003 2097 1113 2170 oritur
1139 2120 1260 2170 curam
1287 2100 1329 2171 de

248 2229 358 2296 salute
380 2225 547 2309 omnium,
571 2223 776 2315 gloriosam,
800 2225 862 2295 sed
883 2222 1056 2293 difficilem
1080 2244 1120 2293 ao
1142 2225 1327 2293 multorum

247 2347 405 2440 capitum,
428 2348 622 2442 hydraeque
643 2346 936 2448 uon'dissimilem
957 2344 1162 2415 renascenti.
1181 2346 1329 2414 Praestet

248 2471 444 2542 alimoniam
466 2470 604 2561 ingenio
638 2469 801 2554 debitam,
820 2467 1197 2548 verecundiam'aetati,
1221 2468 1329 2537 virtu-

247 2603 317 2661 tem
352 2591 482 2682 generi,
506 2591 650 2686 imperio
685 2591 913 2662 maiestatem.
935 2593 1129 2681 Purpuram
1165 2603 1326 2685 spernat,

247 2723 444 2786 contemnat
478 2737 648 2807 gemmas,
672 2715 840 2809 despiciat
873 2717 1086 2808 voluptates,
1121 2725 1157 2784 et
1188 2714 1329 2786 irrideat

249 2840 513 2931 universaquae
534 2839 685 2930 fugiuut;
709 2850 840 2909 aeterua
866 2841 941 2911 sola
967 2838 1135 2931 suspiciat
1160 2861 1201 2910 ac
1227 2839 1329 2910 mire-

249 2971 313 3031 tur.
336 2960 451 3046 Arma,
474 2963 563 3053 equi,
587 2962 718 3045 litterae,
743 2965 901 3054 supellex
922 2963 1027 3052 regia.
1049 2965 1122 3034 Pax
1139 2972 1175 3033 et
1190 2963 1326 3044 bellum,

248 3084 515 3155 exercitationes
536 3085 627 3176 regis
647 3086 731 3154 siut:
751 3085 935 3184 utrobique
953 3085 1105 3158 romanis
1124 3085 1258 3156 artibus
1276 3108 1329 3156 re-

249 3218 344 3300 gnet,
367 3229 447 3302 quae
468 3221 562 3292 suut,
586 3219 624 3279 ut
645 3211 742 3280 Maro
764 3211 931 3294 meminit,

609 3402 735 3480 pacique
753 3402 910 3481 imponere
928 3403 1069 3478 modum,

449 3500 576 3562 Parcere
594 3501 754 3576 subiectis,
772 3509 801 3562 ct
820 3500 969 3563 debellare
987 3502 1144 3578 superbos.

249 3684 429 3752 Postremo
450 3681 540 3752 norit
560 3681 649 3752 hano
669 3682 777 3752 vitam
797 3686 906 3754 aleam
925 3705 1005 3754 esse
1023 3685 1138 3775 magni
1154 3684 1330 3755 discrimi-

250 3803 316 3886 niS,
341 3827 409 3874 nou
433 3803 477 3874 ad
504 3804 624 3876 ludum
658 3805 855 3898 iocumque,
889 3827 960 3876 nou
993 3807 1038 3878 ad
1071 3807 1164 3878 iners
1198 3809 1327 3890 otium,

165 3953 169 3960 ·
250 3949 318 3996 non
339 3929 384 3998 ad
405 3929 614 4019 degenerem
646 3932 783 4014 luxum,
812 3929 857 4000 ad
882 3928 966 3998 nihil
987 3930 1081 4000 aliud
1101 3929 1241 4000 demum
1268 3930 1330 3999 ho-

251 4044 402 4116 miuibus
423 4048 556 4131 datam,
579 4072 683 4140 quam
706 4060 743 4118 ut
765 4048 862 4119 brevi
886 4050 1007 4122 merito
1028 4051 1231 4122 aeternitatis
1256 4051 1329 4123 adi-

182 4183 187 4193 ·
253 4175 323 4234 tum
346 4169 474 4257 pandat
493 4180 529 4238 et
548 4172 651 4241 famae
671 4173 847 4241 materiam
872 4173 1103 4264 sempiternae.
1132 4177 1250 4266 ltaque
1276 4196 1330 4242 re-
