3002 4794
458 361 551 410 sinen
572 363 686 412 nouus.
699 363 901 412 -smsronl
923 365 951 412 v.
1199 352 1235 412 lu

158 524 223 598 gns
240 523 406 600 appareo,
434 505 515 598 quia
541 524 634 601 saepe
668 505 796 578 scilicet
829 508 924 578 solus
955 527 1032 580 sum
1062 518 1110 592 ct,
1141 509 1236 602 quod

36 701 40 708 ,
157 629 257 702 bilem
278 629 354 700 risu
375 627 467 698 iuste
492 629 650 713 moverit,
677 629 760 722 quia
789 628 921 722 Virgilii
946 630 1052 702 libros
1077 631 1170 722 lego,
1198 642 1236 704 ut

158 751 211 824 isti
232 752 437 848 peritissimi
458 752 524 823 viri
543 752 675 836 dicunt;
696 763 731 824 et
751 772 817 844 ego
838 773 907 823 non
927 751 1069 839 inficior,
1084 753 1162 846 legi.
1181 755 1235 824 En

157 875 365 972 suspicionis
384 895 537 946 causam.
559 877 611 946 En
632 875 806 947 infamiam
824 874 1027 948 studiorum.
1042 878 1157 948 Minus
1170 876 1235 947 mi-

155 1022 213 1073 ror
233 998 377 1095 Apuleio
394 999 617 1071 Madaurensi
634 997 764 1071 crimen
785 997 911 1092 magiae
929 997 1118 1083 obiectum,
1140 997 1235 1091 quod

156 1124 214 1195 ille
239 1123 380 1218 quidem
405 1123 665 1215 elegantissimo
697 1123 873 1194 volumine
903 1122 1013 1195 diluit.
1046 1120 1131 1194 Mihi
1163 1132 1232 1194 tam

153 1267 303 1341 operosa
324 1247 526 1319 defensione
546 1255 690 1319 nonest
720 1265 818 1340 opus.
853 1245 1013 1318 Nondum
1046 1243 1164 1316 trahor
1187 1246 1233 1318 ad

153 1369 339 1441 iudicium:
361 1368 455 1441 tenui
475 1391 653 1442 murmure
674 1367 782 1443 fuscis
812 1391 935 1463 carpor
960 1369 994 1439 in
1014 1370 1161 1462 angulis.
1188 1371 1233 1440 Et

152 1491 272 1564 ludum
289 1503 392 1588 putas
413 1493 548 1565 facilem
569 1497 671 1567 famae
691 1493 851 1590 cymbam
867 1492 922 1564 his
936 1493 1140 1585 ignorantiae
1155 1513 1231 1564 sco-

151 1618 240 1712 pulis
262 1620 462 1710 frequenter
490 1619 596 1690 illidi?
620 1619 660 1690 ld
684 1627 754 1690 est:
788 1639 915 1690 exerce
947 1617 1136 1710 ingenium,
1164 1637 1231 1709 age

151 1751 271 1814 noctes
291 1741 484 1828 insomnes,
504 1742 617 1816 scribe
635 1741 765 1836 aliquid
785 1740 879 1836 quod
899 1763 983 1814 mox
1000 1742 1091 1814 inter
1108 1760 1230 1814 censo-

152 1865 219 1937 rias
240 1864 345 1943 cadat
368 1885 508 1950 manus,
532 1865 625 1937 unde
654 1865 747 1957 magi
774 1847 966 1958 cognomen
993 1887 1170 1952 memore,
1200 1865 1229 1936 si

152 1988 342 2082 quidquam
355 1988 495 2062 omnino
506 1988 638 2060 dixeris
656 1988 750 2081 quod
766 2010 835 2061 non
856 1989 1047 2081 intelligant
1067 1989 1128 2083 qui
1143 1987 1229 2058 nihil

152 2109 355 2204 intelligunt.
370 2112 587 2205 Quamquam
601 2120 657 2183 est
674 2111 710 2182 id
726 2111 866 2206 quidem
880 2111 1005 2183 levius.
1019 2111 1144 2202 Magus
1162 2131 1229 2202 ego

151 2234 218 2306 dici
233 2235 351 2306 malim
372 2257 478 2329 quam
498 2234 702 2320 maledicus
721 2255 897 2329 quamque
918 2231 1107 2305 maleficus.
1130 2235 1173 2304 llt
1199 2231 1228 2303 si

151 2365 362 2451 seponantur
379 2357 467 2442 haec,
486 2357 601 2430 animo
619 2357 729 2429 maior
753 2365 808 2429 est
834 2355 1020 2427 voluntatis
1046 2377 1149 2449 quam
1176 2355 1228 2425 in-

153 2484 307 2554 tellectus
320 2482 528 2576 exportati0,
542 2501 748 2575 morumque
762 2503 865 2577 quam
881 2481 1073 2553 studiorum
1087 2482 1228 2574 gravior

151 2605 301 2677 infamia:
333 2604 417 2676 mihi
440 2605 535 2699 quod
559 2603 756 2678 nesciebam
778 2616 925 2700 utraque
955 2616 1054 2699 parta
1083 2616 1146 2678 est.
1177 2607 1227 2678 lta

151 2725 238 2813 dico,
263 2726 295 2799 si
313 2728 393 2821 quis
413 2736 529 2821 potest
546 2727 591 2800 ab
607 2728 793 2800 infamibus
807 2727 975 2801 infamari.
992 2728 1137 2814 Satisne,
1153 2750 1223 2813 oro,

151 2848 253 2940 igitur
272 2848 379 2942 digne
399 2849 507 2923 breve
526 2850 609 2922 illud
630 2859 665 2923 et
684 2850 859 2947 hispidum
876 2872 1001 2946 poema
1025 2873 1094 2922 non
1115 2851 1225 2922 aliun-

150 2971 192 3044 de
211 2995 317 3067 quam
338 2973 383 3045 ab
402 2974 712 3048 exclamationibus
731 2993 834 3048 orsus
854 2984 910 3046 est
928 2975 1083 3048 Persius:

267 3143 291 3208 0
309 3160 398 3209 curas
415 3145 591 3224 hominum,
611 3164 629 3208 0
650 3149 797 3227 quantum
814 3152 860 3209 est
877 3147 908 3208 in
922 3146 1014 3211 rebus
1031 3148 1136 3210 inanel

151 3335 254 3411 Immo
266 3359 354 3412 vero
374 3362 478 3434 quam
498 3339 544 3410 nil
563 3339 672 3427 solidi,
692 3341 776 3412 nihil
790 3341 891 3415 certi:
906 3342 1069 3437 quoniam
1086 3342 1224 3413 foveam

150 3481 253 3553 quem
271 3483 410 3559 semper
438 3465 512 3557 fugi
531 3465 566 3536 in
586 3487 664 3536 eam
689 3465 841 3564 maxime
867 3465 1093 3538 inadvertens
1107 3465 1220 3548 incidi,

149 3584 308 3678 nulloque
325 3585 440 3658 studio
460 3586 602 3680 contigit
618 3588 777 3660 caninum
804 3591 944 3662 dentem
969 3585 1222 3660 mordacissimi

148 3703 349 3779 detractoris
375 3709 535 3781 evadere.
564 3711 652 3804 Fugi
671 3711 777 3798 enim,
810 3711 901 3796 silui,
925 3711 1022 3782 latui:
1049 3709 1112 3780 sed
1137 3710 1222 3781 olfa-

146 3826 238 3899 ciens
252 3851 400 3921 gressus
414 3853 519 3918 meos,
541 3834 577 3904 in
592 3835 688 3931 ipsas
705 3836 842 3906 intimas
860 3856 901 3906 ac
915 3833 1054 3904 silentes
1068 3832 1220 3904 latebras

146 3948 268 4046 irrupit
288 3951 427 4026 invidia.
456 3955 546 4028 Satis
572 3960 680 4030 multa
705 3957 749 4030 de
774 3976 939 4050 persona,
966 3953 1149 4027 veniamus
1176 3957 1220 4028 ad

146 4091 218 4142 rem
239 4073 361 4168 ipsam.
383 4076 427 4148 lit
446 4079 608 4170 quoniam
634 4079 718 4152 mihi
742 4077 909 4172 comperti
934 4077 1018 4148 nihil
1043 4077 1216 4166 obiicitur,

147 4204 184 4264 ut
203 4196 321 4282 audio,
354 4199 417 4272 sed
436 4221 483 4273 ex
504 4203 758 4296 suspicionibus
776 4200 902 4292 agitur,
931 4210 966 4274 et
990 4203 1024 4274 in
1048 4225 1090 4277 ea
1115 4225 1218 4296 quam
