3002 4794
442 368 534 417 irena
555 367 884 418 nonus-semrom
906 369 945 418 iv.
1211 359 1229 418 o

153 512 410 596 dulcissimum,
437 513 602 606 praeolara
626 511 716 584 inter
741 511 894 584 iuventae
923 513 1076 586 facinora
1107 535 1230 586 nume-

154 637 310 709 randum.
333 634 550 718 Quibusdam
570 634 796 707 venatoribus
817 655 893 706 mos
914 645 970 706 est
987 637 1137 731 sopitum
1156 658 1230 708 oer-

154 783 235 831 vum
256 769 318 831 aut
337 758 505 831 iacentem
526 758 616 830 inter
639 779 768 853 vepres
795 761 947 852 leporem
973 781 1043 831 non
1069 769 1229 852 tangere3

153 883 282 978 praedae
300 887 386 975 fuga
412 882 563 954 studium
588 882 833 974 insequentum
859 881 999 954 excitat.
1032 883 1088 954 Sic
1113 894 1231 954 vester

154 1029 262 1092 amor,
284 1010 462 1099 eleganter
482 1006 528 1078 ait
544 1007 703 1090 FlaccuS,

307 1189 484 1252 Transvolat
501 1188 532 1251 in
545 1188 645 1252 medio
662 1190 759 1268 posita
776 1195 805 1251 et
822 1189 967 1268 fugientia
985 1195 1090 1271 captat.

153 1365 327 1458 Coniuges
346 1375 485 1438 vestras
511 1365 672 1452 abiicitis,
699 1366 830 1438 alienas
857 1366 1031 1461 appetitis,
1059 1367 1229 1440 cumillis

153 1488 289 1560 interim
313 1489 368 1561 sui
388 1497 423 1560 et
443 1489 569 1584 compti
588 1499 622 1562 et
638 1489 765 1581 vigiles
786 1488 882 1584 proci
900 1488 978 1560 sint.
1001 1489 1057 1560 Sic
1077 1489 1229 1582 undique
1353 1525 1356 1532 ’

153 1611 377 1705 adimpletum
398 1611 519 1684 videas
544 1611 629 1684 illud
644 1611 812 1684 Ieremiae:
834 1613 916 1706 equi,
932 1612 1051 1706 inquit
1069 1624 1231 1684 cmctues

153 1737 189 1804 in
207 1737 349 1824 [eminus
370 1746 401 1804 et
417 1735 580 1806 emissarii
593 1736 673 1824 [acti
690 1745 777 1804 sunt.
796 1731 1022 1826 Unusquisque
1034 1732 1078 1804 od
1089 1755 1230 1808 umorem

150 1859 302 1950 promum
320 1859 375 1928 sui
393 1858 574 1928 hinniebat.
592 1858 685 1928 Vere
704 1839 859 1930 hinnitus
879 1868 914 1928 et
933 1856 1126 1930 bestialitas
1143 1866 1178 1928 et
1189 1857 1230 1926 li-

152 1978 234 2051 bido
254 2001 348 2072 vaga
373 1989 409 2051 et
432 1980 586 2052 infrenis.
619 1981 838 2076 Descriptum
871 1981 1071 2076 perproprie
1101 2003 1122 2051 a
1150 2003 1230 2073 pro-

154 2103 260 2195 pbeta
290 2113 421 2176 nostrae
456 2103 633 2195 negotium
665 2103 855 2176 iuventutis
886 2103 943 2175 cui
979 2103 1067 2176 alius
1099 2106 1229 2176 trustra

155 2225 263 2294 canii:
277 2224 385 2296 Nolite
396 2226 471 2317 fieri
488 2226 571 2296 sicut
591 2246 690 2317 equus
710 2235 740 2294 et
758 2225 1009 2314 mulusquibus
1029 2246 1098 2294 uon
1114 2235 1161 2294 est
1176 2227 1230 2294 iu-

157 2349 308 2418 teilectus.
339 2347 467 2420 Amare
499 2369 623 2442 nempe
649 2347 715 2418 hoc
734 2357 770 2418 et
794 2369 871 2419 cum
899 2346 1077 2419 stomacho
1102 2346 1226 2432 dicam,

155 2469 320 2542 habuisse
342 2473 421 2564 plus
448 2470 620 2542 interdum
645 2469 733 2541 freni
758 2471 921 2564 plusque,
956 2469 987 2542 si
1015 2469 1084 2542 diei
1112 2470 1227 2558 liceat,

153 2593 297 2690 pudoris
319 2595 489 2690 equinam
502 2594 678 2666 libidinem
697 2617 802 2688 quam
827 2595 1025 2666 humanam.
1053 2595 1229 2688 Siquidem

153 2726 188 2789 et
205 2717 386 2790 sororibus
410 2715 540 2788 mixtos
564 2725 601 2788 et
624 2716 809 2787 infelicium
834 2725 983 2786 matrum
1009 2716 1149 2808 gremiis
1175 2741 1230 2790 re-

153 2841 250 2912 fusos
272 2842 400 2910 multos
420 2838 583 2931 legimus
604 2860 752 2930 quorum
772 2837 1053 2910 commemoratio
1072 2838 1230 2912 iniucun-

155 2963 199 3034 da
217 2971 283 3033 est.
306 2960 383 3044 Qua
407 2959 442 3030 in
467 2968 564 3052 parte
589 2960 825 3032 Semiramidis
845 2960 978 3030 lacinus
999 2958 1227 3048 notissimum,

154 3107 257 3179 quam
278 3093 422 3168 constat
444 3091 546 3154 aetate
567 3083 635 3154 iam
652 3093 824 3175 provecta,
848 3081 1068 3156 concubitum
1089 3082 1149 3154 filii
1169 3105 1230 3176 pe-

156 3216 282 3279 tentem
303 3206 350 3278 ab
369 3205 491 3278 eodem
509 3205 632 3298 pudica
647 3205 783 3276 saevitia
796 3205 1047 3298 interemptam.
1061 3209 1105 3278 Et
1118 3229 1229 3300 nuper

158 3328 230 3413 luit,
249 3327 369 3401 nescio
389 3350 434 3399 an
454 3327 628 3399 hominem
649 3329 832 3423 appellem,
853 3331 953 3399 vultu
970 3329 1055 3399 mihi
1072 3338 1174 3402 notus
1188 3351 1229 3402 ac
1294 3345 1297 3354 ’

159 3452 306 3537 nominc,
332 3451 395 3524 sed
415 3474 462 3523 ex
478 3450 570 3524 omni
587 3450 765 3522 hominum
779 3450 899 3522 notitia
913 3453 1154 3538 secludendus‚
1169 3453 1229 3546 qui
1290 3445 1299 3472 '

158 3572 259 3645 filiam
279 3583 422 3670 nuptam
435 3583 470 3647 et
484 3575 553 3646 iam
569 3583 714 3645 matrem
732 3574 900 3646 incestare
914 3595 1119 3666 aggressus,
1134 3573 1228 3666 quod

159 3697 211 3770 illa
227 3701 299 3770 vim
320 3710 456 3795 turpem
472 3709 575 3792 atque
593 3698 733 3790 impiam
747 3698 940 3789 repulisset,
957 3694 1124 3788 usquead
1137 3717 1229 3766 mor-

160 3831 225 3892 tem
237 3821 401 3894 dentibus
415 3833 517 3915 etquc
531 3819 706 3912 unguibus
720 3819 896 3901 laceravit3
910 3840 988 3889 oum
1002 3826 1121 3888 contra
1135 3818 1229 3912 apud

159 3945 340 4039 scriptores
360 3942 571 4017 clarissimos
590 3945 718 4014 lectum
739 3942 791 4027 sit,
807 3963 936 4034 equum
949 3939 1077 4011 astutia
1091 3961 1228 4011 armen-

158 4067 233 4138 tarii
252 4065 376 4139 velatis
393 4066 514 4152 oculis,
537 4066 657 4140 matris
673 4065 718 4136 ad
735 4066 862 4136 coitum
875 4062 1072 4158 impulsum,
1088 4065 1227 4137 tandem

158 4188 283 4264 dimoto
303 4187 486 4272 velamine,
509 4197 617 4261 matre
636 4189 768 4281 agnita,
782 4187 870 4261 illico
883 4187 984 4282 quasi
998 4187 1224 4263 adversatum
