3062 4798
279 340 340 401 tlo
614 349 655 399 us
678 318 1020 400 nnaus'rnunmmuus

280 493 393 580 legem
418 489 519 558 esse?
537 492 705 558 aeternum
728 489 773 557 illi
796 487 958 558 subiicias
983 484 1256 556 tundamentum.
1283 486 1357 556 lex

280 613 404 704 populo
430 611 615 682 israelitico
635 632 697 702 per
718 611 871 705 Moysen,
893 611 966 681 Deo
982 607 1143 691 dictante,
1174 607 1256 678 data
1292 619 1355 678 est.

279 736 338 804 llla
367 733 508 826 quidem
543 731 719 804 stabilior:
748 732 810 804 sed
843 751 1061 824 nequaquam
1087 729 1230 800 aeterna.
1258 731 1356 800 Certe

279 877 341 952 per
363 854 508 951 Moysen
533 857 603 939 lex,
634 877 695 949 per
719 854 834 926 lesum
861 853 1035 924 Christum
1067 852 1179 944 gratia
1212 852 1357 943 impleus

216 995 222 1006 '
278 981 401 1070 legem.
424 979 482 1048 llle
503 999 571 1048 non
590 999 776 1061 evacuans,
798 977 860 1048 sed
873 975 1057 1068 implendo,
1072 997 1140 1045 non
1155 971 1295 1067 quidem
1311 978 1357 1046 le-

278 1122 356 1191 gem
378 1101 497 1191 ipsam,
520 1111 556 1172 at
577 1102 684 1170 multa
708 1099 795 1190 legis
818 1107 1034 1171 sacramenta
1055 1095 1179 1168 finivit.
1204 1097 1303 1169 Unde
1324 1098 1357 1168 in

276 1220 413 1292 Psalmo
434 1222 567 1292 CXLlll
589 1221 822 1312 Augustinus:
844 1249 858 1286 ι(
877 1221 1071 1304 Meministi,
1090 1220 1209 1312 inquit,
1229 1231 1358 1311 quanta

281 1371 295 1404 u
326 1344 360 1411 in
383 1343 494 1414 veteri
521 1346 596 1436 lege
622 1353 657 1413 et
682 1345 841 1434 legamus
867 1353 901 1413 et
928 1365 995 1414 non
1021 1341 1263 1414 observemus.
1291 1342 1358 1413 Sed

281 1493 295 1528 »
327 1476 442 1540 tamen
477 1466 591 1558 aliqua
625 1463 876 1556 significatione
901 1465 1083 1558 praemissa
1107 1474 1143 1534 et
1167 1465 1282 1558 posita
1308 1467 1357 1534 in-

282 1617 297 1652 »
328 1588 534 1680 telligamus,
559 1611 627 1659 non
650 1596 687 1658 ut
704 1585 907 1658 abiiciamus
927 1590 1040 1677 legem
1063 1587 1138 1672 Dei,
1159 1587 1223 1658 sed
1245 1597 1283 1656 nt
1303 1609 1357 1658 sa-

283 1738 297 1774 »
326 1723 502 1781 eramenta
530 1711 763 1802 promittentia
781 1712 928 1801 impleta
955 1709 1184 1801 promissione
1209 1731 1278 1780 nun
1303 1732 1357 1781 ce-

282 1859 297 1896 »
325 1831 518 1902 lebremus:
552 1833 646 1924 quod
684 1833 776 1903 enim
809 1833 1054 1926 promittebant
1094 1833 1210 1903 venit:
1247 1834 1356 1924 gratia

282 1983 297 2018 r>
326 1954 417 2024 enim
444 1954 525 2026 novi
552 1954 762 2027 Testamenti
791 1953 826 2026 in
852 1957 930 2046 lege
955 1955 1152 2038 velabatur,
1180 1956 1216 2026 in
1242 1957 1356 2026 Evan-

282 2105 296 2140 »
326 2075 416 2167 gello
443 2078 634 2146 revelatur:
661 2079 778 2146 velum
801 2074 1029 2159 removimus
1057 2076 1150 2168 quod
1177 2076 1356 2148 velabatur

283 2223 297 2260 o
326 2197 545 2287 agnovimus.
560 2195 778 2287 Agnovimus
791 2207 907 2268 autem
923 2197 956 2266 in
970 2196 1082 2287 gratia
1095 2194 1230 2266 Domini
1249 2196 1355 2266 nostri

282 2345 296 2378 u
327 2318 405 2387 lesu
423 2317 549 2388 Christi
561 2317 683 2408 capitis
697 2327 734 2387 et
748 2320 933 2389 salvatoris
950 2317 1076 2402 nostri,
1097 2317 1156 2409 qui
1177 2336 1240 2409 pro
1259 2315 1356 2386 nobis

282 2462 297 2498 n
325 2433 515 2504 crucifixus
545 2446 612 2517 est,
640 2459 709 2528 quo
748 2433 915 2506 crucifixo
946 2433 1049 2504 etiam
1085 2434 1199 2516 velum
1240 2431 1355 2522 templi

281 2583 296 2619 u
324 2555 540 2626 conscissum
559 2567 622 2627 est.
647 2585 661 2620 r
682 2557 783 2638 Quod
803 2555 988 2648 Augustini
1010 2553 1244 2626 testimonium
1267 2573 1356 2645 prae-

276 2680 376 2770 cipue
396 2687 537 2772 propter
554 2679 620 2752 boo
638 2681 796 2750 ultimum
823 2679 968 2762 inserui,
992 2689 1030 2748 ut
1055 2677 1186 2770 liquido
1203 2674 1355 2746 animad-

277 2809 395 2870 vertas
415 2801 602 2872 scissuram
622 2803 688 2871 veli
708 2824 811 2894 quam
832 2801 864 2872 in
888 2799 1081 2892 Evangelio
1095 2799 1253 2890 legimus
1268 2795 1355 2886 ligu-

277 2945 349 2991 ram
371 2923 522 3012 ingentis
551 2923 734 2994 cuiusdam
756 2921 1011 3014 ineffabilisque
1045 2919 1200 3016 mysterii
1231 2919 1352 3000 fuisse,

276 3041 528 3132 significantem
543 3045 622 3114 velo
637 3044 756 3127 veteri,
773 3065 969 3136 quousque
990 3045 1024 3113 iu
1045 3044 1139 3113 illum
1157 3040 1248 3114 diem
1269 3038 1353 3130 legis

274 3184 400 3234 arcana
422 3161 644 3254 tegebantur,
665 3165 792 3236 Christi
815 3166 977 3258 passione
995 3166 1182 3248 conscisse,
1202 3165 1354 3234 revelata

274 3283 389 3354 omnia
410 3287 535 3378 populo
556 3285 676 3356 humili
698 3309 738 3358 ac
759 3308 865 3371 nove,
894 3309 974 3379 quae
995 3283 1354 3378 superbia'antiquior

274 3408 417 3480 tumidis
443 3419 478 3480 et
510 3410 742 3502 caligantibus
772 3412 880 3483 oculis
914 3433 983 3482 uon
1016 3410 1173 3482 vidisset.
1204 3439 1219 3474 u
1249 3409 1354 3480 ludaei

279 3558 293 3594 »
323 3530 414 3601 enim
442 3533 605 3624 quamvis
630 3535 690 3603 uni
724 3534 949 3627 omnipotenti
981 3535 1053 3604 Deo
1080 3533 1290 3626 supplicent,
1318 3539 1355 3600 ut

280 3683 294 3718 r
323 3654 390 3724 alio
417 3655 567 3747 quodam
597 3657 671 3726 loco
697 3633 915 3747 Augustinus
937 3655 1026 3726 idem
1050 3655 1111 3738 ait,
1140 3655 1214 3724 sola
1239 3664 1353 3723 tamen

277 3805 292 3840 a
324 3777 524 3869 temporalia
544 3786 580 3848 et
596 3777 746 3849 visibilia
773 3777 928 3850 bonade
949 3777 1006 3848 illo
1028 3785 1268 3872 expectantes,
1297 3798 1353 3844 ru-

278 3926 292 3960 »
323 3899 477 3969 dimenta
498 3900 580 3970 novi
607 3901 720 3993 populi
740 3900 785 3971 ab
802 3899 994 3970 bumilitate
1021 3899 1199 3990 surgentia
1216 3898 1249 3967 in
1268 3897 1352 3989 ipsis

279 4048 294 4083 »
324 4021 397 4092 suis
420 4023 599 4114 scripturis
621 4021 727 4094 nimia
745 4021 929 4094 securitate
949 4023 1135 4092 noluerunt
1151 4020 1349 4101 advertere,

279 4165 294 4199 a
323 4153 427 4232 atque
449 4141 496 4212 ita
513 4143 545 4211 in
562 4143 676 4214 'veteri
700 4142 838 4214 homine
865 4155 1118 4214 remanserunt.
1145 4143 1270 4214 Vetera
1290 4161 1352 4208 au-
