3002 4794
271 379 288 437 8
610 393 651 440 DE
672 393 772 442 REBUS
795 393 1014 442 delleRlBUS

272 544 341 606 tem
362 532 556 605 ostenditur
573 534 642 605 via.
661 533 786 627 Aliquo
805 541 976 606 terrarum
994 535 1178 626 fugiamus,
1202 534 1262 605 ubi
1281 556 1346 606 nos

273 680 393 729 sanam
413 666 565 727 mentem
585 657 742 728 attulisse
758 678 828 727 non
846 658 892 728 sit
907 656 1121 743 incredibile,
1150 657 1209 728 ubi
1235 658 1347 752 possi-

273 802 350 852 mus
368 780 509 851 tandem
525 800 605 850 esse
624 778 718 872 quod
740 801 876 863 sumus,
899 799 1141 870 neccogamur
1159 777 1347 870 essequod

271 903 411 972 luimus.
433 903 532 995 Saepe
552 901 654 971 fessis
676 910 807 971 motum
821 903 928 985 latus,
947 912 982 971 et
998 909 1152 971 mutatus
1169 921 1228 970 aer
1242 899 1347 990 aegris

272 1026 408 1120 profuit.
429 1025 678 1096 Mansuescunt
698 1022 840 1094 arbores
861 1023 990 1108 insitae,
1010 1033 1046 1094 et
1065 1026 1231 1095 translata
1255 1025 1348 1095 olera

272 1152 528 1221 convalescunt.
547 1149 648 1231 Quod
663 1149 709 1220 ad
729 1171 786 1220 me
807 1149 943 1234 attinet,
961 1147 1074 1232 amici,
1092 1146 1128 1218 id
1148 1147 1231 1217 mibi
1257 1141 1349 1219 nunc

273 1270 437 1341 inanimo
456 1280 522 1341 est.
543 1269 712 1354 Quamvis
732 1271 825 1342 enim
851 1282 971 1343 contra
995 1273 1181 1344 multorum
1208 1281 1347 1342 senten·

273 1392 356 1463 tiam
377 1392 435 1478 sit,
459 1392 571 1465 sentio
592 1414 686 1488 saepe
705 1395 786 1466 alibi
807 1394 1025 1487 tranquillius
1047 1407 1262 1468 senectutem
1281 1395 1346 1486 agi,

273 1539 377 1609 quam
398 1515 457 1587 ubi
473 1515 705 1589 adolescentia
726 1527 803 1589 acta
822 1528 887 1590 est.

413 1680 567 1748 breuiore,
583 1679 635 1733 VII
650 1679 711 1734 Kal.
729 1680 865 1735 Octobris.

687 2141 864 2206 EPlSTOLA
885 2143 905 2205 l.

500 2310 693 2360 rnruorscus
715 2311 884 2360 rnrnnncl
906 2311 948 2359 nn
966 2312 1117 2362 rouoruu.

272 2462 356 2515 Plura
379 2462 413 2515 de
435 2461 578 2515 adulteriis
591 2462 770 2533 perversitate
792 2479 903 2518 morum
925 2463 1208 2518 increbrescentibus:
1226 2480 1347 2533 quorum

376 2549 499 2622 pericula
524 2549 626 2603 illustri
651 2550 777 2620 exemplo
804 2551 990 2620 demonstrat,
1014 2557 1042 2605 et
1068 2550 1188 2605 amicum
1206 2557 1301 2605 monet
1316 2559 1347 2606 ut

379 2643 480 2692 caveat.

369 2873 485 2945 Verba
506 2873 589 2943 mibi
607 2896 700 2944 nunc
721 2883 836 2946 metus
855 2895 894 2945 ac
910 2874 1007 2945 dolor
1024 2875 1173 2946 eliciunt.
1189 2874 1345 2947 Alterum

273 2998 347 3068 sine
368 2998 475 3067 altero
500 2999 617 3068 forsan
643 2997 768 3069 tacitus
794 2997 962 3068 tulissem.
995 2998 1073 3069 Scio
1102 2997 1252 3090 quidem,
1275 2998 1347 3069 scio

272 3119 426 3213 quidest
446 3118 539 3212 quod
560 3128 593 3189 te
610 3128 646 3190 et
665 3120 758 3190 bunc
774 3119 810 3192 iu
827 3128 861 3190 te
882 3119 1036 3191 deditum
1055 3121 1217 3192 attonitos
1230 3119 1343 3206 babet,

271 3243 458 3335 relictoque
470 3244 555 3313 calle
567 3242 778 3337 planissimo,
789 3265 853 3337 per
866 3243 1117 3336 abruptalalsis
1127 3241 1346 3335 opinionibus

271 3376 466 3438 excaecatos
486 3377 520 3438 et
540 3365 790 3438 consuetudine
807 3367 942 3438 vinctos
962 3365 1076 3437 trabit.
1099 3366 1224 3437 Sordet
1243 3385 1345 3436 omne

271 3488 439 3582 parabile,
458 3489 606 3560 difficilia
631 3489 815 3575 delectant,
842 3511 955 3584 eoque
980 3488 1093 3581 magis
1117 3512 1187 3583 quo
1212 3489 1258 3561 ad
1281 3487 1345 3557 im-

274 3611 537 3705 possibilitatem
558 3595 699 3706 propius
720 3611 883 3683 videntur
909 3613 1085 3684 accedere.
1111 3611 1239 3706 Aperta
1262 3631 1345 3681 con-

270 3721 438 3819 temnitis,
471 3733 633 3805 obsorata
662 3734 812 3806 tentatis.
847 3734 965 3806 Sicubi
988 3736 1044 3807 vir
1078 3737 1257 3827 zelotypus
1283 3740 1344 3802 aut

270 3865 381 3927 mater
397 3857 504 3928 anxia
522 3866 690 3953 paterque
712 3857 876 3929 sollicitus
893 3858 1067 3951 insignem
1079 3855 1232 3928 noscitur
1245 3854 1344 3926 adbi-

270 3979 391 4051 buisse
411 3982 618 4068 custodiam,
643 3983 754 4054 sicubi
777 3983 889 4076 pudor
915 3983 991 4078 ipse
1020 3980 1190 4052 femineus
1215 3979 1343 4072 imper-

163 4133 165 4138 ·
269 4104 328 4174 via
348 4125 431 4195 sepe
450 4108 599 4177 vallatus
617 4116 685 4190 est,
699 4106 789 4177 banc
804 4108 863 4177 vel
879 4103 1081 4176 muneribus
1099 4101 1343 4194 blanditiisque

268 4224 513 4318 perstringere,
536 4229 592 4298 vel
612 4227 727 4319 aliquo
747 4247 840 4298 novo
861 4247 988 4316 genere
1012 4222 1144 4295 fraudis
1171 4222 1342 4296 transilire
