3062 4798
426 306 519 356 ulons
541 305 1044 358 ocrluusoncmus.-nn1srotn
1066 311 1094 356 v.
1244 297 1298 360 ltl

221 443 329 533 ergo?
349 443 399 513 De
426 462 483 512 me
509 440 601 514 mibi.
617 440 771 525 credam,
798 441 859 535 qui
878 441 943 514 etsi
964 463 1020 514 me
1041 464 1164 529 amem,
1186 453 1303 516 tamen

220 564 451 656 ignorantiam
484 584 598 634 meam
631 562 700 648 odi,
733 564 892 658 interque
924 563 1041 636 odium
1074 577 1110 638 et
1146 588 1302 640 amorem

220 698 451 780 temperatam,
471 685 676 758 sententiam
698 686 789 758 lerre
808 707 909 778 queo.
929 685 1019 769 Quid
1040 708 1125 759 vero
1147 709 1300 780 pronun-

220 809 307 881 ciem
329 812 519 902 expectas?
543 807 637 880 Unus
662 829 709 878 ex
734 808 852 880 multis
886 809 1002 881 adhuc
1027 829 1115 894 sum,
1138 811 1301 902 quamvis

213 945 358 1004 'summo
380 931 494 1003 studio
515 931 605 1005 nitar
625 930 780 1014 assidue,
812 939 851 1001 ut
883 932 947 1002 sim
982 953 1075 1002 unus
1101 953 1149 1003 ex·
1167 933 1299 1028 paucis.

220 1052 319 1136 Quod
341 1053 371 1125 si
392 1053 540 1139 accidat,
562 1053 650 1126 bene
672 1055 738 1126 erit
755 1053 968 1148 feliciterque
982 1053 1299 1127 laboraveromlio-

218 1175 302 1266 quin
324 1176 420 1268 vulgi
440 1177 549 1248 aciem
567 1178 646 1256 nisu
668 1181 790 1250 saltem
811 1187 846 1248 et
867 1178 1047 1250 uoluntate
1067 1176 1298 1248 trascendero.

219 1295 262 1366 Et
275 1296 422 1389 quando,
438 1297 561 1390 ipquis,
577 1298 644 1369 boc
660 1298 720 1370 tibi
738 1301 891 1369 futurum
912 1297 1079 1391 spondes,
1099 1297 1128 1368 si
1146 1295 1299 1370 nondum

219 1426 284 1508 est,
306 1440 386 1490 oum
407 1417 579 1513 quidquid
598 1439 679 1492 esse
705 1419 879 1492 debueras
905 1419 972 1492 iam
1000 1442 1092 1492 nunc
1118 1420 1192 1492 sis‘l
1212 1421 1300 1492 Care

217 1543 334 1625 frater,
353 1541 556 1633 quaerendae
577 1541 758 1634 sapientiae
779 1564 820 1614 ac
840 1541 958 1614 virtuti
989 1545 1083 1614 nulla
1116 1563 1185 1614 non
1211 1553 1299 1614 retas

218 1671 297 1756 apta
317 1673 381 1734 est.
404 1660 699 1756 Quandocumque
715 1661 819 1734 luerit
837 1685 955 1735 serum
975 1683 1057 1736 esse
1078 1684 1146 1735 non
1163 1663 1297 1758 poterit,

217 1784 319 1856 modo
340 1789 395 1856 sit.
416 1787 460 1858 Et
479 1786 524 1858 de
547 1809 601 1858 me
623 1785 763 1880 quidem
783 1784 963 1858 hactenus.
982 1786 1074 1869 Quid
1091 1785 1134 1858 de
1151 1786 1227 1858 aliis
1245 1782 1299 1856 di-

215 1926 305 1989 cam,
323 1908 382 1998 qui
400 1927 467 1978 non
485 1908 710 2000 persuasione
727 1908 907 1993 benevola,
927 1906 990 1980 sed
1008 1909 1081 1980 veri
1098 1908 1298 2001 incorrupto

216 2026 343 2102 iudicio
362 2027 455 2100 docti
475 2032 577 2100 sunt‘l
596 2031 726 2103 Rarum
749 2051 893 2124 semper,
916 2041 1036 2102 nostra
1056 2040 1171 2102 autem
1193 2038 1298 2102 aetate

216 2148 434 2223 rarissimum
455 2169 579 2242 genus.
601 2151 670 2224 Sed
687 2173 731 2224 ne
752 2151 796 2224 ab
817 2152 883 2224 illis
900 2153 1040 2245 quidem
1065 2173 1203 2244 semper
1222 2173 1297 2224 cor-

215 2282 329 2346 rectos
348 2272 391 2346 ad
409 2293 563 2364 unguem
584 2272 722 2346 codices
742 2286 920 2368 expectes.
938 2275 1067 2346 Maiora
1083 2274 1244 2368 quaedam
1261 2285 1297 2346 et

215 2395 441 2477 laudabiliora
461 2403 681 2489 pertractant.
705 2395 782 2468 Non
807 2397 935 2470 calcem
957 2405 1127 2489 temperat
1147 2399 1296 2472 archite-
1400 2491 1402 2496 Ι

214 2531 303 2606 ctus,
332 2520 392 2593 sed
417 2519 513 2592 iubet
534 2532 570 2591 ut
593 2528 822 2614 temperetur;
843 2542 912 2591 non
939 2518 1075 2610 gladios
1100 2520 1192 2592 acuit
1220 2522 1310 2594 dux¹

213 2641 305 2730 belli,
328 2666 397 2715 non
428 2643 595 2735 magister
617 2643 716 2715 navis
747 2645 874 2715 malum
896 2642 1035 2714 dedolat
1066 2651 1127 2714 aut
1155 2665 1293 2716 remos:

213 2787 283 2838 non
303 2766 439 2838 tabulas
456 2766 612 2860 Apelles,
636 2785 704 2836 non
725 2764 812 2836 ebur
831 2765 1040 2860 Polycletus
1063 2785 1132 2835 non
1153 2764 1294 2838 Phidias

214 2911 387 2960 marmora
426 2888 577 2962 secabat.
616 2887 742 2960 Plebeii
779 2908 865 2978 opus
899 2887 1027 2979 ingenii
1064 2895 1120 2957 est
1158 2908 1318 2987 praepa·

214 3031 305 3090 rare,
338 3011 433 3102 quod
464 3011 577 3082 nobile
603 3021 784 3084 consumet
808 3009 997 3102 ingenium.
1029 3009 1085 3082 Sic
1110 3009 1204 3104 apud
1229 3031 1293 3082 nos
1309 2993 1314 3071 «¹

214 3131 271 3201 alii
291 3128 511 3202 membranas
533 3133 673 3216 radunt,
695 3133 753 3202 alii
779 3131 885 3203 libros
912 3130 1080 3216 scribunt,
1103 3132 1159 3204 alii
1187 3133 1293 3206 corri-

215 3263 314 3345 gunt,
326 3253 391 3338 alii,
404 3261 442 3324 ut
456 3252 594 3344 vulgari
610 3253 721 3325 verbo
734 3262 820 3336 utar,
836 3253 1042 3338 illuminant,
1062 3255 1119 3324 alii
1135 3255 1243 3346 ligant
1258 3267 1294 3328 et

215 3373 434 3469 superficiem
455 3384 609 3464 cnmunt,
625 3374 843 3444 Generosum
869 3374 1046 3464 ingenium
1072 3374 1175 3445 altius
1201 3349 1298 3468 aspi-⁸

214 3507 282 3582 rat,
301 3495 485 3568 humiliora
506 3495 766 3588 praetervolans.
790 3493 911 3584 ltaque
932 3492 983 3563 sic
1003 3490 1110 3576 habe;
1133 3513 1228 3586 saepe
1254 3503 1293 3563 ut

214 3642 318 3713 agros
339 3619 499 3704 divitum,
524 3618 574 3689 sic
594 3617 700 3688 libros
726 3615 907 3689 doctorum
934 3613 1113 3687 bominum
1136 3614 1293 3686 incultio-

214 3764 271 3815 res
293 3763 498 3837 essequam
520 3740 687 3834 reliquos:
710 3736 809 3834 copia
825 3759 950 3832 nempe
971 3737 1207 3823 securitatem,
1237 3758 1292 3810 se-

214 3867 413 3958 curitasque
435 3863 628 3956 segnitiem,
657 3862 824 3954 segnities
846 3863 951 3934 situm
976 3861 1075 3956 parit.
1103 3862 1159 3933 Sic
1183 3859 1292 3956 poda-

214 3991 297 4084 grici
314 3992 449 4076 callem,
469 4010 573 4081 quem
591 3990 811 4081 frequentare
828 3985 967 4070 habent,
987 3984 1131 4068 offensae
1149 3986 1226 4058 licet
1242 3989 1258 4056 f
1276 4026 1292 4036 -

213 4112 286 4187 cilis
302 4123 361 4186 aut
377 4121 544 4206 paventes
559 4121 619 4185 aut
636 4131 818 4196 memores,
833 4108 1075 4186 minutissimis
1089 4131 1229 4204 quoque
1241 4110 1291 4181 la-

337 4245 362 4282 u.
1105 4233 1130 4282 31
