2958 4804
266 376 325 436 “llll
604 385 645 432 nu
666 385 766 432 nunus
787 383 1008 432 rnurumnruus

265 525 408 618 quaeris,
437 543 494 594 res
520 520 706 616 praedulcis
728 529 784 593 est
807 532 930 614 gustu3
958 520 1021 592 sed
1045 540 1127 614 quae
1156 517 1333 592 admodum

265 645 353 717 raris
372 639 652 740 apprehendatur
670 643 828 734 ingeniis,
842 655 877 714 et
893 642 1139 715 incuriositatis
1151 642 1334 736 eximiique

265 777 482 861 contemptus
503 789 620 838 rerum
636 766 800 850 omnium,
819 777 854 836 et
872 767 998 838 elevati
1015 765 1252 858 abstractique
1271 764 1348 858 aui—¹

264 894 321 978 mi,
334 902 370 964 et
383 902 517 965 naturae
533 913 642 982 egens
660 913 804 984 prorsus
822 887 967 962 idoneae.
987 891 1108 982 ltaque
1124 888 1220 982 quod
1237 911 1339 982 expe

265 1015 413 1086 rimento
439 1013 602 1118 simulet
628 1009 908 1084 doctissimorum
934 1011 1114 1082 hominum
1140 1010 1341 1084 auctoritate

265 1147 479 1231 compertum
497 1145 559 1219 est,
579 1135 615 1204 iu
632 1136 726 1204 nulla
744 1135 870 1205 artium
889 1134 1003 1205 minus
1022 1131 1137 1206 studio
1153 1132 1340 1228 proficitur.

265 1261 351 1330 Hinc
368 1259 556 1330 iucundum
574 1261 661 1329 forte
679 1258 748 1343 tibi,
767 1256 852 1328 mihi
870 1278 955 1328 vero
978 1255 1202 1342 rancidulum,
1222 1277 1342 1328 omnes

264 1384 300 1451 in
314 1378 425 1452 triviis
438 1392 569 1473 poetas,
584 1381 622 1451 in
638 1381 801 1452 Helicone
818 1401 924 1474 prope
941 1381 1073 1451 nullum
1091 1375 1228 1462 videas;
1247 1375 1340 1472 quod

263 1503 394 1576 Pierios
418 1507 517 1576 favos
544 1503 690 1574 summis
717 1503 831 1575 cuncti
858 1502 958 1573 labiis
984 1501 1188 1594 degustant,
1213 1501 1342 1595 digerit

265 1649 376 1700 nemo.
398 1629 534 1711 Quanta
552 1637 677 1710 autem,
700 1647 762 1697 oro
782 1637 825 1711 te,
848 1634 883 1696 et
902 1647 1007 1718 qnam
1028 1647 1164 1697 amoena
1185 1647 1243 1696 res
1264 1645 1344 1696 esse

263 1756 379 1844 potest
398 1750 492 1820 veris
518 1745 793 1842 possessoribus,
824 1769 905 1842 quae
931 1748 1142 1820 somniantes
1169 1747 1260 1820 adeo
1285 1745 1345 1820 de

263 1877 379 1956 lentat,
404 1866 441 1942 ut
461 1881 646 1965 occupatos
667 1871 748 1943 licet
767 1893 965 1964 avarosque
985 1873 1168 1966 compellat
1186 1872 1345 1963 negotio

264 2018 341 2066 rum
362 2004 396 2065 et
415 1995 573 2089 pecuniae
594 1994 761 2078 oblivisci,
779 1995 869 2066 inter
885 2001 936 2064 tot
953 1994 1123 2065 vanitates
1139 1993 1209 2065 aevi
1231 1993 1342 2065 nostri

263 2126 466 2210 tantumque
497 2125 634 2211 tempus
664 2116 860 2213 perditum?
884 2119 997 2188 Unum
1025 2116 1195 2211 estquod
1221 2119 1343 2210 patriae

264 2242 430 2332 gratuler,
454 2239 509 2311 cui
529 2239 618 2310 inter
638 2240 757 2310 infelix
778 2240 895 2311 lolium
915 2250 952 2311 et
971 2241 1106 2310 steriles
1123 2261 1256 2311 avenas
1275 2249 1344 2312 tcto

263 2364 347 2434 orbe
371 2361 516 2435 diffusas
533 2364 663 2457 aliquot
683 2364 847 2434 iuvenum
869 2363 1007 2454 ingenia
1026 2360 1178 2434 feliciora
1196 2381 1343 2434 consur-

265 2497 360 2576 gunt,
371 2485 438 2556 nisi
451 2487 711 2571 meamoriallit,
720 2509 788 2558 non
798 2486 1081 2557 inaniterloutem
1094 2485 1346 2576 poturaCasta-

263 2604 587 2701 liumTibiquoque
599 2607 1001 2682 dilectaMusisMantua.
1011 2606 1073 2677 tibi
1083 2609 1274 2694 Patavium,
1284 2607 1344 2680 tibi

266 2731 413 2816 Verona,
433 2730 494 2802 tibi
511 2729 663 2802 Cimbria
681 2731 760 2826 (sic),
780 2725 841 2800 tibi
861 2733 980 2802 Sulmo
1001 2751 1100 2824 meus
1118 2734 1289 2822 gratulor,
1312 2743 1346 2802 et

265 2854 328 2926 tibi
349 2854 474 2925 domus
495 2854 658 2924 Maronea
677 2854 902 2948 Parthenope,
922 2853 1005 2926 dum
1027 2853 1108 2924 alibi
1129 2856 1343 2946 poetantium

265 2995 377 3048 novos
404 2997 531 3068 greges
566 2976 704 3047 incertis
737 2977 933 3048 tramitibus
966 2980 1034 3048 late
1062 2998 1176 3070 vagos
1206 2999 1345 3071 semper

265 3098 382 3170 aridos
397 3098 623 3191 sitientesque
637 3099 821 3192 conspicio.
836 3101 912 3183 Qua
929 3101 965 3171 in
981 3121 1028 3186 re,
1048 3111 1086 3172 ut
1102 3100 1189 3184 dixi,
1209 3101 1346 3173 mordet

265 3222 418 3293 animum
446 3221 669 3306 conscientia,
699 3223 800 3316 quasi
824 3243 952 3316 magua
976 3245 1023 3294 ex
1048 3234 1146 3318 parte
1163 3246 1255 3294 unus
1277 3245 1344 3316 ego

265 3341 321 3416 his
345 3344 506 3416 omnibus
532 3343 767 3416 deliramentis
789 3346 950 3418 alimenta
975 3345 1200 3439 praebuerim,
1223 3367 1346 3416 exem-

266 3470 392 3563 ploque
422 3467 611 3553 nocuerim,
643 3466 738 3560 quod
762 3491 832 3540 non
856 3469 1015 3539 ultimum
1045 3466 1191 3539 nocendi
1217 3489 1344 3559 genus3

266 3611 461 3683 vereorque
477 3611 521 3661 ne
539 3591 680 3661 frondes
697 3591 764 3661 illae
781 3609 870 3662 meae
882 3590 1075 3663 immaturis
1090 3593 1219 3662 laureae
1237 3591 1343 3662 ramis

266 3708 423 3806 cupidius
450 3708 638 3806 decerptae,
663 3713 824 3804 quamvis
851 3709 919 3784 dioi
940 3714 1073 3784 soleant
1100 3713 1344 3783 somniaverat

266 3833 379 3906 lacere
410 3833 509 3918 mihi,
545 3844 662 3906 tamen
694 3845 729 3906 et
747 3833 865 3907 multis
891 3835 977 3906 lalsa
1007 3833 1149 3905 iecerint
1173 3831 1345 3904 insomnia

267 3967 302 4026 et
321 3967 420 4030 nocte
438 3956 605 4028 concubia
625 3978 686 4050 per
703 3967 908 4029 autumnum
924 3957 1088 4028 eburneis
1106 3955 1235 4026 emissa
1255 3953 1344 4023 limi-

267 4075 383 4148 nibus.
405 4080 474 4150 Sed
494 4078 584 4150 bene
604 4079 730 4150 habet:
756 4079 831 4172 ipse
857 4080 1058 4152 criminibus
1080 4077 1167 4149 meis
1189 4081 1342 4170 plector:

269 4217 348 4270 nam
369 4209 405 4270 et
424 4201 517 4271 domi
538 4212 658 4287 aestuo,
680 4212 716 4272 et
731 4203 794 4273 vix
813 4202 882 4272 iam
903 4203 937 4271 iu
959 4201 1135 4296 publicum
1156 4199 1253 4271 exire
1280 4221 1343 4270 au·
