3078 4798
402 405 496 454 brana
518 404 1018 463 oururusuncruus.-ar1sroul
1043 405 1070 451 v.
1192 385 1275 452 '325

189 540 283 611 mina
303 538 562 623 exhortatione,
578 559 684 630 quam
704 535 768 608 sibi
792 537 885 607 nulla
902 536 1043 629 quidem
1062 546 1152 620 arte,
1169 540 1275 608 multa

190 660 255 732 sed
276 658 346 732 fide
368 662 546 753 multoque
566 657 691 730 ardore
710 657 1002 750 conscripseram,
1026 657 1204 742 movisse,
1232 683 1275 730 ne

190 783 303 856 dicam
326 782 565 854 inllammasse
584 782 748 854 animum.
769 780 813 852 At
831 803 935 874 quem
955 803 1017 852 neo
1035 781 1183 872 insignis
1202 785 1276 875 glo-

178 908 252 991 ria,
268 929 332 978 nec
349 908 511 979 meritum
532 907 671 998 ingens,
694 927 759 976 nec
778 904 888 977 facilis
909 905 1141 976 maximarum
1159 927 1275 977 rerum

192 1027 304 1120 tangit
320 1029 473 1113 occasio,
491 1027 578 1121 quid
599 1027 725 1100 mirum
743 1027 773 1098 si
791 1027 880 1098 levia
898 1023 1008 1098 verba
1025 1047 1094 1097 non
1114 1031 1278 1119 tangunt?

192 1147 365 1222 Deiicerer
384 1149 500 1222 animo
521 1149 586 1222 nisi
609 1149 716 1220 multa
741 1149 959 1242 experientia
984 1148 1208 1233 didicissem,
1235 1150 1279 1223 de

193 1271 402 1344 transitoriis
440 1294 509 1345 non
548 1271 751 1344 curandum.
787 1272 916 1343 Omnes
954 1274 1026 1344 iere
1064 1294 1133 1344 non
1167 1275 1278 1346 solum

193 1415 295 1479 meae,
319 1394 383 1465 sed
402 1393 557 1466 omnium
579 1416 662 1489 spes
682 1413 849 1486 curaeque
866 1394 1062 1466 mortalium
1085 1417 1190 1466 uuum
1219 1394 1280 1468 ha-

193 1515 278 1586 bent
308 1514 457 1599 exitum,
486 1517 521 1586 in
547 1516 691 1586 nibilum
718 1514 894 1598 desinunt,
919 1515 1202 1608 simillimumque
1226 1527 1282 1587 est

196 1639 274 1710 telis
293 1660 501 1710 aranearum
522 1637 691 1733 quidquid
713 1638 780 1710 sub
800 1640 873 1710 sole
891 1638 1032 1710 texitur.
1051 1637 1211 1722 Quidvis
1228 1637 1281 1709 di-

194 1764 296 1834 cam?
316 1759 393 1831 Non
412 1763 524 1831 omnio
539 1783 713 1855 possumus
730 1783 856 1845 omnes,
876 1759 988 1854 inquit
1007 1761 1114 1832 blaro.
1137 1761 1203 1845 Qui
1222 1783 1282 1855 po-

197 1893 268 1955 test
287 1905 412 1977 capere
437 1884 561 1977 capias
588 1887 741 1979 profecto
766 1883 859 1954 enim
885 1885 1082 1956 necessaria
1107 1884 1283 1976 regnanti-

197 2006 265 2077 bus
285 2006 399 2078 virtus
419 2005 572 2091 heroica,
595 2029 699 2100 quam
717 2004 882 2095 Virgilius
904 2004 1096 2092 ardentem,
1120 2007 1282 2080 Lucanus

196 2128 335 2220 igneam
355 2137 473 2212 vocat,
508 2127 575 2200 nisi
608 2125 766 2198 nascenti
787 2124 953 2198 divinitus
980 2127 1062 2200 data
1097 2128 1154 2208 sit,
1191 2127 1284 2200 baud

196 2247 308 2320 facilis
329 2259 385 2319 est
402 2247 566 2341 quaesitu.
589 2246 681 2331 Quid
702 2267 785 2318 vero
807 2269 899 2318 nunc
918 2257 1031 2318 aestuo
1057 2246 1197 2319 minima
1218 2249 1284 2319 rei-

198 2369 348 2462 publicae
365 2371 547 2465 particula,
571 2370 655 2463 quid
675 2369 823 2453 crucior,
852 2368 936 2461 quid
962 2367 1118 2460 affligor?
1137 2369 1284 2442 Aduena

200 2513 267 2583 ego
289 2513 367 2564 sum
392 2503 427 2565 et
451 2493 658 2588 peregrinus
693 2493 726 2561 in
761 2501 868 2576 terra,
896 2491 986 2562 sicut
1018 2513 1141 2569 omnes
1167 2502 1284 2588 patres

201 2614 282 2699 mei,
305 2616 390 2685 exul
408 2636 502 2699 sum,
525 2615 708 2708 viatorque
730 2614 874 2698 anxius3
894 2635 948 2685 me
970 2613 1088 2686 brevis
1109 2616 1193 2687 vitae
1213 2640 1287 2689 ma-

201 2744 261 2807 net
279 2736 397 2808 nescio
416 2740 637 2829 quantulum,
661 2750 696 2808 et
717 2737 845 2808 moriar
864 2746 899 2807 et
925 2735 969 2808 ad
996 2758 1115 2808 veram
1137 2739 1284 2830 patriam

203 2879 314 2929 meam
335 2857 403 2931 ibo.
426 2859 524 2931 ltalia
544 2859 650 2932 stabit
670 2858 759 2930 inter
780 2858 885 2953 Alpes
902 2870 937 2930 et
954 2856 1024 2930 duo
1046 2859 1164 2944 maria,
1187 2869 1226 2930 ut
1241 2858 1286 2931 ab

202 2979 298 3052 initio
324 3002 438 3052 rerum
466 2981 574 3067 stetit,
602 2991 638 3053 et
663 2983 692 3054 si
720 2982 843 3054 terreni
867 2981 960 3074 regis
982 2982 1150 3055 auxilium
1177 2983 1284 3067 desit,

203 3105 422 3200 imperatoris
441 3107 563 3178 aeterni
582 3105 855 3179 misericordiam
874 3104 1079 3199 implorabit.
1095 3105 1206 3178 Crede
1224 3128 1286 3176 au-

204 3234 272 3298 tem
295 3227 392 3311 mihi,
415 3239 527 3322 pater,
551 3251 716 3320 magnum
742 3237 797 3314 est
821 3229 858 3297 in
884 3227 968 3300 sede
991 3228 1096 3311 Petri,
1120 3250 1284 3318 magnum

179 3349 314 3421 -estin
337 3350 422 3423 solio
444 3350 595 3422 Caesaris
617 3349 751 3422 sedere.
773 3349 877 3432 Vive,
900 3359 935 3419 et
956 3351 1043 3419 vale.

346 3499 390 3552 ad
404 3499 521 3556 Fontem
537 3500 650 3572 Sergia.
667 3499 707 3554 ΙΙΙ
722 3499 815 3554 Nonas
831 3495 1091 3570 Aprilis,·pastorali
1106 3495 1220 3550 calamo.
