3002 4794
436 342 528 392 bloba
549 341 878 394 Novus-Ertsvott
899 345 963 394 x111.
1207 333 1246 394 49

162 458 244 530 stris
278 459 473 544 conditam,
509 457 736 553 Brixiamque
768 471 804 532 et
828 463 1003 534 Veronam
1038 463 1083 536 ab
1113 461 1248 536 eisdem

162 583 294 653 vestris
324 580 516 653 maioribus
546 603 715 676 possessa
741 585 816 655 loca
841 585 1054 677 prospexit?
1077 584 1160 656 Inde
1187 607 1250 678 pe-

163 713 240 776 tens
274 703 458 776 Patavium
490 703 586 776 troici
618 725 708 800 opus
739 703 943 789 Antenoris,
974 705 1056 777 hinc
1085 708 1250 778 Venetia-

162 851 240 899 rum
258 827 351 898 inter
376 837 521 898 cunctas
546 827 686 898 litoreas
713 827 906 901 mirabilem
932 840 1038 920 atque
1071 827 1250 922 permaxi-

162 972 255 1020 mam
295 949 433 1035 urbem,
482 971 566 1020 mox
609 949 760 1022 cinctum
798 950 1000 1022 fluminibus
1042 961 1078 1022 et
1113 950 1248 1022 aestivis

162 1070 296 1144 deliciis
318 1093 495 1144 amoenum
515 1094 733 1164 parvumque
753 1071 960 1157 Tarvisium,
979 1093 1086 1165 quam
1106 1071 1171 1144 sibi
1194 1093 1251 1144 se-

164 1195 243 1266 dem
264 1193 412 1284 delegit,
434 1192 650 1266 delectationi
670 1215 739 1266 non
762 1205 831 1266 lam
851 1194 1001 1287 propriae
1022 1215 1127 1287 quam
1148 1194 1250 1266 undi-

164 1336 231 1406 que
263 1313 546 1386 convenientium
571 1314 807 1386 commoditati
833 1316 1071 1409 prospieiens;
1097 1315 1178 1388 inde
1204 1315 1250 1388 ad

164 1419 438 1530 compescendos
459 1434 606 1510 Arctoos
626 1447 751 1522 motus,
770 1436 964 1530 Aquileiam
986 1448 1247 1532 praetervectus,

164 1557 344 1653 Alpesque
364 1559 506 1632 Noricas
533 1568 792 1652 transgressus,
819 1563 921 1653 longe
946 1566 1085 1654 lateque
1108 1563 1251 1636 Germa-

164 1681 257 1752 niam
279 1681 495 1774 peragravit,
521 1690 557 1754 et
583 1682 676 1754 illum
698 1684 779 1754 olim
805 1682 939 1778 imperii
965 1684 1107 1758 limitem
1134 1689 1271 1760 Danu·

165 1802 271 1889 bium,
291 1805 367 1875 Nilo
385 1825 512 1896 parem,
532 1803 627 1876 mille
645 1805 835 1900 superbum
852 1806 1005 1880 lontibus
1026 1817 1062 1880 et
1078 1807 1250 1882 horrificis

166 1923 364 2017 gurgitibus
384 1934 592 1998 aestuaulem
613 1927 741 2018 attigit;
768 1927 849 2000 indc
868 1951 981 2022 nuper
1000 1933 1108 2002 multa
1134 1953 1251 2002 rever-

168 2067 228 2118 sus
254 2069 335 2118 oum
361 2045 477 2132 laude,
505 2047 607 2120 bodie
634 2049 776 2121 minoris
802 2070 929 2142 corpus
954 2050 1094 2124 Antonii
1119 2053 1251 2143 ingenti

166 2169 283 2262 populi
307 2169 494 2242 devotione
515 2170 726 2252 transvexit,
753 2192 833 2263 quae
850 2191 921 2242 una
946 2170 1012 2244 sibi
1033 2172 1127 2265 apud
1150 2175 1251 2244 Pata·

166 2290 262 2362 vium
284 2291 513 2383 longiusculae
533 2313 642 2365 morae
662 2315 769 2364 causa
786 2293 858 2378 fuit,
878 2293 934 2364 cui
952 2293 1167 2366 translationi
1183 2316 1251 2386 ego

167 2412 319 2497 interfui,
356 2413 538 2505 gravitatis
564 2415 707 2488 eximiae
732 2438 773 2487 ac
797 2414 1084 2487 eaeremoniarum
1106 2409 1251 2488 mirator

167 2556 259 2606 unus
288 2557 334 2606 ex
359 2536 529 2629 plurimis.
557 2538 716 2610 Crastino
741 2537 807 2648 iteq
831 2537 1059 2630 interceptum
1085 2548 1181 2630 aget,
1214 2548 1253 2610 ut

167 2658 258 2729 siout
284 2656 450 2730 Adriatici
482 2659 659 2731 fremitum
692 2661 799 2730 maris
831 2658 932 2742 vidit,
969 2659 1019 2732 sic
1052 2659 1251 2755 Tyrrhenas

166 2779 314 2872 aspiciat
331 2791 568 2875 tempestates.
593 2783 638 2852 Et
649 2782 761 2875 primo
773 2781 911 2876 quidem
927 2782 1114 2854 fluviorum
1132 2806 1252 2874 regem

167 2902 331 2974 transibit
349 2903 541 2976 Eridanum
560 2913 596 2976 et
614 2902 892 2997 antiquissimam
910 2903 1092 2977 civitatum
1114 2905 1252 2977 Raven-

167 3045 261 3110 nam,
296 3034 376 3120 post
408 3024 616 3112 Ariminum,
645 3050 729 3099 mox
760 3028 915 3112 Fanum,
949 3027 1030 3099 iude
1066 3028 1282 3100 Perusium,

168 3147 396 3238 praevalidam
421 3149 557 3234 urbem,
586 3160 691 3244 alque
714 3149 956 3223 interiacentes
983 3151 1084 3236 alias,
1111 3152 1251 3223 tandem

168 3289 284 3339 rerum
304 3279 459 3362 caputet
483 3271 657 3344 dominam
675 3274 820 3345 Romam
842 3281 950 3366 petet,
972 3293 1078 3366 quam
1095 3272 1253 3365 quicum-

168 3412 236 3483 que
261 3413 331 3464 non
356 3391 483 3464 viderit
514 3404 645 3466 temere
674 3395 760 3467 alias
787 3395 994 3481 admiratur,
1022 3395 1122 3468 cuius
1155 3393 1251 3466 urbis

169 3524 347 3608 aspectus,
370 3523 409 3586 ut
428 3515 602 3588 interdum
629 3517 819 3613 speciosior
843 3521 933 3590 toret
958 3519 1085 3612 populo
1109 3537 1252 3588 romano

169 3638 306 3707 lortuna
341 3637 545 3731 praestabat,
574 3647 613 3711 ut
638 3661 723 3712 vero
748 3663 925 3732 nunquam
954 3640 1138 3712 salutarior
1163 3638 1253 3708 iubi-

169 3761 257 3830 laeus
278 3782 392 3831 annus
413 3761 547 3834 efficiet.
569 3763 682 3834 Voces
703 3764 782 3834 licet
801 3764 952 3846 exulem,
975 3763 1030 3832 ille
1048 3760 1132 3830 mihi
1154 3761 1252 3832 vide-

168 3879 262 3952 bitur
294 3881 517 3956 felicissimus
542 3885 760 3978 peregrinus.
788 3884 838 3956 lbi
863 3882 1109 3976 Apostolorum
1134 3881 1252 3954 limina

168 4015 202 4076 et
222 4015 353 4077 terram
375 4004 521 4078 calcabit
546 4027 646 4078 sacro
667 4014 859 4102 martyrum
880 4025 1092 4100 purpuream
1112 4026 1250 4090 cruore,

169 4125 304 4200 videbit
325 4129 384 4198 vel
406 4127 565 4200 muliebri
590 4127 697 4201 linteo
716 4131 774 4199 vel
800 4129 834 4198 in
855 4136 1057 4200 cunctarum
1078 4127 1253 4201 Ecclesia-

297 4259 327 4298 li.
