3062 4798
257 314 316 376 tat
591 325 632 372 nn
654 324 754 374 nauus
776 324 999 374 murmuramus

257 463 348 555 pillis
365 470 578 556 expurgant,
601 483 678 531 oum
695 460 770 532 sani
784 458 891 555 pedes
908 467 1011 532 acuta
1027 459 1132 531 etiam
1150 477 1238 531 saxa
1255 479 1337 532 cou-

225 609 227 614 ·
258 591 423 655 temnant.
451 583 507 653 Sic
539 579 781 655 valetudinarii
810 585 1044 663 fenestrellam
1075 604 1214 656 omnem
1246 582 1338 654 vitro

259 703 410 800 sepiunt,
432 727 512 775 curn
533 704 622 776 bene
638 708 795 777 valentes
813 727 872 776 aer
885 705 1040 798 ,liquidus
1057 715 1092 777 et
1109 703 1214 796 gelidi
1233 704 1339 791 flatus

259 831 435 899 mulceant
454 827 636 921 aquilonis.
659 827 716 900 Sic
735 827 842 920 igitur
867 827 984 900 idiotae
1004 849 1093 922 quos
1114 825 1249 924 syllaba
1269 849 1339 898 una

258 951 317 1021 vel
336 950 448 1022 littera
466 972 561 1043 saepe
578 950 638 1021 diu
659 951 770 1022 tenuit
786 953 992 1051 perplexos,
1008 949 1124 1022 omnia
1149 949 1341 1022 accuratis-

260 1073 347 1144 sime
371 1094 415 1145 nc
447 1074 532 1166 quid
563 1077 632 1145 tale
663 1075 790 1146 iterum
812 1073 1224 1166 patiantur,·emendant,
1247 1071 1342 1166 quod

259 1191 399 1287 ingenio
416 1194 565 1267 fidentes
580 1206 617 1267 et
633 1196 823 1268 maioribus
843 1197 963 1268 intenti
983 1197 1174 1288 negligunt.
1200 1196 1245 1266 Et
1264 1195 1342 1267 haec

260 1315 399 1411 quidem
420 1317 656 1390 incommune
676 1318 835 1390 dixerim.
858 1321 908 1390 De
929 1318 1016 1391 libro
1036 1330 1153 1400 auoem
1172 1318 1240 1391 hoc
1256 1315 1342 1411 quid

259 1462 382 1534 speres
403 1441 480 1535 ipsa
500 1450 535 1511 te
552 1440 629 1512 libri
650 1443 755 1513 facies
777 1441 942 1514 monebit.
962 1441 1084 1514 Novus
1100 1450 1137 1512 et
1152 1440 1270 1512 nudus
1286 1450 1342 1512 est

259 1575 295 1634 et
319 1566 414 1635 nullo
438 1565 642 1636 correctoris
666 1564 771 1636 dente
800 1584 1003 1660 percussus.
1028 1563 1220 1638 Familiaris
1244 1562 1342 1634 illum

258 1705 359 1755 meus
378 1685 531 1776 scripsit,
554 1709 656 1778 quem
678 1708 814 1757 mecum
826 1687 921 1759 intra
943 1697 1040 1758 tuum
1057 1686 1163 1758 limen
1182 1706 1277 1758 anno
1292 1687 1344 1756 al-

260 1815 331 1876 tero
349 1804 482 1890 vidisti,
501 1807 640 1878 iuvenis
659 1807 758 1899 digiti
771 1829 878 1900 quam
895 1808 1023 1900 ingenii
1036 1808 1198 1880 melioris.
1216 1807 1343 1900 Negle-

259 1935 349 1998 ctam
369 1937 481 2000 tamen
500 1928 802 2025 orthographiam,
816 1931 932 2023 potius
948 1953 1054 2024 quam
1071 1930 1230 2023 insignes
1246 1929 1343 2002 dele-

259 2051 523 2144 ctusxinvenies.
542 2052 698 2145 Denique
712 2055 799 2124 forte
811 2051 942 2145 aliquid
958 2063 1118 2126 occurret
1133 2051 1228 2147 quod
1243 2051 1344 2124 intel-

259 2172 387 2242 lectum
397 2181 585 2256 exerceat,
601 2173 696 2264 quod
708 2172 876 2265 impediat
887 2173 982 2245 nihil.
996 2175 1140 2268 Perlege
1156 2183 1193 2246 et
1204 2175 1342 2247 insiste:

259 2315 446 2370 accensum
472 2294 560 2365 liber
583 2292 640 2367 hic
659 2294 816 2367 animum
841 2295 1078 2382 inflammabit,
1101 2296 1162 2391 qui
1187 2300 1343 2390 algentes

259 2415 472 2488 accenderet.
495 2416 640 2488 Videbis
658 2417 809 2509 quoddc
829 2416 963 2489 Bihlide
984 2417 1133 2490 habetur
1149 2420 1185 2489 in
1201 2417 1341 2505 sabulis,

259 2536 496 2628 Augustinum
516 2557 641 2633 nempe
657 2538 693 2608 in
710 2542 838 2610 iontem
858 2539 1165 2613 devotissimarum
1185 2543 1345 2618 lacrima·

258 2681 334 2729 rum
350 2679 431 2730 esse
447 2681 676 2733 conversum:
696 2683 799 2754 quem
817 2683 973 2755 precare,
993 2684 1055 2735 oro
1073 2672 1114 2750 te,
1133 2675 1172 2736 ut
1188 2685 1345 2737 commu-

258 2799 338 2851 nem
359 2779 538 2853 dominum
557 2803 621 2875 pro
640 2805 697 2854 me
718 2793 828 2875 roget.
850 2782 942 2867 Quid
961 2785 1094 2856 multa?
1112 2787 1157 2857 Et
1177 2785 1238 2857 tibi
1255 2787 1344 2858 inter

259 2902 446 2992 legendum
467 2903 576 2975 lluent
600 2905 772 2990 lacrimae,
797 2917 833 2976 et
852 2906 1002 2996 legendo
1027 2906 1140 2993 flebis,
1169 2908 1344 2981 etflendo

257 3022 447 3106 laetaberis,
470 3023 637 3117 dicesque
658 3034 692 3096 te
711 3025 747 3095 in
767 3026 824 3098 his
848 3026 972 3101 litteris
995 3051 1081 3102 vere
1105 3031 1253 3124 ignitum
1271 3035 1344 3105 elo-

258 3140 378 3232 quium
409 3152 445 3213 et
468 3147 605 3236 sagittas
623 3148 769 3240 putentis
797 3160 911 3221 ocutos
936 3171 1011 3222 cum
1040 3154 1191 3225 cardonis
1217 3152 1344 3226 tesca

259 3258 349 3339 turici
370 3266 559 3342 invenisse.
578 3269 674 3341 Vale.

400 3413 556 3484 Mediolani,
577 3415 637 3471 Vll.
659 3415 721 3472 Kal.
742 3417 837 3488 Maias,
858 3419 891 3474 ad
910 3435 1063 3491 vesperam.
