3078 4798
270 265 329 326 360
614 277 654 325 nn
675 277 777 327 nunus
798 278 1020 330 rnurnnnlnus

267 433 336 504 que
353 409 562 481 Ambrosius
576 432 676 483 mens
689 411 760 497 luit,
773 415 957 507 erexitque
973 425 1010 486 et
1028 413 1180 488 firmavit
1196 420 1350 493 animum

267 556 335 605 non
369 535 481 625 magis
507 537 663 605 oratione
697 556 802 628 quam
829 537 922 620 vita,
952 547 1119 608 caeterum
1154 541 1264 614 serior
1288 545 1351 615 fnit

267 656 440 729 adventus
461 656 547 752 ipse,
569 679 675 750 quam
693 660 830 729 vellem.
852 658 1064 731 Habuissem
1085 661 1187 755 spatii
1207 666 1287 757 plus
1307 665 1351 738 ad

265 779 417 850 fructum
437 777 713 851 conversationis
735 778 914 869 angelieae,
942 801 962 850 a
983 802 1054 872 qua
1073 803 1177 853 nemo
1199 807 1348 879 unquam

266 901 333 972 nisi
355 920 435 971 sese
456 899 578 971 melior
597 901 709 971 lactus
730 900 915 984 abscessit,
938 924 1008 994 qua
1028 923 1086 973 me
1106 925 1247 997 quoqne
1266 907 1348 980 dum

266 1035 423 1118 poteram
443 1044 512 1094 non
529 1021 689 1117 cupidius
708 1045 812 1094 usum
830 1024 940 1119 pudet
956 1047 997 1096 ac
1013 1025 1170 1119 poenitet.
1190 1029 1260 1101 Sed
1276 1021 1349 1102 lon?

266 1143 374 1235 gioria
400 1144 483 1214 vitae
509 1166 590 1238 spes
615 1145 752 1227 fefellit;
779 1167 848 1217 non
878 1147 1019 1240 respexi
1045 1149 1091 1220 ad
1116 1159 1255 1222 aetatem
1282 1152 1348 1222 iam

268 1264 371 1337 valde
387 1266 568 1353 declinem,
589 1267 652 1338 sed
673 1267 718 1338 ad
737 1267 961 1340 sobrietatem
983 1290 1172 1363 moresque
1188 1272 1346 1358 bominis,

265 1400 301 1459 et
319 1410 447 1483 purum
468 1411 509 1460 ac
526 1389 675 1461 solidum
698 1390 792 1462 senis
813 1413 962 1486 corpns3
984 1391 1177 1484 acciditque
1196 1396 1279 1466 mihi
1304 1397 1348 1468 de

265 1512 322 1584 illo
341 1512 437 1604 quod
457 1513 575 1584 multis
593 1515 734 1607 fereque
750 1513 913 1586 omnihus
934 1514 1080 1597 accidit3
1101 1514 1272 1608 quidquid
1288 1517 1348 1588 de-

265 1637 369 1706 lectat
390 1635 456 1706 sibi
482 1637 682 1727 longaevnm
710 1637 893 1729 spondent.
916 1636 1018 1719 Quod
1039 1638 1115 1730 ipse
1134 1639 1238 1730 quasi
1257 1660 1346 1732 prm

265 1755 396 1847 sagiret
415 1778 471 1825 me
490 1755 603 1827 itineri
623 1758 816 1829 accinctum
837 1769 886 1843 et,
908 1759 1002 1852 quod
1024 1758 1165 1831 minime
1193 1763 1347 1854 suspica-

264 1878 335 1961 bar,
350 1879 541 1951 verendam
558 1880 651 1951 illam
670 1881 760 1952 sacri
777 1881 847 1953 oris
864 1880 1016 1974 effigiem
1030 1882 1066 1952 in
1083 1883 1185 1954 terris
1199 1884 1346 1978 amplius

264 2026 333 2076 non
353 2003 524 2086 visurum,
545 2005 684 2098 quantis
705 2005 903 2098 quibusque
925 2005 1078 2076 consiliis
1100 2007 1278 2078 retrabere
1297 2006 1346 2078 ni·

264 2147 326 2198 sus
341 2127 394 2212 sit,
409 2135 558 2198 moestus
575 2127 680 2198 modo
701 2149 837 2199 meeum
855 2134 985 2221 repeto.
1003 2127 1070 2198 Pro
1087 2127 1217 2220 quibus
1237 2129 1347 2200 omni-

262 2249 330 2322 bus
350 2250 436 2344 qnid
457 2250 523 2321 sibi
545 2250 735 2322 retribuam
756 2271 824 2321 non
846 2248 972 2335 baben,
995 2249 1063 2320 nisi
1089 2249 1291 2321 memoriam
1312 2262 1346 2322 et

263 2394 415 2444 amorem
432 2384 466 2444 et
486 2371 663 2457 fiduciam,
682 2393 752 2465 qua
773 2371 869 2443 illum
891 2382 929 2444 ut
949 2393 1091 2468 prome
1110 2381 1188 2444 oret
1207 2393 1343 2465 precor,

261 2496 426 2588 quoniam
459 2518 522 2588 pro
557 2497 778 2568 sanctissimo
811 2495 888 2566 viro
920 2505 1134 2590 peecatorem
1168 2494 1344 2576 bominem

261 2639 363 2715 orare
379 2640 448 2690 non
469 2620 572 2692 modo
591 2642 850 2712 supervacuum
870 2619 932 2692 sed
955 2619 1176 2691 temerarium
1193 2617 1359 2730 videturq

261 2739 307 2810 At
331 2763 387 2813 me
417 2741 576 2835 privatus
602 2742 701 2814 dolor
727 2763 827 2814 meus
856 2741 1024 2836 propositi
1049 2740 1193 2812 oblitum
1218 2763 1299 2812 oum
1324 2763 1343 2812 a

260 2864 398 2960 publico
417 2863 537 2936 dolore
556 2863 761 2934 distraxerit
781 2865 827 2936 ad
852 2885 931 2948 voS,
951 2864 986 2933 in
1008 2863 1147 2934 Christo
1173 2861 1344 2934 carissimi

172 2965 180 2990 ⁸
260 2988 385 3057 fratres
411 2987 492 3067 mei,
516 2984 632 3056 redeo.
659 2984 749 3068 Quid
768 3007 856 3056 vero
881 3008 973 3057 nunc
998 2986 1136 3058 dicam?
1162 2985 1280 3057 nescio
1300 2983 1344 3056 ab

260 3107 352 3177 illius
378 3106 445 3176 viri
471 3107 800 3179 commemoratione
825 3106 1030 3191 diseedere;
1063 3129 1134 3200 quo
1162 3106 1273 3198 magis
1299 3105 1343 3178 de

261 3229 319 3298 illo
344 3226 459 3319 cogito
485 3229 598 3320 magis
624 3230 744 3312 ardeo,
777 3252 847 3324 quo
873 3231 950 3322 plus
977 3232 1098 3324 loquor
1122 3231 1223 3324 plura
1248 3227 1342 3321 loqui

261 3351 370 3444 cupio,
392 3373 462 3444 qno
482 3352 619 3443 longius
637 3374 680 3424 eo
700 3352 889 3445 longiorem
907 3352 1002 3423 fandi
1023 3350 1205 3424 materiam
1225 3349 1339 3434 video,

149 3544 153 3550 .
197 3563 199 3568 Ι
261 3483 297 3546 et
321 3475 437 3546 minus
463 3475 596 3550 exitum
621 3474 783 3557 invenio;
815 3475 878 3546 sed
908 3475 1055 3568 epistola
1085 3473 1188 3545 linem
1221 3472 1341 3566 poscit.

261 3599 336 3669 Non
356 3598 470 3670 audeo
487 3597 627 3691 quidem
648 3597 787 3681 hortari,
808 3597 878 3669 imo
899 3617 984 3668 vero
1001 3618 1067 3668 nec
1088 3596 1342 3690 permitterent

262 3719 338 3790 talis
360 3719 425 3790 viri
446 3719 579 3792 exitum
600 3720 754 3813 ploretis,
782 3742 826 3790 ne
847 3721 945 3812 incrta
973 3715 1179 3792 sententiam
1208 3719 1341 3791 Cicero-

261 3842 315 3946 nis
340 3841 482 3914 invidiae
502 3842 739 3937 potiusquam
761 3841 920 3941 amicitiae
944 3843 1102 3914 videatur
1128 3842 1340 3936 complorare

261 3962 405 4036 felicem.
439 3965 525 4049 Quis
551 3966 643 4036 enim
671 3965 736 4036 nisi
771 3966 913 4039 invidus
947 3966 1096 4036 amicum
1131 3967 1260 4057 lugeat,
1296 3963 1340 4034 de

260 4105 362 4154 carne
383 4087 427 4157 ad
445 4087 612 4176 spiritum,
631 4087 675 4159 de
697 4087 799 4160 terris
817 4089 863 4161 ad
880 4090 1015 4171 eoelum,
1035 4087 1079 4159 de
1097 4085 1276 4159 laboribus
1295 4085 1339 4156 ad
