3078 4798
421 348 1036 406 uranaoururusouoruus.-ur1sroun
1062 351 1112 400 vu.
1252 339 1305 400 331

222 486 363 560 externi
382 484 462 556 belli
485 481 563 555 linis
584 482 789 576 principium
812 481 857 555 sit
877 481 1005 566 civilis,
1028 484 1124 576 quod
1148 505 1192 556 ne
1218 507 1311 556 nunc

223 609 372 694 accidat,
399 627 462 680 eos
492 616 561 678 tam
587 603 720 678 efficaci
747 606 890 690 utinam,
914 627 1018 699 quam
1046 603 1139 678 fideli
1165 609 1310 702 epistola

151 723 152 728 ’
221 754 336 828 nuper
355 731 515 804 hortatus
537 750 625 801 sum.
648 732 822 802 Hactenus
840 739 956 802 umen
973 738 1104 808 tractus
1125 732 1180 804 ille
1201 743 1311 807 terra-

223 877 302 926 rum
325 854 427 926 simul
448 861 484 924 et
501 853 652 925 adversa
672 873 753 944 pars
771 852 879 924 ltaliae
900 874 981 944 quae
1002 853 1139 948 Illyrico
1158 853 1309 938 adiacet,

223 996 352 1068 magno
371 974 539 1048 bellorum
560 975 704 1058 tonitru,
727 995 791 1045 neo
812 993 932 1066 parvae
959 973 1088 1066 stragis
1113 974 1223 1048 imbre
1248 976 1311 1048 de·

224 1095 520 1171 seviunthdhuo
532 1095 636 1181 enim,
652 1105 691 1167 ut
705 1094 815 1181 vides,
824 1096 1011 1168 lanuenses
1023 1106 1059 1167 et
1069 1095 1192 1168 Veneti
1205 1098 1240 1168 in
1254 1119 1310 1170 ar·

225 1219 291 1292 mis
309 1229 404 1302 suut;
420 1219 483 1304 uic,
504 1241 548 1292 ne
564 1219 708 1312 quidex
720 1228 841 1292 nostro
854 1241 951 1293 more
963 1219 1138 1314 depereat,
1154 1221 1309 1294 rodimus

223 1341 450 1436 rodimurque
487 1341 655 1425 vicIssim,
681 1352 716 1413 et
742 1363 805 1414 nos
834 1343 927 1434 ipsos
955 1354 1077 1416 mutuo
1101 1346 1308 1418 laceramus.

224 1464 345 1536 Omnis
366 1466 469 1560 plaga
485 1463 676 1536 Picentium
697 1485 846 1557 quorum
868 1463 972 1537 modo
993 1462 1126 1549 Ancon,
1148 1467 1243 1551 olim,
1272 1475 1310 1538 ut

159 1653 162 1658 .
225 1589 348 1659 Florus
368 1588 461 1660 idem
483 1588 545 1671 ait,
567 1585 734 1658 Asculum
751 1597 851 1682 capul
870 1597 960 1671 erut,
982 1607 1119 1682 semper
1136 1589 1310 1682 ambiguis

224 1709 417 1782 animorum
438 1708 602 1781 ductibus
622 1720 776 1782 aestuans
798 1687 1089 1804 reciprocansque
1114 1710 1307 1798 colliditur,

206 1842 262 1904 -et
283 1832 348 1905 soli
366 1831 486 1928 optimi
506 1833 624 1905 nativa
644 1833 800 1905 fertilitas
820 1833 1004 1906 colentium
1027 1833 1167 1926 ingenio
1187 1833 1311 1928 depra-

225 1965 338 2026 vatur.
357 1954 593 2027 Pulcherrima
613 1955 670 2026 illa
691 1955 888 2047 Campania,
909 1956 943 2025 in
965 1978 1036 2049 qua
1055 1947 1135 2026 olim
1154 1958 1309 2030 Plotinus

224 2073 280 2148 ille
301 2077 357 2147 vir
376 2077 554 2150 maximus
575 2076 693 2150 sedem
708 2080 875 2170 praeolaro
887 2078 957 2150 otio
971 2078 1113 2169 delegit,
1132 2102 1201 2171 qua
1223 2081 1310 2152 Her-

224 2197 321 2270 nicos
341 2209 445 2292 atque
465 2198 628 2292 Algidum
649 2199 840 2272 videtnon
864 2201 933 2272 iam
959 2199 1206 2295 philosophicis
1228 2212 1309 2294 apta

226 2322 439 2407 secessibus,
466 2324 530 2396 sed
553 2323 613 2396 vix
634 2323 828 2396 viatoribus
850 2327 1020 2406 tuta,'est
1044 2323 1146 2416 vagis
1172 2343 1311 2419 semper

225 2443 374 2518 obsessa
406 2446 622 2530 latrunculis
655 2451 725 2541 dua
756 2468 842 2518 vero
880 2446 1031 2539 Capuam
1062 2447 1310 2541 Neapolimque

224 2566 464 2660 complectitur
484 2577 519 2640 ct
539 2568 677 2640 nomine
697 2569 839 2640 nimium
861 2588 1023 2660 praesago
1040 2569 1146 2641 Terra
1163 2569 1309 2645 Laboris

224 2687 292 2762 dici
317 2689 436 2783 coepit,
458 2712 676 2763 communem
704 2690 807 2764 modo
831 2713 910 2764 curn
937 2689 1082 2786 Appulis
1108 2691 1308 2786 Brutiisque

223 2823 259 2884 et
278 2813 434 2888 Calabris
455 2823 595 2907 totoque
627 2835 735 2906 regno
768 2814 893 2886 Siciliae
924 2824 1050 2886 sortem
1072 2812 1193 2885 habet:
1215 2815 1308 2888 intus

224 2935 315 3007 enim
336 2947 440 3030 atquc
461 2947 562 3010 extra
581 2938 775 3010 concutitur
787 2959 828 3011 ac
842 2937 984 3010 laborat.
1001 2936 1127 3009 Habuit
1144 2937 1306 3030 equidem

223 3056 318 3130 orbis
339 3058 394 3130 ille
415 3080 518 3132 suum
541 3060 649 3132 solem
671 3060 860 3132 llohertum
883 3081 1058 3132 summum
1082 3059 1176 3131 illum
1198 3069 1234 3132 et
1253 3058 1307 3129 vi-

224 3203 301 3252 rum
321 3191 358 3252 et
378 3202 511 3274 regem,
540 3182 599 3275 qui
632 3204 702 3276 quo
732 3183 789 3254 die
824 3182 930 3254 rebus
950 3183 1112 3254 humanis
1138 3179 1305 3264 excessit,

223 3304 318 3397 quod
342 3306 387 3378 de
411 3307 552 3379 Platone
571 3306 710 3388 dicitur,
739 3306 791 3376 sol
815 3307 903 3378 coelo
927 3304 1099 3376 cecidisse
1134 3305 1244 3375 visus.
1271 3304 1308 3374 Si

223 3425 309 3498 mihi
333 3449 403 3500 non
427 3425 556 3513 credis,
583 3425 754 3520 agricolas
786 3425 976 3515 interroga,
1003 3444 1108 3518 qnam
1134 3425 1237 3514 longa
1262 3423 1308 3496 de
1419 3414 1429 3428 ‘

224 3567 333 3640 regno
352 3550 492 3646 eclipsis
512 3571 617 3644 quam
644 3548 736 3622 sceda
757 3548 887 3642 passim
914 3558 949 3619 et
977 3545 1087 3619 tristia
1112 3546 1220 3615 multa
1244 3567 1308 3638 per

205 3669 399 3764 ‚tenebras
422 3670 508 3742 Nam
530 3673 575 3744 de
595 3671 670 3764 ipsa
687 3691 791 3764 quam
809 3668 985 3741 inhabitas
1002 3689 1125 3761 parva,
1148 3665 1305 3749 otmunt,

224 3792 346 3879 Roma,
370 3803 408 3866 ut
432 3815 499 3886 ego
524 3794 678 3866 vocitare
702 3795 796 3866 soleo
820 3792 997 3887 Babylone
1023 3787 1235 3872 novissima,
1262 3809 1307 3858 ne

223 3913 318 4007 loqui
334 3917 476 4009 quidem
493 3925 549 3990 est
564 3935 724 3989 necesse:
743 3901 961 4008 usqueadeo
978 3935 1047 3986 non
1064 3922 1197 3984 tantum
1214 3909 1306 4003 apud
1438 3963 1440 3974 ,
1535 3941 1536 3968 i

224 4040 418 4129 proximos
442 4040 505 4112 sed
524 4039 617 4134 apud
641 4038 777 4112 Arabes
801 4046 906 4130 atque
931 4035 1035 4110 lndos
1059 4055 1199 4129 quoque
1225 4043 1306 4107 nota

224 4179 281 4229 res
301 4170 365 4232 est.
387 4162 497 4253 Perge
517 4182 609 4233 nunc
629 4161 744 4234 animo
762 4158 919 4231 ulterius:
938 4157 1044 4233 Gallia
1066 4157 1178 4231 omnis
1201 4164 1305 4249 atque
