2958 4804
271 361 330 420 ⁹254
607 372 647 418 DE
657 329 769 418 'REBUS
789 370 1011 418 assimulamus

271 511 330 580 tim
353 507 446 602 quod
463 509 499 580 in
520 508 588 580 fine
607 502 746 594 dixisti,
761 530 841 580 esse
861 506 925 578 tibi
945 507 1099 578 animum
1120 515 1158 579 ut
1178 509 1274 579 inter
1287 509 1358 578 Ve-

270 654 394 704 sevum
415 634 668 726 Falernumque
689 653 769 704 meo
787 631 926 702 nomine
943 631 1092 726 posteris
1109 632 1213 702 etiam
1232 633 1319 724 pros
1342 672 1359 682 -

269 767 384 827 turum
423 777 553 826 novum
584 755 732 826 suscites
767 755 988 826 Parnassum.
1023 756 1085 826 Cui
1114 766 1185 826 tam
1215 755 1356 827 liberali

268 879 443 972 proposito
460 882 577 950 faveat
595 879 726 949 utinam
746 881 884 950 fortuna
906 879 959 949 sui
977 879 1082 950 moris
1100 878 1205 951 oblita
1223 879 1356 950 tantis-

267 1024 343 1096 per,
365 1012 401 1072 et
420 1001 521 1072 claris
542 1000 679 1072 desinat
699 999 854 1072 invidere
880 999 1072 1093 principiis:
1098 1023 1161 1093 pro
1187 1021 1260 1092 quo
1292 1000 1354 1071 tibi

267 1135 303 1195 et
321 1145 478 1219 praesens
499 1135 586 1195 aetas
610 1132 646 1195 et
671 1123 826 1196 studiosa
846 1125 1028 1218 posteritas
1054 1144 1188 1194 mecum
1212 1125 1352 1214 gratias

253 1259 387 1342 agunt.
400 1249 485 1339 ugo,
501 1246 596 1340 quod
608 1245 652 1317 ad
666 1269 721 1318 me
739 1247 869 1331 attinet,
889 1247 955 1318 etsi
973 1246 1062 1318 duos
1079 1247 1276 1318 Parnassos
1296 1269 1355 1318 me

267 1369 395 1442 habere
416 1371 558 1463 glorier,
577 1383 692 1442 tamen
710 1371 850 1442 tertium
863 1391 930 1440 non
945 1390 1084 1452 recuso,
1105 1380 1164 1441 tuo
1179 1390 1351 1442 sonorum

265 1491 435 1585 Apolline,
459 1495 527 1565 tuis
546 1493 737 1565 habitatum
755 1493 877 1577 Musis,
899 1493 968 1563 tuis
985 1490 1204 1564 frondentem
1223 1493 1349 1577 lauris,

266 1616 336 1686 tuis
358 1617 498 1688 demum
524 1616 686 1708 auspiciis
711 1625 964 1686 consecratum.
990 1614 1081 1697 Quid
1108 1613 1247 1686 dicam?
1272 1613 1348 1686 Ma-

267 1737 433 1828 gnificum
454 1737 622 1830 estquod
641 1738 730 1830 agis
753 1735 1045 1830 magnificumque
1065 1736 1162 1831 quod
1181 1739 1347 1830 loqueris.

266 1859 353 1930 Illud
389 1857 769 1950 magnificentissimum
807 1873 911 1954 atque
944 1859 1211 1933 invictissimum
1244 1861 1350 1932 suerit

267 1984 475 2077 penitusque
496 1983 711 2069 Caesareum,
735 1983 765 2054 si
789 1984 912 2055 eadem
937 1983 993 2054 illa
1014 1980 1251 2074 magnitudine
1277 1993 1344 2068 tua,

266 2131 336 2201 qua
356 2127 450 2200 saepe
471 2107 556 2178 alios
576 2107 705 2193 vicisti,
725 2116 830 2179 temet
849 2107 962 2200 ipsum
984 2105 1087 2177 modo
1106 2106 1250 2190 viceris,
1272 2106 1345 2178 ani-

268 2253 432 2323 mumque
463 2233 551 2302 forte
581 2234 827 2314 reluctantem,
859 2230 914 2312 iis,
945 2249 1026 2323 quae
1051 2227 1113 2299 tibi
1138 2238 1173 2299 et
1201 2226 1346 2300 Iohanni

266 2353 392 2425 Barilio
413 2354 489 2426 viro
515 2354 657 2446 egregio
674 2353 867 2427 communis
890 2373 969 2423 mea
994 2355 1060 2423 fert
1083 2351 1347 2444 epistola,‘fide·

266 2475 356 2546 libus
378 2476 529 2548 consiliis
555 2476 701 2569 obsequi
725 2475 895 2568 coegeris,
922 2485 958 2546 et
983 2473 1195 2566 subiugum
1215 2474 1346 2544 veteris

267 2597 427 2669 amicitiae
457 2598 580 2670 redire.
613 2599 714 2680 Quod
747 2597 777 2670 si
802 2598 846 2671 de
876 2607 910 2668 tc
940 2597 1055 2690 deque
1087 2598 1156 2668 tuis
1188 2596 1346 2668 moribus

266 2741 336 2789 non
356 2722 462 2792 fallax
481 2723 667 2794 aestimatio
694 2743 770 2794 mea
800 2732 868 2807 est,
904 2721 1066 2814 quamvis
1087 2743 1253 2813 magnum
1279 2720 1346 2791 ira-

267 2842 405 2916 cundiae
426 2844 566 2928 iudicio,
585 2845 682 2917 facile
701 2854 816 2916 tamen
832 2844 877 2916 ab
893 2844 1105 2921 humanitate
1124 2852 1185 2915 tua
1203 2866 1262 2915 me
1282 2843 1345 2914 im-

267 2972 483 3056 petraturum
504 2986 615 3059 spero.
637 2967 688 3036 Tu
705 2965 787 3036 felix
806 2974 842 3038 et
862 2987 1000 3061 semper
1021 2965 1070 3038 tui
1090 2965 1214 3038 similis
1229 2967 1320 3038 vale.

410 3113 491 3170 Nouo
507 3115 646 3172 Kalendas
659 3117 746 3188 lunii,
762 3118 797 3173 ad
811 3119 916 3176 fontem
931 3121 1043 3192 Sorgiae.
