2958 4804
326 379 419 428 uranu
440 377 933 430 necinusrsnrrus.-amsroun
954 381 1006 430 vn.
1146 369 1205 432 tto

123 514 222 588 stitia
239 538 310 589 non
327 537 457 588 carere.
478 513 719 587 Assueverant
734 516 827 588 enirn
849 515 1057 590 filiifamilias
1079 517 1153 590 suis
1173 527 1209 590 et

122 638 321 710 amicorum
342 637 531 710 commodis
552 637 673 709 intenti
693 639 741 710 rei
763 639 940 711 familiaris
961 650 1022 712 aut
1042 641 1207 713 mercium

124 771 189 832 aut
221 761 378 854 loquacis
412 760 476 832 sori
505 763 685 854 strepitus,
726 772 830 856 atque
867 773 943 834 acta
979 763 1207 836 conscribere.

124 886 230 956 Nunc
256 903 377 956 omues
402 905 509 955 unum
535 884 686 975 agimus,
713 909 804 957 nunc
829 887 967 981 penitus
994 909 1115 959 verum
1140 896 1206 970 est,

125 1007 226 1102 quod
248 1005 297 1078 ait
316 1007 476 1078 Flaccus:

307 1182 474 1247 Scribimus
491 1184 602 1248 indocti
619 1185 758 1266 doctique
773 1194 910 1267 poemata
927 1185 1048 1268 passim.

130 1368 270 1438 Durum
292 1365 403 1438 solatii
424 1387 536 1458 genus
556 1368 683 1438 multos
700 1365 855 1440 laborum
878 1366 1057 1438 invenisse
1074 1365 1212 1461 partici-

130 1512 218 1587 pes:
247 1491 384 1562 mallem
418 1491 513 1560 solus
543 1497 736 1580 aegrotam
763 1490 829 1561 iarn
857 1500 892 1562 et
917 1489 1004 1562 meis
1034 1500 1069 1561 et
1091 1489 1212 1562 alienis

131 1613 236 1684 malis
254 1633 430 1696 exerceor,
449 1620 493 1696 et,
515 1613 545 1684 si
563 1611 734 1705 respirare
746 1612 892 1703 cupiam,
908 1635 976 1684 non
997 1613 1101 1684 sinor.
1120 1609 1213 1694 Quo-

133 1735 219 1807 tidie
244 1735 421 1828 epistolas
448 1735 602 1828 quotidie
626 1737 778 1808 carmina
812 1733 924 1807 omnis
950 1735 984 1804 in
1011 1743 1116 1828 caput
1147 1733 1214 1806 hoc

133 1857 247 1930 nostri
266 1857 361 1930 orbis
378 1861 529 1951 angulus
546 1857 643 1952 pluit:
662 1879 726 1930 neo
743 1858 828 1930 satis
845 1867 901 1930 est
917 1857 1122 1953 peregrinis
1144 1855 1229 1928 iam·

135 2004 201 2054 nec
225 1981 334 2054 Gallis
359 1982 477 2066 mod0,
506 1980 568 2054 sed
593 1982 705 2054 Graiis
730 1992 766 2053 et
790 1980 955 2052 Teutonis
980 1990 1016 2052 et
1039 1979 1214 2052 Britannis

136 2103 406 2197 tempestatibus
432 2104 623 2176 litterarum
655 2106 788 2196 pulsor,
820 2103 974 2174 omnium
1000 2103 1215 2196 ingeniorum

138 2227 280 2313 arbiter,
301 2227 369 2298 mei
386 2226 497 2320 ipsius
518 2226 672 2319 ignarus.
692 2226 727 2296 Si
744 2227 789 2298 ad
811 2225 948 2318 singula
969 2224 1216 2322 respondeam,

140 2349 428 2444 occupatissimus
442 2348 595 2421 omnium
614 2349 809 2422 mortalium
825 2373 832 2432 ;
856 2349 885 2420 si
902 2348 1073 2433 damnem,
1091 2369 1217 2420 censor

141 2474 299 2556 invisus;
320 2471 469 2544 blandus
490 2472 730 2566 mendaxque,
753 2471 783 2543 si
803 2473 957 2556 laudem;
983 2473 1136 2544 insolens
1158 2493 1217 2543 su-

142 2596 351 2691 perbusque‚
368 2595 397 2668 si
411 2604 553 2668 taceam.
573 2596 707 2669 Timent
722 2606 806 2691 puto
823 2617 867 2666 ne
884 2594 1011 2667 leutius
1031 2606 1216 2687 aegrotem:

142 2729 319 2814 compotes
341 2718 412 2790 voti
433 2719 569 2802 faciam,
591 2718 672 2790 hinc
692 2719 829 2790 illorum
849 2718 1006 2802 stimulis,
1028 2719 1109 2790 hinc
1129 2717 1217 2788 meis

142 2842 337 2916 ardoribus.
357 2841 448 2913 Nihil
467 2852 583 2914 actum
603 2851 687 2924 erat,
709 2841 776 2912 nisi
796 2851 831 2914 et
855 2843 891 2913 in
911 2840 1022 2936 ipsam
1040 2861 1218 2912 romanam

142 2965 277 3037 curiam
305 2962 396 3058 (quis
424 2960 613 3056 crederetl)
639 2962 832 3034 novissime
861 2964 974 3036 latens
1004 2960 1149 3035 morbus
1173 2961 1220 3033 ir-

144 3097 291 3184 reperet.
324 3085 416 3169 Quid
444 3085 534 3156 enim
570 3083 835 3159 iurisconsultus
867 3097 968 3181 putas
999 3110 1113 3180 agere,
1136 3084 1221 3181 quid

145 3212 325 3284 medicos?
348 3209 573 3282 Iustinianum
594 3208 662 3280 iam
688 3220 793 3302 atque
813 3210 1046 3306 AEsculapium
1069 3232 1138 3282 non
1158 3231 1221 3282 no·

144 3344 246 3406 runt:
280 3333 423 3406 clientes
457 3343 561 3426 atque
596 3352 710 3424 aegros
749 3335 922 3404 ululantes
954 3353 1024 3404 non
1060 3333 1221 3406 audiunt:

146 3455 407 3529 obsurduerunt
426 3455 518 3526 enim
540 3454 679 3528 Homeri
694 3453 899 3548 virgiliique
918 3455 1116 3526 nominibus
1135 3464 1223 3526 atto·

146 3578 223 3663 niti,
248 3588 285 3650 et
309 3578 355 3651 ad
388 3576 569 3671 strepitum
595 3577 699 3649 sontis
732 3575 833 3650 Aonii
864 3574 1060 3649 nemorosis
1090 3574 1223 3647 Cirrhae

148 3700 300 3773 vallibus
325 3699 537 3773 oberrantes.
565 3699 657 3782 Quid
682 3696 873 3769 minoribus
894 3695 1064 3770 monstris.
1078 3695 1225 3768 insisto?

150 3823 371 3917 Carpentarii,
389 3824 544 3906 fullones
563 3821 733 3914 agricolae,
752 3820 902 3892 desertis
920 3819 1046 3892 aratris
1065 3830 1101 3891 et
1120 3827 1225 3892 caete-

151 3967 268 4017 rarum
301 3945 427 4018 artium
452 3945 704 4029 instrumentis,
730 3945 775 4016 de
796 3943 905 4014 Musis
931 3951 967 4012 et
998 3943 1042 4014 de
1068 3940 1226 4036 Apolline

151 4066 358 4140 fabulantur.
376 4067 448 4139 Diei
466 4087 538 4154 non
557 4076 673 4162 potest
688 4087 792 4160 quam
812 4068 881 4137 late
897 4065 965 4137 iam
985 4075 1134 4159 vagetur
1150 4065 1226 4136 haec

154 4191 274 4281 pestis,
297 4214 379 4286 quae
398 4213 587 4286 paucorum
607 4215 718 4288 nuper
737 4191 915 4265 hominum
935 4188 1010 4262 tuit.
1032 4189 1067 4262 Si
1084 4209 1226 4263 causam
