2958 4804
371 352 464 402 LIBER
485 353 911 404 abducamus-tetsanae
936 357 1008 404 xvlt.
1171 343 1229 405 205

553 653 730 722 EPISTULA
751 656 831 722 XVII.

220 848 415 900 ratnmscbs
437 848 604 898 Parauaea
625 848 786 900 unrrflmo
807 847 911 898 tuneo
932 847 1168 898 ARCIIIDIACONO

628 947 653 995 S.
676 948 704 996 P.
726 947 756 995 Ι).
1146 943 1148 948 ’

157 1129 254 1184 Narrat
268 1143 366 1185 canem
381 1129 441 1184 eius
456 1131 622 1199 venaticum,
636 1135 783 1202 postquam
801 1130 860 1202 ipse
873 1102 1007 1201 discessit,
1021 1132 1135 1188 domum
1148 1148 1227 1189 suam

328 1219 454 1289 venIsse,
471 1225 498 1275 et
514 1221 597 1291 plura
613 1219 647 1272 de
661 1233 761 1274 canum
776 1217 904 1274 laudibus
918 1219 1049 1274 cumulat.

247 1462 351 1532 Canis
367 1472 448 1538 tuus
461 1463 538 1556 pice
554 1463 696 1555 nigrior,
716 1474 821 1536 vento
838 1463 961 1548 levi0r,
980 1485 1066 1536 eane
1083 1462 1225 1550 fidelior,

152 1595 182 1656 te
198 1584 370 1678 digresse,
387 1585 542 1659 substitit
558 1588 744 1678 erravitque
761 1589 831 1672 uio,
846 1585 940 1680 quod
952 1585 995 1660 de
1009 1587 1139 1659 Creusa
1151 1587 1228 1660 Vir·

150 1707 251 1799 gilius
274 1708 338 1780 ait:
359 1731 440 1781 nam
452 1709 547 1803 quod
561 1708 731 1802 sequitur,
754 1711 875 1780 lassum
894 1706 1062 1792 resedisse,
1078 1729 1147 1778 non
1168 1730 1228 1780 su-

149 1833 271 1927 spicor.
305 1832 428 1902 Nullus
458 1853 538 1904 eum
571 1853 710 1916 cursus,
747 1833 842 1904 nulla
872 1831 1067 1916 difficultas
1090 1832 1226 1908 viarum

149 1957 319 2049 asperitas
341 1955 434 2024 nulla
467 1954 630 2036 lassaret,
653 1953 712 2046 qui
731 1957 908 2026 volucrem
931 1956 1041 2027 soleat
1072 1977 1113 2026 ac
1143 1977 1228 2049 pen-
1299 1927 1306 1950 ’

148 2078 288 2150 dentem
310 2077 344 2146 in
366 2095 446 2146 aere
474 2078 625 2169 leporem
654 2073 845 2147 incredibili
871 2073 1048 2146 celeritate
1071 2095 1227 2170 praever-

148 2211 231 2272 tere.
257 2199 435 2270 Generosa
455 2199 595 2291 quidem
622 2197 784 2268 animalia
809 2197 906 2268 labor
938 2197 1011 2281 alit,
1040 2196 1227 2270 immodica

147 2325 246 2418 quIes
268 2331 379 2393 necat.
401 2320 458 2393 Sic
477 2319 583 2412 igitur
603 2338 720 2392 errore
741 2321 860 2412 procul
880 2318 1000 2404 dubio,
1018 2339 1087 2390 non
1107 2317 1226 2390 labore

148 2453 319 2517 retractus
340 2465 387 2515 ex
407 2443 542 2528 itinere,
564 2451 601 2512 et
620 2441 761 2514 amissis
783 2441 934 2526 indreiis,
957 2462 1026 2535 qua
1048 2451 1080 2512 te
1102 2462 1227 2534 seque-

148 2579 242 2640 retur
262 2567 443 2658 ignorans,
465 2564 551 2658 quid
571 2563 820 2638 moestIssimus
848 2567 989 2656 ageret?
1012 2563 1081 2635 Iret
1103 2562 1137 2635 in
1164 2564 1224 2636 sil-

147 2711 210 2762 vas
235 2688 368 2761 vietum
401 2687 465 2761 sibi
498 2688 637 2783 proprio
664 2686 779 2760 studio
799 2687 1033 2781 quaesiturus?
1052 2688 1164 2758 Facile
1189 2688 1226 2761 id

147 2814 287 2907 quidem
319 2813 482 2904 nulloque
515 2821 651 2908 poterat
682 2810 811 2896 labore,
845 2809 913 2882 nisi
945 2820 1069 2881 natura
1098 2831 1224 2904 parens

147 2935 352 3021 obstitisset,
378 2945 539 3040 quaeest
563 2945 602 3006 ut
626 2930 692 3005 hoo
716 2933 842 3006 animal
862 2935 982 3026 procul
1013 2931 1058 3006 ab
1087 2933 1225 3006 homine

146 3081 214 3132 non
234 3058 342 3130 vivat.
365 3059 393 3128 Il
414 3058 547 3130 cunetis
569 3057 662 3129 enim
683 3055 916 3130 animantibus
937 3079 1017 3151 quae
1038 3057 1104 3130 sub
1120 3056 1224 3130 obse·

147 3181 227 3274 quio
253 3181 404 3254 bominis
427 3190 522 3266 sunt,
544 3182 678 3252 nullum
698 3202 788 3252 cane.
807 3179 959 3266 fidelius,
981 3191 1021 3252 ut
1040 3184 1131 3253 lama
1155 3191 1220 3267 est,

146 3305 348 3397 nullumque
368 3304 462 3396 quod
488 3303 602 3375 serius
627 3302 672 3376 ab
696 3301 834 3376 bomine
860 3305 1055 3376 divellatur.
1081 3303 1224 3398 Accepi-

146 3449 240 3512 mus,
260 3426 433 3521 quasdam
459 3434 582 3518 gentes
610 3426 644 3498 in
665 3428 795 3522 praeliis
816 3451 939 3500 eanum
961 3427 1054 3500 acles
1074 3451 1138 3523 pro
1163 3429 1225 3500 sti-

146 3549 332 3642 pendiariis
350 3549 531 3636 habuisse,
547 3554 621 3644 qui,
639 3551 800 3644 quotiens
820 3573 908 3644 opus
931 3560 1041 3633 esset,
1062 3548 1223 3623 fidelissi-

147 3692 238 3743 mam
258 3693 397 3765 operam
416 3684 586 3746 navantes
606 3696 784 3766 nunquam
804 3675 960 3767 praelium
980 3676 1221 3748 detrectarent.

146 3794 321 3886 Legimus,
334 3795 504 3888 quosdam
519 3818 622 3869 canes
636 3796 737 3868 morti
753 3818 791 3868 se
805 3820 867 3891 pro
882 3796 1030 3869 dominis
1041 3796 1220 3880 obiecisse,

146 3924 179 3984 et
196 3919 283 3992 alios
305 3920 448 4012 quidem
469 3941 553 3992 suos
575 3930 717 3992 strenue
737 3942 777 3992 ac
797 3919 939 3992 feliciter
955 3919 1000 3992 ab
1019 3918 1143 3989 iniuria
1160 3917 1221 3990 de-

148 4037 307 4112 fendisse.
343 4040 438 4113 Alios
472 4063 539 4113 non
573 4041 688 4113 minus
721 4039 869 4112 fideliter
892 4043 955 4116 sed
975 4039 1089 4112 minus
1109 4041 1221 4111 fauste

148 4162 345 4254 protexIsse
377 4163 522 4251 tamdiu,
550 4165 659 4238 donec
689 4166 752 4260 ipsi
778 4166 1055 4252 confoderentur,
1078 4173 1128 4248 ut,
1154 4164 1220 4236 nisi
