2988 4800
387 385 389 391 ’
441 413 1014 465 urnaeuuoaaruus.-rr1sromu.
1208 406 1262 468 107

612 670 789 736 epistota
811 673 842 736 ll.

255 835 453 886 FRANGISGUS
473 836 642 887 revolvet
662 838 795 889 IOHANNI
815 839 857 890 DE
879 839 1048 891 cunvltuo
1071 841 1097 891 S.
1114 843 1142 892 P.
1160 843 1191 892 o.

355 995 488 1062 Quaedam
503 995 626 1050 carmina
638 995 664 1050 ei
679 997 779 1052 mittit:
800 997 944 1054 adversam
958 997 1099 1062 fortunam

386 1089 413 1140 et
428 1085 531 1140 caedem
545 1084 638 1140 iacobi
653 1083 680 1139 II
694 1083 877 1142 Carrariensis
892 1088 1070 1143 lamentatur.

283 1302 450 1392 Magnum
467 1309 605 1396 tempus
620 1300 755 1372 effluxit
771 1320 817 1371 ex
829 1321 900 1393 quo
912 1321 1054 1372 carmen
1068 1309 1165 1372 tuum
1179 1321 1267 1373 ouu-

186 1433 280 1496 stum
300 1421 526 1516 querimoniis
546 1423 591 1495 ad
611 1443 666 1493 me
686 1422 792 1496 venit.
811 1420 931 1507 Cuius,
954 1432 1124 1515 quantum
1144 1423 1267 1496 memi-

186 1547 283 1618 nisse
294 1547 405 1629 valeo,
420 1566 558 1616 summa
570 1556 653 1629 erat,
669 1545 771 1639 quod,
785 1567 865 1616 oum
878 1544 968 1616 inter
980 1545 1145 1638 vulgares
1158 1546 1265 1619 etiam

186 1670 419 1763 profanosque
443 1667 565 1740 crebra
590 1667 650 1740 otii
674 1668 742 1739 mei
767 1668 997 1760 vulgarentur
1022 1669 1205 1762 opuscula,
1229 1679 1267 1741 tu

188 1815 297 1878 unus,
320 1815 390 1886 quo
412 1813 514 1863 nemo
533 1813 648 1863 rerum
670 1813 824 1865 mearum
845 1782 1075 1885 appetentior,
1098 1811 1201 1862 nemo
1221 1811 1268 1862 ex

188 1915 238 1986 eis
253 1917 410 1986 solamen
429 1913 561 2006 gratius
579 1924 818 2009 pereepturos
837 1936 965 2008 expers
983 1914 1101 1987 talium
1119 1913 1269 1987 habere-

187 2036 247 2106 ris.
270 2037 334 2108 Cui
354 2045 436 2107 tuno
455 2035 586 2130 aliquot
604 2037 799 2109 versiculos
816 2035 963 2120 reddidi,
985 2037 1172 2108 festinante
1192 2035 1269 2130 qui-

187 2157 268 2230 dem
289 2158 436 2243 calamo,
459 2179 528 2230 non
549 2157 651 2230 aliam
677 2157 723 2230 ob
746 2179 888 2230 oausam
913 2156 981 2230 nisi
1005 2177 1050 2228 ne
1076 2159 1266 2228 lamentum

189 2291 287 2352 tuum
309 2281 509 2373 neglexisse
529 2302 584 2352 me
603 2281 778 2367 crederes
800 2278 1014 2371 eosdemque
1033 2279 1097 2350 vix
1122 2279 1168 2351 ad
1191 2278 1268 2351 exi-

188 2411 263 2474 tum
284 2401 471 2496 perductos
504 2403 595 2475 inter
630 2404 793 2476 contusos
827 2402 1077 2496 seripturarum
1110 2402 1268 2473 cumulos

189 2525 342 2622 perdidi:
356 2527 425 2621 qui,
444 2527 523 2600 licet
543 2548 637 2621 saepe
659 2549 729 2600 nou
749 2524 850 2618 segni
872 2525 988 2598 studio
1009 2523 1162 2619 quaesiti,
1180 2546 1270 2596 nun-

188 2671 294 2742 quam
315 2657 438 2744 postea
459 2649 526 2722 sub
545 2650 665 2723 oeulos
685 2669 783 2722 meos
809 2647 1010 2733 redierunt,
1036 2670 1128 2721 nuno
1154 2657 1270 2720 tamen

189 2772 306 2845 subito
325 2781 454 2867 praeter
474 2794 572 2868 spem
594 2793 673 2846 sese
693 2771 810 2866 agenti
832 2771 927 2844 aliud
951 2769 1187 2862 ingesserunt.
1213 2771 1269 2841 ln-

190 2895 436 2989 tempestivum
457 2898 567 2991 primo
588 2897 703 2968 visum
722 2905 778 2968 est
796 2916 858 2968 eos
884 2893 930 2964 ad
959 2903 993 2966 te
1026 2894 1173 2966 mittere.
1200 2893 1269 2966 Sed

190 3019 367 3113 quoniam,
390 3028 429 3091 ut
447 3041 515 3112 ego
536 3020 657 3104 sentio,
675 3028 711 3090 et
727 3017 793 3113 ipsi
813 3017 915 3090 etiam
931 3015 968 3088 in
989 3015 1060 3090 fine
1081 3023 1267 3100 testantur,
1373 3107 1376 3116 ,

190 3152 310 3213 nostra
323 3140 385 3212 tibi
397 3141 512 3213 omnia
524 3141 690 3237 placitura
702 3139 918 3226 ooniidimus,
934 3143 1068 3212 mutare
1083 3137 1268 3212 eonsilium
1340 3206 1350 3219 „

190 3264 303 3349 libuit,
327 3265 430 3337 simul
449 3272 488 3336 ut
507 3286 563 3336 me
583 3265 716 3357 pridem
734 3263 802 3348 tihi,
822 3263 907 3336 dum
924 3261 1078 3356 perditos
1092 3259 1267 3345 nunciavi,

190 3409 260 3460 non
281 3385 361 3459 fieta
380 3389 533 3460 locutum
553 3387 775 3480 intelligeres.
790 3386 903 3458 Unum
920 3395 1016 3457 tanto
1033 3385 1199 3478 temporis
1218 3383 1270 3453 in·

193 3514 338 3586 tervalio
350 3513 551 3584 nominatim
565 3511 754 3598 addidisse,
770 3532 815 3583 ne
826 3532 896 3604 qua
909 3531 955 3582 ex
969 3518 1066 3605 parte
1079 3517 1113 3579 te
1126 3509 1266 3588 lateam,

191 3655 301 3728 prope
329 3633 563 3706 neeessariam
594 3632 766 3705 duxerim.
798 3632 833 3702 Si
853 3630 994 3725 quidem
1020 3648 1163 3701 carmen
1185 3624 1269 3697 illud

192 3779 308 3828 meum
329 3757 411 3829 olim
429 3756 490 3828 tibi
507 3755 688 3850 seriptum,
707 3779 799 3828 nune
819 3755 961 3828 demum
982 3753 1027 3825 ad
1047 3761 1082 3823 te
1101 3747 1266 3832 veniens,

191 3901 248 3952 me
265 3902 343 3952 oum
357 3881 494 3952 fortuna
506 3901 606 3974 paene
623 3879 735 3973 aequis
753 3877 888 3950 viribus
905 3894 1135 3967 congressum
1155 3881 1191 3944 et
1207 3891 1270 3943 ve-

193 4005 244 4075 lut
263 4003 299 4074 in
320 4003 394 4076 acie
413 4002 627 4075 laborantem
646 4002 706 4074 tibi
727 4000 860 4086 offeret,
883 4020 953 4071 non
975 4001 1091 4070 tamen
1108 3995 1185 4068 sine
1206 4015 1268 4088 spe

195 4147 322 4217 magna
341 4125 507 4196 victoriae.
527 4124 597 4196 lam
616 4144 672 4195 me
688 4121 782 4194 haud
799 4120 905 4193 dubie
922 4119 1104 4205 victorem,
1122 4114 1191 4189 nisi
1207 4117 1269 4188 ial—
1292 4145 1296 4156 ·

193 4249 257 4332 lor,
276 4245 351 4319 dies
369 4247 504 4340 longior
524 4245 616 4317 iecit.
637 4245 797 4318 Vivendo
814 4244 917 4318 didici
935 4243 1019 4314 vitae
1038 4240 1127 4314 bella
1145 4247 1269 4313 tracta-
