3024 4802
334 395 476 444 vurrann
499 391 967 450 monoschemus-umerum
988 389 1027 439 tv.
1190 373 1249 438 525
1333 359 1338 368 '

167 538 265 625 larga
286 531 430 603 materia
442 541 497 602 est
509 530 554 601 de
568 527 760 622 prudentia,
781 525 825 597 de
846 523 923 610 fide,
942 525 987 597 de
1006 523 1186 609 industria,
1204 522 1249 596 de

167 654 338 741 facundia,
366 653 410 724 de
429 649 737 743 circumspectione
759 647 938 742 multiplici
951 648 1157 739 caeterisque
1176 643 1248 718 vir·

168 777 299 849 tutibus
325 773 476 847 hominis
503 773 607 844 huius
629 771 737 863 loqui,
767 769 834 842 nisi
854 770 936 862 quia
961 777 1071 840 totum
1093 766 1169 853 tibi,
1193 789 1249 838 sa-

165 897 381 996 pientissime
399 892 604 992 principum,
618 903 723 986 atoue
740 892 988 966 existimationi
1007 901 1076 962 tuae
1093 887 1250 960 commit-

167 1020 310 1092 tendum
344 1018 494 1101 credidi,
529 1015 590 1110 qui
626 1037 724 1100 eum,
757 1013 793 1085 in
830 1035 901 1106 quo
939 1014 1040 1085 stilus
1073 1011 1129 1082 hic
1162 1012 1249 1082 lorte

167 1142 426 1226 succumberet,
455 1138 607 1211 metieris
634 1138 776 1219 eximie,
809 1136 839 1206 si
869 1135 1043 1230 respicere
1072 1155 1114 1206 ac
1143 1152 1249 1205 nosse

166 1262 366 1356 dignaberis
395 1261 567 1356 profundo
600 1271 635 1332 et
666 1259 832 1332 infallibili
866 1271 926 1330 tuo
958 1258 1088 1331 divinae
1122 1254 1248 1328 mentis

167 1384 302 1458 intuitu.
334 1386 408 1456 Tuo
427 1384 534 1477 igitur
554 1383 670 1455 virum
699 1383 793 1454 hunc
821 1382 964 1454 arbitrio
985 1379 1185 1453 aestimahis.
1213 1379 1249 1449 Si

167 1531 237 1601 qua
253 1508 338 1580 mihi
358 1508 453 1601 apud
482 1516 530 1589 te,
553 1508 672 1580 Caesar
696 1506 939 1590 invictissime,
962 1503 1051 1578 fides
1075 1515 1139 1586 cst,
1162 1501 1250 1575 scito

166 1633 281 1703 virum
314 1629 442 1703 bonum
469 1651 563 1715 esse,
592 1629 780 1722 multisque
809 1631 867 1701 vel
896 1640 1032 1701 naturae
1064 1629 1121 1700 vel
1143 1626 1250 1698 studii

167 1752 307 1826 dotibus
327 1763 500 1837 ornatum,
527 1764 576 1837 et,
600 1760 637 1824 ut
656 1750 768 1824 dicam
790 1751 960 1836 breviter,
982 1751 1097 1823 virum
1124 1772 1185 1843 per
1211 1770 1250 1822 se

167 1876 296 1968 ipsum,
318 1875 386 1948 nisi
406 1877 494 1947 lorte
521 1897 576 1946 me
605 1896 703 1947 amor
730 1873 828 1959 fallit,
852 1874 963 1966 gratia
983 1882 1019 1944 et
1038 1874 1251 1945 benevolen-

168 1996 215 2067 tia
234 1996 377 2086 dignum
407 2006 477 2066 tua.
498 1994 642 2067 Accedit
673 1995 768 2086 quod
793 2004 829 2065 et
855 1996 945 2066 sacri
969 1993 1104 2088 imperii
1129 1993 1250 2085 tuique

168 2116 317 2190 nominis
338 2116 586 2190 devotissimus
613 2139 753 2210 semper
772 2115 836 2188 fuit
854 2125 891 2188 et
911 2115 1066 2210 apprime
1086 2114 1249 2188 fidelibus

170 2242 237 2312 tuis
261 2261 375 2312 carus.
402 2238 579 2332 Siquidem
605 2239 848 2330 magnanimus
874 2237 954 2309 olim
981 2237 1038 2307 vir.
1064 2247 1099 2309 et
1119 2257 1249 2308 memo-

168 2362 287 2434 rabilis
317 2361 514 2456 Stephanus
539 2360 584 2434 de
609 2360 788 2446 Columna,
809 2360 909 2433 cuius
935 2381 1019 2450 erga
1040 2357 1251 2450 gloriosissi·

169 2508 263 2556 mum
296 2506 402 2556 avum
433 2495 531 2555 tuum
558 2485 751 2554 Romanum
779 2484 1025 2576 Imperatorem
1057 2479 1145 2553 fides
1178 2489 1250 2553 toto

168 2607 252 2680 orbe
273 2605 456 2679 notissima
476 2616 544 2690 est,
559 2615 594 2677 et
614 2604 675 2699 qui
695 2605 788 2678 diem
809 2617 905 2678 tuum
928 2615 1040 2697 teque,
1055 2624 1159 2697 quem
1179 2625 1250 2676 non

168 2732 268 2805 aliter
284 2752 389 2823 quam
415 2727 591 2814 Christum
611 2728 748 2800 Simeon
764 2727 986 2820 expectabat,
1008 2728 1129 2800 videre
1153 2725 1251 2798 senio

167 2853 282 2926 victus
303 2860 338 2924 et
357 2860 561 2944 praeventus
581 2859 692 2924 morte
713 2873 782 2922 non
802 2850 926 2944 potuit,
954 2849 1048 2922 bunc
1068 2849 1192 2922 dilexit
1210 2859 1250 2920 ut

164 2973 291 3047 lilium:
310 2982 381 3047 tota
401 2974 477 3046 eius
496 2993 668 3066 generosa
688 2971 816 3045 familia
839 2972 931 3044 hunc
949 2982 986 3044 ut
1008 2974 1150 3044 fratrem
1171 2991 1250 3063 ger-

167 3116 308 3168 manum
330 3117 468 3188 semper
488 3117 607 3170 amore
627 3098 811 3189 complexa
830 3107 895 3168 est.
921 3094 1093 3168 lohannes
1114 3093 1159 3166 de
1184 3095 1249 3166 Co-

166 3221 286 3290 lumna
315 3215 406 3286 illius
440 3218 605 3311 Stephani
638 3219 756 3309 magni
782 3239 905 3311 nepos,
936 3218 1175 3291 nobilissimus
1208 3239 1250 3290 ao

166 3338 379 3413 fortissimus
400 3337 615 3421 adolescens
639 3340 704 3410 sed
729 3339 870 3410 infausti
894 3340 1012 3411 exitus
1033 3354 1068 3412 et
1088 3340 1172 3412 vitae
1197 3339 1250 3412 ni-

166 3463 275 3534 mium
296 3460 428 3546 brevis,
449 3481 552 3554 quem
573 3459 695 3553 quanti
712 3461 844 3532 laceres
864 3460 894 3533 si
907 3460 1047 3532 aliunde
1065 3461 1247 3547 nescirem,

166 3606 214 3657 ex
234 3606 277 3657 eo
296 3581 414 3665 didici,
433 3582 527 3675 quod
548 3582 712 3656 antehoc
731 3585 840 3654 terne
861 3584 1090 3678 septennium,
1112 3605 1192 3655 cum
1215 3592 1274 3654 te¹

168 3707 319 3798 primum
354 3704 473 3779 divina
506 3705 724 3798 providentia
761 3704 807 3778 ad
839 3707 1032 3777 Romanum
1065 3705 1248 3800 imperium

166 3829 364 3912 erexisset,
398 3839 503 3919 tuque
537 3828 583 3898 ad
612 3828 802 3900 Romanam
830 3827 975 3912 curiam,
1002 3848 1083 3928 quae
1109 3828 1250 3902 deserto

167 3948 282 4020 Tiberi
303 3971 395 4020 nunc
415 3948 621 4022 Rhodanum
644 3951 738 4034 colit,
760 3972 803 4022 eo
825 3959 977 4042 tempore
998 3951 1173 4035 venisses
1190 3951 1248 4023 ubi

169 4079 249 4141 tunc
264 4069 323 4142 tibi
340 4071 418 4142 licet
433 4071 628 4164 incognitus
641 4071 828 4164 degebam,
845 4072 917 4146 vidi
935 4074 967 4144 in
985 4072 1123 4166 publico
1141 4073 1249 4147 maie·

169 4201 293 4266 statem
315 4205 407 4268 tuam
450 4195 540 4268 illius
566 4196 722 4270 humeris
741 4195 954 4270 familiariter
970 4195 1124 4270 innixam
1144 4197 1247 4269 strin-
