3024 4802
337 416 429 464 arnan
451 415 916 467 commonemus-smmum
936 417 1002 466 xm.
1159 405 1217 468 tlt)

139 554 269 647 gravis.
291 553 358 624 Pro
378 550 518 646 publico
541 551 633 624 enim
658 549 749 623 bono
781 551 898 622 nullus
932 551 1088 644 privatus
1121 547 1218 623 labor

139 699 209 750 non
229 676 337 748 lacilis
360 675 472 747 videri
490 673 604 747 debet.
627 673 775 745 Proinde
794 672 885 746 banc
904 673 950 744 ob
974 693 1117 744 causam
1149 696 1219 745 non

138 801 242 874 aliam
262 797 307 870 ab
327 796 394 870 hoc
414 797 583 889 Ligurum
604 807 789 889 regnatore
808 796 939 868 missus
971 795 1025 868 adw
1042 795 1218 868 Caesarem

138 919 351 1016 proficiscor,
374 941 549 1013 quamque
570 918 732 1003 mittenti,
756 929 990 1012 susceptoque
1015 917 1141 991 efficax
1156 941 1219 992 na·

139 1042 234 1136 gotio
254 1063 310 1114 res
330 1040 484 1114 docebit:
506 1041 591 1113 mibi
612 1063 698 1114 vero
715 1051 863 1113 eatenus
887 1040 1078 1134 morigeror
1109 1053 1148 1114 ut
1179 1042 1219 1114 il-

139 1165 227 1248 lum,
246 1185 326 1236 cum
346 1182 417 1256 quo
438 1159 567 1235 absens
585 1161 709 1236 litteris
726 1161 775 1233 nil
794 1161 936 1257 profeci,
952 1183 1039 1234 voce
1058 1183 1218 1255 praesens

138 1287 271 1360 feriam.
293 1283 466 1379 Litigabo,
485 1306 702 1379 arguamque
722 1306 816 1370 eum,
845 1271 885 1356 ¹et
915 1294 1067 1357 statuam
1098 1297 1219 1358 contra

138 1411 261 1482 faciem
280 1411 356 1482 eius
374 1410 464 1482 banc
483 1407 694 1500 degenerem
714 1419 751 1479 et
763 1408 933 1480 Caesareis
955 1406 1109 1480 moribus
1130 1407 1218 1480 indi-

139 1555 244 1626 gnam
265 1537 399 1626 fugam,
421 1542 460 1604 ut
481 1531 511 1602 si
531 1531 616 1602 nulli
636 1531 717 1602 usui
736 1529 803 1602 iter
822 1529 889 1602 hoc
909 1551 1027 1603 meum
1048 1531 1103 1615 sit,
1123 1541 1218 1602 certo

139 1662 275 1752 legatus
296 1657 371 1750 ipse
391 1653 476 1727 mibi
493 1657 602 1728 luero.
628 1654 744 1726 Primo
776 1654 869 1725 enim
900 1674 982 1747 quae
1015 1652 1215 1738 commissa,

137 1791 218 1876 post
237 1799 398 1852 seorsum
417 1798 498 1871 quae
514 1787 680 1872 concepta
699 1775 783 1848 mibi
811 1788 893 1850 suut
923 1798 1101 1872 peragam.
1134 1777 1219 1851 Utar

136 1898 296 1973 libertate
313 1921 393 1972 mea
412 1909 448 1970 et
468 1898 619 1970 Caesaris
639 1910 717 1970 utar
736 1897 913 1992 patientia.
936 1899 991 1972 Sic
1011 1921 1067 1972 me
1080 1901 1216 1984 saltem,

138 2021 189 2096 sic
206 2021 337 2094 ltaliam
357 2031 393 2091 et
413 2019 590 2091 desertum
611 2020 796 2112 imperium
815 2020 973 2093 ulciscar.
1007 2020 1130 2094 Orobis
1155 2044 1220 2116 pro

137 2145 227 2216 felici
253 2143 380 2228 reditu,
402 2152 622 2234 postquem,
645 2152 819 2234 utsper0‚
851 2140 902 2213 sic
934 2140 971 2212 in
999 2142 1219 2216 solitudinem

138 2277 233 2338 totus
253 2265 457 2356 immergar,
477 2273 515 2336 ut
534 2265 651 2334 nullus
673 2262 721 2335 ibi
742 2284 798 2334 me
831 2260 930 2335 labor
964 2262 997 2360 (o
1021 2265 1108 2358 quid
1139 2276 1221 2338 ante

139 2386 363 2480 sepulchrum
385 2382 539 2480 sperui),
553 2387 671 2457 nullus
688 2406 745 2456 me
762 2383 929 2459 nobilium
947 2398 1119 2459 scrutator
1135 2389 1220 2460 late-

137 2507 391 2582 brarumlivor
416 2507 580 2580 inveniat.
607 2508 693 2580 Vale
718 2507 827 2580 nostri
847 2530 992 2581 memor.

280 2655 445 2724 Mediolani,
465 2671 643 2729 prepropere
662 2662 691 2712 et
708 2657 782 2714 inter
800 2658 952 2715 tumultum
971 2659 1122 2716 sarcinulas
1138 2660 1220 2716 strin-

352 2743 487 2816 gentium.
503 2745 577 2800 XIV.
594 2745 656 2801 Kal.
672 2745 755 2802 Iunii.

546 3166 723 3232 Epistola
744 3169 813 3232 xlv.

219 3351 413 3402 FRANGISCUS
434 3350 603 3400 seruanda
623 3350 801 3402 ruanclsco
822 3351 929 3403 Pliliilil
950 3353 1140 3406 saltarentur

493 3453 725 3505 APOSTOLORUM
745 3453 772 3504 S.
794 3455 822 3505 P.
840 3455 869 3504 b.

156 3615 283 3674 Rediisse
298 3633 329 3674 se
344 3633 359 3673 e
375 3617 532 3688 Germania,
547 3618 723 3690 amicumque
736 3633 819 3675 suum
832 3617 872 3673 illi
885 3619 1108 3675 commendatum
1121 3619 1199 3677 velle.

240 3843 288 3926 Te
308 3853 502 3929 meditabar
522 3853 657 3940 abiens,
682 3865 715 3926 te
728 3875 894 3928 reversus
907 3854 1064 3930 meditor.
1078 3857 1148 3929 Sed
1159 3857 1220 3951 qui

140 3989 221 4054 tuno
243 3975 378 4050 suffecit
396 3978 531 4069 paueiS,
551 3999 646 4048 nunc
666 3979 773 4050 multa
791 3976 923 4050 iubenti
941 3979 1056 4052 animo
1073 3999 1221 4072 occupa·

140 4100 205 4173 tior
227 4101 330 4173 solito
350 4102 506 4172 calamus
528 4121 597 4172 non
619 4101 754 4173 sufficit.
779 4101 897 4194 ltaque
918 4100 1030 4194 poscit
1050 4101 1217 4186 inducias,

138 4243 228 4315 quas
250 4244 292 4296 ue
314 4245 439 4315 negem
465 4224 630 4316 temporis
662 4248 799 4318 premor
831 4226 1014 4318 angustiis.
1044 4227 1219 4300 Reducem
