3062 4798
396 313 488 367 trouu
510 319 777 368 stsxrttsbttctttus
790 329 829 350 -·
840 319 993 368 Ertsrota
1016 321 1070 369 llll.
1213 309 1268 370 401

192 446 357 527 oblivioni
376 454 425 526 sic
443 455 593 526 humana
613 454 722 547 pictas
744 455 913 550 opposuit,
934 462 972 526 ut
989 455 1032 526 de
1049 454 1104 525 die
1127 455 1161 526 iu
1180 457 1270 528 diem

192 587 273 650 vota
309 587 428 648 nostra
455 575 655 660 reddamus,
689 588 864 671 postremo
890 588 926 648 et
950 577 1106 671 epistolae
1138 589 1207 650 tuae
1236 591 1273 650 et

191 699 381 796 amicorum
403 697 534 782 litteris,
559 698 674 768 multis
696 699 1060 792 inquammagnisque
1081 701 1186 771 rebus
1209 703 1271 772 vix

192 842 260 891 una
283 841 391 912 parva
412 842 493 891 nox.
515 817 570 890 Ad
592 841 752 892 auroram
776 843 813 892 se
836 831 1021 892 venturum
1044 821 1194 900 minatus
1215 834 1271 894 est

191 943 347 1026 nuntius,
371 954 406 1013 ot
430 942 554 1014 faciet:
577 965 656 1014 nam
678 954 713 1014 et
735 966 836 1016 suum
859 944 992 1035 geritur
1012 945 1213 1034 negocium,
1235 955 1270 1016 et

190 1089 270 1139 oum
292 1088 370 1138 sero
395 1065 517 1138 litteris
543 1077 703 1144 onustam
727 1066 810 1138 mihi
832 1068 1023 1160 porrigeret
1044 1089 1196 1150 manum,
1220 1068 1235 1134 f
1254 1107 1269 1118 -

189 1190 277 1262 ciem
299 1188 494 1260 festinantis
512 1189 646 1282 aspexi.
666 1189 734 1260 Sed
751 1188 836 1280 quid
854 1188 1008 1260 solicitus
1033 1193 1136 1261 sum‘?
1156 1190 1268 1260 minor

188 1311 302 1382 luerat
322 1331 393 1381 nox
413 1310 549 1394 Vulteii,
568 1331 638 1400 qua
657 1311 758 1384 lando
775 1310 885 1402 potuit
905 1309 1046 1404 trepidis
1065 1321 1145 1381 ante
1161 1309 1269 1381 comi-

189 1431 283 1503 tibus
307 1454 461 1504 amorem
482 1433 603 1503 mortis
625 1431 794 1522 ingerere.
818 1433 917 1523 Saepe
938 1433 1131 1527 perexiguo
1157 1434 1268 1526 spatio

189 1575 316 1644 magna
336 1556 561 1647 complentur.
580 1555 654 1648 Non
677 1562 744 1625 tam
767 1553 875 1625 breve
893 1563 1029 1646 tempus
1047 1565 1109 1639 ost,
1126 1564 1164 1626 ut
1178 1557 1267 1626 lama

188 1675 354 1768 loquitur,
383 1676 545 1768 quamvis
567 1676 755 1750 admodum
777 1675 885 1746 breve
907 1675 973 1760 sit;
999 1683 1084 1770 puto
1104 1676 1196 1746 enim
1222 1677 1267 1748 ad

189 1801 294 1868 multa
316 1798 498 1882 sufficeret,
521 1798 588 1868 nisi
606 1798 691 1870 illud
713 1808 831 1870 nostra
853 1798 1017 1890 segnities
1039 1811 1266 1890 angustaret:-

188 1921 306 1992 laxare
327 1919 410 1990 illud
427 1930 482 1990 est
501 1919 647 2004 animus,
670 1919 714 1990 de
736 1941 805 2010 quo
826 1923 974 1992 tortasse
991 1923 1065 2003 erit,
1085 1931 1123 1992 ut
1140 1922 1266 1994 alicubi

188 2041 342 2133 pluribus
365 2041 409 2112 ad
431 2051 464 2112 te
486 2040 645 2112 scribam.
669 2041 769 2125 Quod
789 2040 834 2111 ad
854 2041 944 2113 hauc
966 2043 1088 2112 attinet
1113 2052 1264 2127 noctem,-

188 2163 327 2234 tentabo
349 2163 376 2232 si
398 2174 433 2233 et
452 2163 571 2235 oculos
594 2165 705 2234 fessos
727 2160 823 2232 brevi
847 2183 968 2235 somno
989 2165 1115 2247 fallere,
1134 2174 1169 2234 et
1187 2185 1266 2234 sena

187 2285 311 2356 tentias
342 2288 463 2376 longas
491 2283 656 2356 brevibus
682 2283 801 2354 verbis
828 2285 987 2378 amplecti
1017 2305 1154 2376 queam.
1182 2285 1266 2355 Mihi

185 2406 334 2500 quidem,
358 2407 474 2490 amice,
495 2404 791 2477 luculentissimus
811 2404 968 2498 epistolae
988 2413 1057 2476 tura
1077 2416 1175 2476 tenor
1193 2409 1265 2478 sole

185 2529 313 2600 clarius
333 2529 484 2599 animum
513 2527 695 2599 scribentis
721 2525 882 2600 ostendit.
909 2525 1046 2596 Anxius
1071 2548 1122 2610 es,
1151 2539 1185 2598 et
1210 2550 1265 2598 re›

186 2674 261 2721 rum
284 2672 438 2721 mearum
463 2649 635 2742 torqueris
656 2648 945 2741 eventibusque
964 2671 1019 2718 me
1038 2669 1152 2732 voces
1174 2649 1265 2721 unde

186 2771 355 2856 retrahas,
378 2772 462 2864 quid
487 2771 532 2843 de
555 2794 609 2842 me
631 2792 764 2863 spereS,
792 2769 921 2862 quidve
944 2770 1030 2840 mibi
1052 2778 1186 2842 metuas
1213 2772 1264 2840 in-

185 2904 320 2976 certus3
348 2916 367 2965 e
393 2893 520 2988 quibus
547 2895 650 2966 animi
678 2893 841 2966 fluctibus
870 2894 920 2966 sio
941 2896 1102 2986 emergis,
1126 2906 1164 2965 ut
1184 2896 1264 2964 laeta

187 3014 244 3085 tihi
268 3016 407 3086 tandem
430 3016 473 3086 de
495 3039 550 3086 me
571 3015 687 3087 omnia
707 3027 741 3088 et
758 3016 878 3088 votiva
895 3015 1076 3109 pollicitus
1097 3016 1264 3108 conquie-

185 3157 263 3206 scas
286 3156 348 3226 spe
366 3134 522 3218 honesta,-
542 3147 577 3205 et
598 3147 666 3206 tam
686 3161 770 3209 vera
788 3140 919 3211 utinam
937 3163 1042 3231 quam
1061 3139 1182 3212 amica.
1202 3137 1264 3210 llic

185 3255 268 3326 mibi
292 3265 359 3326 tam
388 3254 480 3324 mitis
502 3255 645 3326 affectus
666 3265 746 3328 tuus
773 3281 934 3350 magnam
961 3263 1083 3344 fateor,
1108 3260 1170 3330 sed
1195 3282 1264 3331 non

184 3399 313 3448 novam
346 3379 558 3470 voluptatem
586 3377 693 3449 affert.
735 3378 914 3448 Sciebam:
941 3381 1044 3450 nullis
1077 3403 1165 3472 opus
1191 3393 1265 3453 erat

185 3499 326 3582 verbis;
349 3497 528 3571 absentem
551 3499 693 3580 intueor,
715 3479 1019 3594 tacentemaudio.
1043 3501 1152 3582 Quem
1180 3524 1265 3574 vero

185 3630 219 3692 te
244 3620 355 3694 dicam
383 3622 464 3704 nisi,
493 3632 530 3692 ut
556 3620 729 3692 Ciceronis
756 3622 799 3692 ad
827 3643 1028 3712 germanum
1055 3599 1151 3693 dicto
1173 3633 1262 3707 utar,

186 3742 358 3814 suavitate
379 3745 519 3814 fratrem
537 3764 644 3836 prope
662 3744 840 3833 aequatem,
861 3742 1028 3836 obsequio
1047 3742 1163 3826 filium,
1183 3764 1264 3812 con-

187 3864 262 3937 silio
282 3868 488 3958 parentem?
514 3865 656 3955 Singula
682 3864 869 3949 delectant,
897 3887 960 3936 neo
986 3865 1166 3936 immerito.
1194 3865 1262 3935 Sed

185 3992 347 4082 quoniam
373 3985 639 4092 deliberativum
664 4009 781 4060 causae
806 4008 918 4094 genus
947 3996 1013 4070 est,
1041 3986 1160 4056 ultimo
1187 3995 1264 4057 utor

185 4115 218 4181 iu
236 4133 403 4204 preesenS,
422 4110 675 4203 consiliumque
693 4122 789 4184 tuum
808 4120 983 4202 tamquam
999 4107 1263 4201 providentissi-

312 4242 338 4281 ιι.
920 4267 923 4272 .
1078 4223 1109 4275 26
