3062 4798
449 339 539 386 iernen
565 339 1071 394 oernvnsoneruos.-nr1sronn
1094 345 1112 392 r.
1259 331 1315 392 lbl

238 479 333 571 quod
353 479 388 548 in
409 499 469 548 ore
492 497 628 570 semper
648 477 774 558 babeo:
795 478 932 569 singula
957 479 1054 564 vitia,
1078 481 1237 572 singulas
1254 501 1318 550 ex-

237 599 433 674 cusationes
459 599 603 684 babere,
630 599 789 670 inertiam
812 601 920 672 solam
941 623 1072 672 omnes
1095 602 1130 673 Si
1152 605 1211 676 diu
1232 607 1318 679 deli-

238 724 396 796 berasset
408 721 604 805 Africanus:
616 722 711 795 ltalia
724 722 953 794 deserebatur
970 745 991 794 a
1010 723 1093 808 suis,
1108 735 1143 796 et
1155 724 1315 802 Afrorum

237 857 322 917 erat.
343 846 380 916 Si
399 845 459 916 diu
479 843 708 916 deliberasset
727 845 867 930 Nasica,
887 845 1030 917 libertas
1049 867 1192 918 romana
1212 851 1317 922 Grac-

236 969 291 1039 cbi
316 967 497 1039 conatibus
530 977 566 1038 et
597 966 754 1039 audaciae
789 969 1048 1041 succumbebat.
1083 970 1118 1039 Si
1150 970 1316 1045 Claudius

237 1090 327 1162 Nero
347 1110 415 1160 non
433 1090 545 1163 dicam
567 1111 783 1186 supervacua
804 1093 912 1162 multa
929 1101 965 1163 et
981 1094 1098 1185 longa,
1115 1093 1179 1164 sed
1197 1117 1314 1180 unum,

235 1210 328 1305 quod
356 1212 593 1284 necessarium
621 1214 807 1286 videbatur
838 1224 873 1285 et
905 1212 1012 1285 breve
1044 1223 1132 1300 crat,
1156 1225 1317 1290 senatus-

235 1337 432 1406 consultum
449 1345 683 1431 expectasset,
699 1335 907 1407 coniunctus
925 1335 1021 1407 tratri
1038 1336 1235 1409 Hasdrubal
1248 1340 1317 1410 llo-

234 1480 375 1530 manum
396 1458 617 1551 proculcabat
635 1480 772 1529 nornen.
783 1454 884 1541 Quid
901 1458 991 1529 inter
1005 1460 1155 1532 minores
1177 1462 1316 1534 baereo‘l

234 1581 313 1673 lps'e
333 1602 438 1675 quem
462 1601 559 1672 saepe
578 1579 718 1651 nomino
731 1579 841 1652 Julius
860 1582 980 1652 Caesar
998 1580 1028 1652 si
1046 1581 1316 1673 procrastinator

200 1677 205 1688 ⁵
234 1701 357 1775 fuisset
377 1723 554 1795 nunquam
576 1703 611 1772 iu
632 1712 702 1772 tam
724 1721 833 1795 parvo
861 1711 1017 1796 tempore
1043 1705 1134 1775 bane
1160 1714 1313 1788 tantam,

233 1845 314 1918 quae
344 1824 408 1895 vix
427 1823 581 1896 omnium
614 1822 730 1895 studio
755 1823 949 1894 sustinetur
968 1825 1152 1898 fundasset
1180 1825 1316 1898 erexis-

234 1955 359 2036 setque
379 1965 496 2016 rerum
517 1947 658 2029 molem,
693 1944 748 2016 cui
781 1946 918 2038 lmperii
953 1969 1078 2018 nomen
1110 1959 1174 2019 est.
1199 1948 1254 2018 Tu
1285 1948 1314 2018 si

233 2075 355 2138 cuncta
393 2065 581 2148 deliberas,
624 2075 658 2135 et
697 2063 844 2156 singulis
871 2066 1085 2150 immoraris,
1127 2067 1314 2160 praedicam

236 2188 311 2272 tibi,
344 2187 410 2258 etsi
439 2188 526 2258 forte
557 2210 624 2257 non
655 2188 771 2258 animo
796 2197 855 2259 tuo
880 2195 1018 2277 gratum
1050 2196 1086 2258 at
1117 2200 1210 2259 eerte
1232 2187 1313 2260 fidei

233 2332 321 2382 meae
339 2310 494 2382 debitum
515 2310 635 2404 (falsus
654 2308 786 2380 utinam
804 2303 878 2380 sim
900 2309 1084 2405 aruspex),
1107 2312 1223 2380 nullus
1248 2313 1314 2381 erit

232 2454 347 2505 rerum
366 2431 460 2517 linis3
478 2433 533 2504 alii
555 2453 602 2503 ex
623 2432 699 2502 aliis
720 2441 903 2523 erumpent
923 2433 1053 2524 laquei;
1075 2453 1252 2526 nunquam
1281 2441 1313 2503 te

233 2557 342 2640 ltalia,
366 2577 545 2649 nunquam
577 2567 614 2626 tn
644 2553 776 2625 ltaliam
803 2553 955 2636 videbis,
978 2565 1079 2627 extra
1113 2576 1218 2647 quam
1254 2553 1312 2626 ubi

232 2679 365 2771 imperii
386 2686 489 2770 caput
508 2697 647 2770 quaeras
668 2675 797 2748 neseio.
818 2676 974 2749 Proinde
987 2679 1080 2773 quod
1106 2677 1250 2761 scribis,
1281 2687 1312 2748 te

232 2825 299 2876 non
337 2799 524 2872 ambitione
557 2809 703 2872 tractum
737 2799 783 2871 ad
812 2799 996 2894 imperium
1029 2802 1220 2894 aspirasse,
1249 2802 1313 2872 sed

230 2925 439 2997 difficultatis
453 2922 547 2995 baud
564 2920 721 2994 nescium
740 2921 870 2993 divinae
884 2923 1030 2995 iussioni
1044 2922 1216 3016 paruisse,
1237 2945 1312 2996 ere-

230 3048 286 3116 do.
308 3047 393 3115 Nam
415 3055 451 3116 et
471 3044 685 3140 prudentiam
708 3055 743 3114 et
768 3042 974 3115 modestiam
1002 3056 1096 3118 tuam
1123 3047 1214 3118 novi.
1242 3047 1312 3118 Sed

231 3166 314 3236 vide
333 3186 377 3235 ne
397 3165 463 3236 boe
481 3164 542 3235 tibi
563 3167 713 3257 primum
734 3170 847 3237 calcar
871 3178 908 3238 et
933 3169 1125 3240 maximum
1146 3189 1226 3240 esse
1250 3167 1313 3239 de-

232 3287 360 3371 buerit,
379 3308 450 3380 quo
466 3286 576 3358 divini
592 3295 710 3357 certus
728 3287 847 3357 auxilii
866 3310 1081 3380 properares.
1101 3289 1152 3360 Tu
1168 3290 1310 3383 quidem

232 3411 333 3503 patrii
353 3409 453 3502 regni
474 3407 602 3479 finibus
622 3415 806 3480 contentus
828 3408 1039 3503 imperatorii
1060 3412 1176 3482 oneris
1197 3423 1232 3482 et
1249 3413 1312 3483 ho-

232 3535 325 3606 noris
344 3533 513 3606 sarcinam
528 3533 619 3603 ultro
635 3529 712 3600 aliis
730 3529 924 3622 linquebas.
944 3532 1040 3603 Hanc
1052 3532 1237 3604 infallibilis
1255 3534 1311 3606 ille

232 3681 346 3729 rerum
362 3666 472 3738 satori
486 3666 597 3726 rector
614 3661 650 3724 et
666 3651 822 3743 coguitor
840 3651 957 3722 multis
976 3653 1194 3748 cupientibus
1212 3677 1312 3749 erep-

232 3793 301 3851 tam
323 3779 478 3851 bumeris
496 3777 565 3848 tuis
583 3773 758 3868 imposuit.
780 3773 939 3845 Paruisti.
959 3776 1035 3846 Non
1052 3787 1231 3870 acceptare
1247 3779 1311 3848 im-

231 3901 363 3994 perium
385 3902 477 3971 forte
493 3917 660 3990 magnum
681 3896 797 3968 fuerit:
816 3895 860 3966 de
878 3896 944 3968 boe
965 3907 1080 3968 tamen
1100 3898 1192 3969 docti
1212 3899 1311 3971 vide-

231 4023 309 4094 rint.
331 4023 433 4096 Certe
466 4022 540 4093 sine
571 4022 703 4093 scelere
729 4025 865 4114 poterat
890 4039 959 4088 non
984 4017 1104 4112 recipi;
1134 4031 1310 4115 receptum
1392 4041 1396 4066 ¹

231 4146 359 4238 negligi
381 4146 456 4218 sine
478 4145 607 4217 scelere
632 4165 698 4215 non
726 4149 849 4235 potest.
879 4143 971 4212 Deus
998 4140 1089 4211 euim
1119 4141 1179 4216 tibi
1208 4142 1311 4236 (sicut
