2958 4804
365 349 456 398 ureaa
478 347 891 398 oeconomos-urum
912 351 962 398 xv.
1141 337 1200 399 aot

131 484 232 554 berall
246 505 310 577 pro
328 493 361 556 te
377 485 509 576 gratias
527 507 643 578 agam,
660 483 727 569 fiet,
743 485 883 577 quaudo
899 485 1037 558 omnino
1053 485 1101 558 ita
1112 487 1202 556 velle

131 619 161 677 te
180 603 293 679 video.
312 607 408 678 Vale.

266 756 309 811 Ad
324 755 428 813 sontem
444 757 546 829 Sorgiee
561 757 606 812 lv.
624 757 690 813 Idus
703 757 830 829 Augusti.

510 1213 688 1278 epistota
713 1213 781 1276 XVI.

210 1425 403 1476 Fatuclscus
425 1424 591 1472 Parauaea
615 1424 749 1473 ZENOBIO
770 1424 972 1475 FLORENTINO
993 1429 1018 1475 S.
1041 1429 1068 1476 P.
1089 1429 1119 1477 D.

186 1595 265 1662 Quod
280 1573 380 1649 Nisum
392 1597 419 1647 et
434 1592 584 1664 Euryalum
599 1591 671 1648 inter
684 1593 834 1650 illustrium
849 1596 1001 1652 amicorum
1015 1596 1141 1668 exempla

537 1697 593 1736 non
607 1682 784 1738 recensuerit.

221 1953 271 2023 Ne
290 1951 374 2045 quid
394 1952 630 2044 imperfectum
651 1953 686 2022 in
705 1973 758 2024 me
780 1952 838 2023 tibi
859 1953 1057 2045 displiceat,
1081 1952 1199 2024 amice.

126 2075 263 2167 Loquor
283 2083 399 2145 autem
429 2073 473 2144 de
502 2072 757 2168 imperfectione
777 2073 932 2156 notabili;
962 2073 1112 2166 alioquin
1133 2096 1201 2144 non

126 2195 159 2266 in
179 2218 237 2267 me
259 2206 393 2267 tautum
419 2195 537 2268 sedin
557 2195 600 2267 iis
620 2195 723 2267 etiam
743 2195 803 2288 qui
829 2197 935 2286 vulgo
955 2194 1201 2290 perfectissimi

126 2321 295 2401 teruntur,
314 2316 512 2412 imperfecta
535 2329 616 2390 sunt
644 2318 775 2402 omnia3
797 2317 1087 2412 verissimumque
1108 2317 1201 2388 arbi-

128 2453 196 2513 tror
221 2440 307 2512 illud
333 2441 547 2532 grammatici
573 2445 757 2536 plusquam
782 2441 1037 2534 grammaticalp
1070 2441 1200 2513 dictum

127 2562 337 2635 inhumanis
350 2563 609 2638 intentionibus:
621 2564 712 2635 Nihil
724 2564 873 2636 omuiex
886 2572 984 2660 parte
997 2566 1200 2658 perfectum:

127 2710 188 2760 noc
207 2688 325 2758 minus
347 2687 431 2759 illud
451 2687 611 2783 lyricum:
633 2687 723 2758 Nihil
748 2687 793 2759 ab
814 2688 906 2758 omni
928 2697 1025 2780 parte
1047 2686 1199 2758 beatum.

127 2811 263 2895 Fateor,
287 2831 354 2895 me,
374 2810 456 2881 dum
478 2810 574 2904 paria
590 2809 774 2906 illustrium
793 2809 983 2882 amicorum
1003 2809 1198 2893 numeravi,

128 2931 263 3006 duobus
284 2931 350 3004 illis
371 2913 562 3005 illustribus
582 2933 667 3006 viris
689 2932 860 3015 scribens,
888 2955 1036 3027 quorum
1066 2943 1105 3004 ut
1128 2933 1202 3024 glo-

128 3057 212 3127 riam
238 3055 289 3128 sic
312 3055 495 3128 amicitiam
522 3056 766 3150 sempiternam
793 3057 905 3153 cupio,
928 3080 990 3151 par
1020 3077 1126 3127 uuum
1151 3056 1202 3126 fa-

129 3201 265 3252 mosum
285 3179 437 3251 siluisse:
455 3179 576 3251 Nisum
593 3190 628 3252 et
643 3181 832 3276 Euryalum
851 3179 1033 3271 virgiliano
1049 3178 1202 3250 carmine

129 3305 279 3377 nobiles..
295 3305 403 3398 quue
420 3325 488 3376 non
506 3305 657 3390 fortuito,
677 3306 740 3378 sed
757 3306 928 3389 consulto,
947 3305 1073 3376 factum
1095 3302 1200 3374 noris.

130 3425 279 3496 Primum
313 3447 382 3496 non
414 3425 498 3496 mihi
531 3435 655 3498 concta
683 3427 878 3520 disquirere
907 3447 948 3498 ac
981 3426 1201 3497 dinumerare

129 3548 343 3641 propositum
363 3557 452 3632 erat;
473 3571 585 3642 neque
606 3550 697 3622 euim
726 3550 762 3622 id
794 3549 952 3642 agebam,
975 3547 1047 3632 sedx
1060 3558 1097 3619 ut
1117 3547 1202 3618 rari-

130 3680 195 3742 tate
215 3671 346 3742 eximia
370 3672 415 3744 ad
439 3672 642 3744 imitandum
663 3693 854 3765 generosos
881 3671 1014 3742 animos
1035 3668 1201 3740 accende·

131 3815 212 3864 rem.
237 3792 379 3888 Aliquot
397 3794 502 3887 igitur
523 3795 711 3868 amicorum
737 3795 834 3889 paria
858 3792 1091 3889 perstringere
1116 3791 1201 3862 satis

131 3913 244 3999 habui,
262 3925 299 3986 et
315 3916 507 4010 praesertim
529 3920 749 4012 pluraquam
767 3917 901 4000 Cicero,
921 3915 980 4009 qui
1001 3915 1035 3984 io
1052 3934 1094 3984 eo
1114 3911 1202 3984 libro

132 4037 188 4127 qui
204 4047 351 4110 vocatur
379 4039 500 4110 Loelius
521 4049 581 4112 aut
600 4038 639 4110 dc
663 4039 748 4112 Vera
767 4038 933 4124 Amicitia,
960 4037 1071 4109 tacitis
1093 4036 1202 4108 nomi-

131 4157 231 4231 nibus
253 4159 316 4231 vix
337 4162 402 4234 tria
422 4171 482 4233 aut
501 4175 649 4256 quatuor
667 4185 713 4234 ex
731 4161 891 4236 omuibus
918 4162 1055 4236 saeculis
1076 4160 1202 4234 amieo-
