2988 4800
220 357 276 416 1172
560 367 599 412 na
618 367 717 413 nanus
738 364 960 412 rariummaus

220 531 296 578 rum
318 526 444 594 magno
466 502 634 584 moribuS,
658 502 740 571 nihil
767 511 823 571 est
837 500 1010 584 arduum,
1027 491 1121 570 'nihil
1148 502 1315 581 durum,

220 629 304 697 nihil
325 648 453 726 grave,
472 625 539 696 nisi
557 647 624 695 non
642 625 760 695 amari.
780 623 818 693 ld
837 634 875 693 ιιι
896 625 1031 694 causari
1053 647 1120 695 non
1134 633 1243 718 potes,
1264 623 1318 693 de

221 749 350 820 alumni
384 751 432 818 tui
465 770 584 818 amore
617 747 814 839 iudicioque
847 746 1076 829 certissimus
1098 745 1242 838 duxque
1275 755 1319 813 et

221 873 342 964 auriga
356 871 579 942 conciliorum
597 869 683 939 eius,
700 870 775 938 Non
791 868 917 938 Chiron
934 865 1058 939 Achilli
1075 868 1213 960 gratior,
1233 889 1316 938 non

221 981 402 1065 Palinurus
426 995 559 1075 AEneae,
583 1015 651 1062 nou
672 991 880 1061 Philoctetes
908 991 1060 1074 Herculi,
1083 1014 1152 1062 non
1172 992 1315 1062 Laelius

222 1116 392 1187 Africano.
420 1117 483 1185 Eia
509 1138 607 1205 ergo,
639 1113 767 1208 perfice
799 1115 894 1206 quod
920 1113 1069 1206 caepisti:
1096 1115 1212 1184 omnia
1237 1118 1314 1186 fert

223 1241 315 1308 enim
335 1240 498 1322 charitas
521 1239 635 1309 omnia
666 1239 777 1310 uincit
797 1259 905 1308 amor.
927 1239 1081 1308 Profecto
1102 1247 1218 1308 autem
1243 1239 1312 1332 qui

224 1363 343 1454 gloriae
371 1371 503 1454 partem
536 1361 623 1455 petit
656 1383 873 1454 consequeus
907 1370 962 1430 est
993 1371 1032 1430 ut
1066 1361 1309 1433 sollicitudinis

224 1495 354 1577 partem
387 1487 483 1554 ferat.
519 1485 652 1554 Aurum
688 1484 857 1576 profunde
890 1484 1029 1567 foditur,
1052 1485 1096 1555 de
1115 1485 1308 1578 longinquo

224 1610 401 1679 vehuntur
427 1617 596 1678 aromata:
624 1607 706 1676 thus
730 1606 863 1678 Sabaeis
886 1608 989 1679 sudat
1010 1607 1206 1679 arboribus:
1228 1633 1307 1680 mu-

225 1733 331 1803 ricem
365 1731 483 1812 Sidon,
518 1729 605 1800 ebur
638 1730 750 1813 ludia,
778 1730 985 1820 margaritas
1012 1730 1114 1801 mittit
1134 1731 1304 1802 Oceanus

226 1853 366 1924 Difficile
399 1861 540 1945 paratur
573 1874 675 1923 omne
707 1853 800 1946 quod
833 1853 868 1923 in
900 1855 1011 1948 pretio
1043 1864 1112 1925 est:
1149 1877 1219 1925 non
1252 1865 1307 1925 est

227 1975 378 2068 quaesitu
398 1975 495 2044 facile
516 1973 770 2066 pretiosissima
790 1999 906 2046 rerum
929 1976 1058 2058 virtus3
1080 1999 1165 2048 auro
1192 1978 1307 2069 splen-

228 2099 341 2169 didior
366 2099 457 2169 lama
489 2106 556 2181 est,
591 2098 709 2169 labore
742 2099 927 2191 quaeritur,
955 2099 1070 2170 studio
1100 2101 1304 2193 detergitur,

199 2305 202 2313 Ι
228 2221 404 2312 diligentia
424 2221 632 2293 custoditur:
666 2243 746 2293 rosa
779 2221 867 2292 inter
901 2222 1019 2315 spinas
1052 2222 1196 2305 habitat,
1219 2222 1309 2294 iuter

229 2345 447 2415 difficultates
468 2344 598 2428 virtuS,
620 2347 710 2415 inter
730 2367 833 2416 curas
855 2344 975 2435 gloria.
997 2345 1067 2415 lllic
1099 2345 1227 2437 dignus
1247 2367 1309 2440 pc-

231 2467 431 2538 riclitandus
453 2474 508 2536 est
529 2466 678 2537 animus.
700 2467 798 2538 Hunc
812 2475 849 2536 tu
863 2466 968 2558 igitur
981 2467 1241 2556 gloriosissimis
1254 2491 1310 2538 ac-

231 2589 330 2678 cinge
351 2588 565 2680 primordiis:
588 2588 669 2657 dum
684 2588 775 2657 enim
789 2610 1054 2660 consummasse
1067 2601 1169 2682 putas
1184 2589 1308 2673 omnia,

232 2710 391 2803 incipies3
426 2711 517 2782 hunc
551 2711 688 2803 optimis
722 2722 757 2781 et
788 2712 883 2803 regis
918 2722 952 2783 et
985 2712 1184 2806 reipublicae
1217 2713 1309 2784 curis

233 2855 372 2916 exerce,
395 2832 525 2925 quibus
547 2832 760 2922 exagitatus
780 2840 815 2902 et
835 2832 968 2904 felicius
989 2835 1044 2905 hic
1064 2845 1155 2925 aget,
1170 2844 1206 2904 et
1219 2843 1313 2927 post-

234 2977 338 3045 quam
360 2955 440 3024 hinc
461 2953 598 3035 abierit,
622 2953 742 3024 Cicero
762 2955 922 3047 opinatur
943 2966 978 3028 et
998 2979 1062 3028 nos
1085 2957 1228 3041 scimus
1250 2979 1313 3026 ve-

235 3078 340 3148 locior
360 3077 405 3149 ad
426 3078 528 3149 sedes
550 3077 722 3148 aethereas
743 3079 945 3173 pervolabit.
961 3081 1056 3164 Vale,
1071 3079 1193 3174 patriae
1204 3080 1313 3150 decus

236 3223 277 3270 ac
297 3211 466 3272 nostrum.
921 3199 929 3210 ”

379 3332 414 3402 ll.
430 3347 492 3402 Kal.
509 3348 609 3402 Martii.
624 3349 764 3405 Avenione
779 3351 858 3406 1350.
