2958 4804
340 397 432 446 Llllllll
454 396 950 448 nuclmusultllrltJS.-srlstout
974 400 1013 448 vt.
1162 386 1218 448 ⁹237

135 533 205 604 etsi
228 531 275 605 ab
295 533 435 604 homine
455 531 586 604 diserto
606 533 721 626 aliqua
746 531 829 626 tingi
857 535 978 630 possit,
1000 557 1085 606 vera
1108 547 1220 608 tamen

133 679 220 729 esse
239 657 379 750 penitus
412 659 505 728 nulla
538 655 662 750 potest)
698 667 839 749 repente
865 667 1018 729 mutatus
1039 659 1154 729 animo
1181 681 1222 730 aa

135 780 312 864 moribus,
339 800 407 851 non
434 780 508 852 sine
535 781 635 872 gravi
661 780 815 872 periculo
846 790 1009 873 metuque
1035 780 1220 864 bonorum,

136 903 242 974 malis
271 904 390 975 lavere
415 912 595 995 totumque
623 925 662 974 se
688 903 755 974 illis
780 902 925 974 credere
955 903 1097 997 inoepit;
1117 915 1223 996 atque

137 1027 275 1096 utinam
317 1049 363 1096 ox
400 1027 498 1096 malis
535 1048 604 1097 non
640 1027 813 1121 pessimos
849 1026 1033 1118 elegissem
1077 1027 1121 1098 de
1154 1049 1223 1120 quo

136 1151 204 1221 alia
223 1149 329 1221 etiam
349 1149 394 1221 ad
410 1149 571 1222 eumdem
593 1149 738 1242 epistola
758 1171 836 1220 mea
853 1160 916 1235 est,
936 1149 1089 1220 nondum
1110 1152 1224 1245 prola-

136 1294 217 1366 psa,
239 1271 310 1341 iam
333 1281 475 1342 nutante
495 1270 678 1364 republica.
698 1271 765 1344 Sed
784 1271 860 1342 haee
880 1271 1059 1344 hacteuus.
1083 1272 1224 1363 Loquor

136 1397 234 1466 enim
254 1394 432 1466 ardentius
465 1405 501 1466 et
533 1417 594 1490 per
624 1395 780 1486 singulos
800 1394 965 1466 orationis
987 1415 1075 1466 meae
1096 1377 1224 1486 passus

137 1515 314 1599 subsiste,
338 1526 485 1588 moestns
507 1526 545 1588 nt
568 1517 678 1600 vides,
701 1525 740 1586 nt
758 1516 817 1608 qui
839 1516 872 1585 in
895 1516 951 1586 illo
971 1515 1048 1586 viro
1067 1514 1221 1586 ultimam

137 1639 313 1711 libertatis
340 1640 464 1710 italieae
486 1662 583 1735 spem
604 1661 803 1734 posueram,
828 1638 1013 1732 quamdiu
1039 1648 1118 1710 ante
1139 1639 1224 1710 mibi

139 1763 321 1855 cognitum
343 1763 585 1857 dilectumque,
604 1771 682 1856 post
698 1763 928 1836 clarissimum
951 1763 1034 1836 illud
1059 1784 1147 1858 opus
1168 1783 1226 1834 as-

141 1898 322 1981 sumptum
360 1888 473 1958 colere
511 1896 591 1958 ante
632 1886 718 1958 alios
760 1885 947 1978 mirarique
983 1888 1222 1978 permiseram.

141 2011 296 2101 ldeoque
317 2020 445 2101 quanto
466 2008 578 2101 magis
600 2009 748 2104 speravi,
770 2019 864 2080 tanto
880 2030 973 2079 nunc
990 2008 1103 2098 magis
1123 2006 1225 2079 doleo
1256 2055 1276 2070 .-

143 2155 207 2225 spe
230 2142 418 2224 praerepta3
440 2135 627 2225 fateorque,
650 2132 913 2224 qualiscumque
935 2130 979 2201 sit
1000 2128 1087 2214 linis,
1111 2131 1225 2202 adhue

143 2277 212 2326 non
238 2276 382 2349 possum
403 2254 608 2349 principium
634 2276 703 2325 non
729 2253 858 2324 mirari.
884 2251 989 2323 Venit
1013 2261 1129 2324 autem
1154 2274 1224 2324 non

144 2378 284 2450 vinctus
301 2403 308 2444 ε
326 2377 392 2449 hoo
412 2399 519 2448 nuum
541 2375 651 2448 deluit
671 2375 808 2470 publico
828 2375 973 2470 pudori;
994 2385 1159 2446 oaeternm
1182 2397 1225 2446 eo

146 2503 267 2574 habitu
288 2510 327 2571 ut
347 2500 421 2594 spei
441 2499 526 2571 nihil
544 2509 641 2570 esset
666 2499 700 2568 in
721 2500 824 2590 luga:
850 2498 956 2591 inque
976 2497 1051 2592 ipso
1072 2497 1224 2569 civitatis

145 2624 309 2714 ingressu
328 2621 373 2693 de
389 2644 445 2693 me
462 2621 628 2714 quaesivit
645 2621 764 2692 infelix
781 2643 827 2692 an
843 2620 877 2690 in
895 2621 992 2692 ouria
1008 2642 1139 2705 essem,
1161 2641 1224 2691 seu

146 2765 246 2836 opem
267 2745 354 2815 forte
379 2735 530 2835 aliquam
555 2765 602 2814 ex
623 2765 677 2814 me
703 2763 861 2835 sperans,
884 2763 964 2836 quae
984 2745 1019 2814 in
1047 2765 1108 2827 me,
1130 2743 1226 2835 quod

144 2887 210 2955 ego
233 2865 375 2958 quidem
396 2865 563 2949 noverim,
584 2867 677 2937 nulla
697 2877 759 2950 est,
783 2888 846 2937 sen
864 2869 938 2937 sola
959 2866 1087 2938 veteris
1104 2865 1225 2959 eisque

146 2986 230 3082 ipsis
253 2989 289 3059 in
310 2988 395 3060 locis
416 3000 601 3060 contractae
628 2974 708 3060 olim
733 2989 895 3062 amicitiae
920 2989 1099 3061 memoria.
1126 2989 1225 3059 Nune

143 3133 226 3204 ergo
245 3111 311 3182 viri
331 3113 444 3196 salus,
460 3112 504 3182 de
522 3111 622 3184 euius
640 3134 746 3184 manu
766 3122 815 3184 tot
831 3115 1038 3207 populorum
1057 3113 1152 3183 salus
1173 3110 1226 3182 in-

145 3235 397 3327 columitasque
431 3233 641 3330 pendebant,
667 3235 711 3307 de
742 3235 902 3307 manibus
931 3236 1060 3330 pendet
1092 3233 1224 3307 alienis.

148 3359 222 3428 Vita
251 3357 353 3429 simul
386 3366 422 3429 et
453 3360 543 3431 sama
569 3357 646 3430 eins
680 3359 715 3429 in
748 3357 912 3450 ambiguo
946 3369 1037 3429 sunt.
1063 3357 1141 3426 Noa
1166 3357 1226 3428 ort

145 3492 249 3551 vertes
287 3492 365 3550 onte
402 3482 552 3551 uibrante
588 3484 755 3554 sententia
793 3482 861 3577 (sic)
900 3482 957 3552 vel
993 3480 1223 3552 intestabilem

145 3603 239 3675 illum
278 3604 400 3676 audies
438 3607 494 3676 vel
531 3603 749 3676 extinctum:
789 3605 852 3677 sed
888 3603 1047 3696 extingui
1083 3603 1222 3696 quidem

145 3727 394 3820 cuiuscumque
421 3728 590 3811 mortalia,
614 3727 692 3800 licet
712 3728 987 3810 sanctissimum,
1011 3747 1138 3821 corpus
1165 3749 1225 3820 po-

147 3863 231 3922 test:
259 3859 295 3923 at
321 3872 432 3944 neque
458 3863 600 3924 mortem
628 3874 741 3945 neque
767 3851 941 3922 infamiam
967 3851 1078 3922 virtus
1105 3850 1222 3920 timet:

146 3969 354 4044 inviolabilis
394 3983 469 4059 est,
508 3974 592 4046 nulli
628 3997 772 4070 prorsus
810 3973 961 4058 iniuriae,
999 3975 1104 4045 nullis
1147 3975 1222 4045 telis

146 4093 305 4166 obnoxia.
329 4096 464 4168 Utinam
486 4120 554 4169 non
576 4097 650 4190 ipse
676 4119 777 4170 suum
799 4098 906 4170 decus
927 4100 984 4170 val
1005 4097 1141 4170 desidia
1166 4101 1224 4171 vel

148 4219 336 4290 mutatione
364 4219 527 4313 propositi
553 4220 801 4306 deformasset;
827 4221 874 4293 nil
900 4222 966 4295 sibi
995 4221 1062 4294 nisi
1088 4222 1121 4293 in
1146 4245 1228 4294 cor-
