2958 4804
227 302 286 363 230
570 314 610 361 DE
632 313 733 361 nutus
754 312 974 362 nulllulllrluus

226 455 366 524 missus.
388 451 416 521 Ο
438 453 563 523 mirum
585 449 886 523 commercium!...
909 449 984 520 Non
1006 449 1119 521 audeo
1137 451 1230 542 quod
1249 474 1301 523 se-

227 577 344 669 quitur
363 575 490 658 dicere,
521 595 635 667 neque
667 574 733 644 hoc
761 573 875 668 ipsum
901 573 1016 648 dicere
1039 574 1212 661 volebam,
1241 579 1301 650 sed

226 697 319 790 quod
339 698 545 790 inceperam.
568 697 611 768 Ut
631 718 716 787 ergo
741 697 915 789 pervenit,
942 697 1032 767 illico
1051 697 1207 791 pontifex
1233 722 1303 790 ma7

187 840 192 940 p
226 822 344 892 ximus
365 819 475 892 tribus
489 842 509 890 e
522 841 667 891 numero
685 818 877 913 principum
895 820 1208 892 ecclesiaecausam
1227 820 1302 893 eius

190 945 193 1047 i
227 941 491 1014 discernendam
509 942 619 1026 dedit,
639 941 765 1046 quibus
784 942 982 1034 impositum
995 951 1058 1026 est,
1075 942 1219 1015 videant
1235 966 1304 1036 quo

190 1052 193 1156 ζ
228 1066 383 1158 supplicii
416 1086 544 1156 genere
576 1063 705 1156 dignus
733 1065 777 1136 sit
802 1065 862 1156 qui
888 1063 1136 1157 rempublicam
1161 1066 1304 1137 liberam

131 1255 134 1261 ,
226 1210 306 1260 esse
327 1167 445 1264 uoluit.
467 1187 495 1256 0
515 1195 683 1282 tempora,
703 1209 724 1258 o
741 1207 872 1270 mores,
887 1210 909 1258 o
923 1209 1017 1282 saepe
1030 1188 1115 1258 mihi
1131 1191 1305 1261 exclama-

229 1313 275 1382 tio
295 1310 498 1407 repetenda!
523 1311 587 1380 Est
607 1310 762 1402 quidem,
795 1312 917 1394 fateor,
945 1304 1040 1380 omni
1062 1310 1229 1406 supplicio
1253 1310 1306 1382 di-

227 1456 318 1526 gnus
339 1434 421 1527 quia
442 1427 537 1526 quod
556 1434 666 1504 voluit
693 1455 763 1504 non
788 1433 874 1505 adeo
906 1443 1173 1528 perseveranter
1197 1434 1308 1506 voluit

230 1567 266 1629 ut
286 1557 419 1640 debuit,
442 1568 477 1628 et
498 1567 536 1628 ut
557 1579 671 1628 rerum
695 1567 807 1629 status
825 1558 1085 1650 necessitasque
1104 1558 1305 1651 poscebant:

229 1682 301 1753 sed·
324 1679 491 1751 libertatis
525 1680 750 1774 patrocinium
782 1681 975 1775 professus,
998 1680 1166 1754 libertatis
1188 1683 1306 1756 hostes

227 1827 305 1875 curn
327 1802 520 1897 opprimere
542 1802 644 1873 simul
669 1823 791 1874 omnes
817 1814 950 1898 posset,
978 1826 1083 1897 qnam
1108 1806 1306 1878 facultatem

229 1925 311 1996 nulli
333 1947 483 2018 unquam
516 1925 715 2018 imperatori
747 1927 883 1997 fortuna
916 1937 1149 2012 concesserat,
1177 1928 1308 2000 dimisit

229 2058 394 2120 armatos.
415 2047 443 2118 O
464 2047 575 2119 diram
597 2055 789 2140 tetramque
808 2048 993 2141 caliginem
1015 2069 1110 2143 saepe
1129 2050 1164 2120 iu
1182 2050 1306 2122 mediis

230 2173 464 2244 maximarum
486 2193 603 2243 rerum
620 2171 802 2243 conatibus
824 2171 1018 2244 mortalium
1050 2194 1089 2242 se
1117 2172 1307 2244 luminibus

229 2295 464 2386 ingerentem!
487 2296 617 2388 Nempe
639 2294 669 2366 si
689 2297 832 2366 alteram
854 2303 988 2365 tantum
1009 2295 1225 2386 cognominis
1252 2294 1304 2364 sui

230 2426 377 2510 partem,
396 2429 432 2490 et
448 2439 518 2489 non
535 2417 626 2488 illam
646 2439 726 2510 qnae
743 2417 864 2488 morbo
890 2417 1089 2509 reipublicae
1109 2419 1304 2490 necessaria

229 2551 306 2612 erat
332 2540 412 2630 (dici
430 2541 522 2612 enim
544 2563 582 2612 se
610 2562 772 2612 severum
793 2542 1069 2633 clementemque
1089 2539 1252 2633 solebat),
1280 2543 1308 2611 si

229 2683 315 2753 ergo
334 2663 551 2734 clementiam
573 2665 682 2734 solam
702 2663 738 2731 in
757 2661 917 2757 publicos
938 2661 1126 2756 parricidas
1143 2683 1307 2734 exercere

231 2785 450 2868 decreverat,
469 2795 606 2879 poterat
625 2807 698 2869 eos,
722 2785 865 2856 nocendi
888 2784 1126 2855 instrumentis
1143 2784 1307 2864 ¹omnibns

232 2928 412 2990 excussos,
427 2907 670 3001 praecipueque
685 2905 846 3000 superbis
861 2906 999 2978 arcibus
1013 2917 1213 2979 exarmatos
1226 2906 1308 2978 vitae

233 3029 442 3121 relinquere;
462 3038 566 3118 atque
586 3027 634 3098 ita
654 3027 731 3099 urbi
752 3049 905 3100 romanae
925 3031 981 3100 vel
1006 3029 1051 3100 de
1076 3028 1237 3101 hostibus
1261 3029 1309 3101 ci-

234 3171 312 3234 ves,
331 3151 389 3220 vel
405 3149 449 3220 de
472 3149 634 3221 timendis
655 3150 814 3222 hostibus
832 3127 1102 3224 contemnendos
1119 3154 1248 3224 facere:
1267 3152 1309 3225 de

227 3295 303 3365 qua
323 3296 361 3344 re
381 3296 450 3345 non
470 3273 615 3345 otiosam
637 3297 692 3346 me
714 3275 779 3346 sibi
805 3285 886 3346 tunc
908 3276 1090 3369 epistolam
1124 3275 1308 3367 scripsisse

236 3418 315 3467 sum
335 3418 479 3481 memor,
501 3397 557 3469 cui
580 3398 609 3469 si
629 3395 747 3470 habita
767 3397 854 3490 fides
875 3408 982 3483 esset,
1004 3399 1071 3470 alio
1091 3401 1166 3470 loco
1187 3419 1310 3493 respu-

235 3520 323 3592 blica
344 3529 463 3603 staret,
485 3542 548 3591 nec
567 3522 677 3591 Roma
697 3519 801 3592 bodie
822 3541 926 3591 serva
945 3522 1045 3606 foret,
1068 3543 1132 3591 nec
1153 3520 1228 3612 ipse
1254 3541 1310 3590 ca-

238 3637 364 3730 ptivus.
387 3637 487 3709 Certe
505 3659 619 3730 neque
638 3638 718 3722 hoc,
740 3647 855 3729 neque
871 3636 965 3729 quod
987 3636 1146 3730 sequitur
1161 3635 1309 3727 qualiter

236 3761 399 3833 excusari
420 3761 531 3854 possit
550 3760 719 3854 intelligo;
738 3761 833 3853 quod
852 3783 930 3831 curn
951 3759 986 3830 in
1008 3781 1046 3831 se
1066 3759 1238 3830 bonorum
1255 3767 1310 3828 tu-

239 3855 342 3955 telam
362 3893 398 3956 et
418 3887 586 3956 malornm
606 3883 852 3954 exterminium
886 3883 1114 3977 suscepisset,
1137 3891 1216 3974 post
1241 3903 1310 3952 non

238 4008 380 4099 longum
401 4016 536 4102 tempus
559 4008 646 4102 (ipse
670 4010 756 4080 forte
784 4027 926 4078 causam
952 4005 1099 4089 noverit,
1128 4026 1194 4096 ego
1218 4004 1310 4075 enim

239 4150 318 4197 eum
340 4137 461 4221 postca
479 4151 548 4200 non
566 4128 649 4212 vidi,
669 4128 733 4200 sed
749 4127 918 4199 malefacti
938 4126 1036 4212 ratio,
1056 4124 1309 4219 proculdubio,
