3002 4794
253 344 290 404 602
593 361 633 407 nn
656 359 757 408 nnnus
778 357 999 407 rannmanmus

258 503 271 538 u
302 495 369 566 ego
402 474 598 546 Danubium
634 485 672 546 et
703 477 880 558 Rhenum,
908 472 1031 544 Indum
1062 484 1097 545 et
1121 473 1335 571 Hydaspem,

257 628 273 663 u
302 600 508 671 Rhodanum
534 611 569 671 et
587 600 737 682 Iberum,
757 598 981 690 Euphratem,
1004 597 1144 688 Tigrim,
1166 599 1334 689 Gangem,

258 751 273 785 a
302 723 424 816 Halym
448 731 483 792 et
507 721 676 806 Hebrum,
704 719 844 792 Tanaim
863 730 898 791 et
915 718 1080 803 Araxen3
1101 742 1167 811 ego
1185 722 1337 792 Taurum

258 873 273 907 t)
301 855 336 914 et
353 846 554 940 Olympum
576 867 642 936 ego
660 844 853 915 Caucasum
876 852 912 914 et
927 843 1089 925 Atlanta3
1111 864 1176 933 ego
1203 843 1338 914 lonium

258 996 273 1030 r
302 977 337 1038 et
358 968 523 1058 AEgeum,
545 965 725 1061 Scythium
747 975 850 1059 atque
876 964 1100 1058 Carpathium
1127 987 1244 1048 mare;
1271 987 1339 1056 ego

258 1119 273 1153 n
302 1089 597 1181 Hellesponticum
612 1087 726 1158 sinum
740 1097 775 1159 et
788 1088 961 1160 Euboicas
976 1109 1116 1170 arenas;
1134 1109 1201 1178 ego
1214 1085 1339 1158 Adria-

258 1237 273 1272 »
303 1208 409 1278 ticum
431 1217 465 1278 et
487 1207 726 1302 Tyrrhenum,
762 1207 912 1301 deniqne
945 1208 1172 1300 perdomitum
1207 1208 1338 1279 nostris

259 1355 274 1391 u
302 1328 476 1399 classibus
497 1329 687 1414 Oceanum,
711 1329 863 1400 hostium
887 1330 990 1401 simul
1015 1339 1051 1400 et
1071 1338 1229 1401 natorum
1259 1347 1339 1400 san-

211 1546 213 1554 ?
259 1479 274 1515 »
304 1451 410 1542 guine
431 1454 634 1537 cruentavi,
657 1462 695 1524 ut
715 1461 848 1524 tanturn
876 1452 1006 1524 scilicet
1024 1451 1192 1523 bellorum
1219 1473 1339 1523 semen

211 1555 213 1562 ⁴
259 1603 275 1638 ι)
303 1597 373 1668 pax
393 1583 768 1667 aeternasequeretur,
796 1582 832 1646 et
852 1575 1122 1667 permultorum
1142 1595 1269 1646 manus
1294 1573 1339 1644 ad

258 1726 273 1761 u
305 1709 338 1769 te
358 1709 544 1770 venturum
566 1699 779 1780 stabiliretur
803 1697 999 1794 imperium.
1019 1699 1091 1769 Nec
1111 1720 1190 1769 mea
1214 1721 1271 1769 me
1292 1701 1340 1770 fe·

260 1848 275 1885 u
303 1820 387 1891 fellit
407 1821 573 1903 intentio;
594 1821 828 1927 votixcompos
849 1819 965 1892 omnia
987 1818 1054 1890 sub
1078 1820 1226 1913 pedibus
1252 1820 1339 1890 meis

261 1970 275 2005 »
304 1942 387 2014 vidi.
415 1943 499 2014 lnde
525 1942 655 2013 sensim
681 1942 800 2012 nescio
831 1935 982 2033 quonam
1015 1941 1136 2024 modo,
1165 1940 1229 2012 nisi
1258 1937 1340 2033 quia

258 2093 274 2129 u
304 2065 499 2138 mortalium
513 2087 616 2159 opera
627 2087 695 2136 non
709 2064 899 2135 decetesse
912 2061 1127 2145 immortalia,
1136 2062 1170 2132 in
1184 2062 1339 2134 laborem

260 2216 275 2251 n
305 2186 586 2280 meumvi'rrepsit
611 2185 792 2278 segnitiae,
818 2193 854 2256 et
873 2207 918 2255 ne
943 2181 1191 2256 lacrimabilem
1222 2184 1341 2256 ordiar

259 2337 274 2374 u
304 2309 493 2394 historiam,
514 2331 683 2402 quorsum
702 2329 739 2379 se
760 2329 816 2378 res
837 2305 1019 2396 redegerit,
1044 2304 1155 2376 vides.
1178 2307 1229 2376 Tu
1254 2303 1340 2374 mihi

261 2457 276 2492 n
304 2451 410 2522 prope
431 2429 499 2499 iam
521 2429 721 2521 desperanti
741 2426 911 2499 divinitus
931 2425 1134 2511 destinatus,
1157 2425 1243 2520 quid
1263 2447 1340 2496 ces-

261 2579 276 2614 »
306 2553 389 2621 sas‘l
420 2550 505 2641 quid
529 2549 685 2640 cogitas?
709 2547 794 2640 quid
826 2551 1016 2640 expectas?
1050 2569 1134 2619 sane
1160 2567 1340 2640 nunquam

261 2701 276 2736 »
306 2679 367 2741 aut
387 2691 453 2762 ego
474 2672 644 2762 egentior,
672 2678 733 2740 aut
760 2680 796 2742 tu
817 2669 862 2740 ad
881 2693 981 2763 opem
1004 2670 1181 2741 serendam
1208 2670 1338 2763 aptior,

261 2824 276 2858 u
306 2800 368 2864 aut
392 2795 571 2877 Romanus
596 2792 754 2864 Pontifex
780 2794 992 2879 clementior,
1016 2801 1077 2866 aut
1101 2795 1200 2866 lavor
1219 2793 1281 2863 Dei
1306 2803 1342 2863 et

262 2945 277 2980 n
305 2917 484 2986 hominum
497 2915 780 3007 propensionaut
793 2914 958 2986 illustrior
971 2937 1028 2986 res
1040 2915 1186 3006 agenda.
1195 2913 1342 2985 Differs?

262 3066 277 3102 s
306 3037 444 3107 inimica
458 3057 598 3130 semper
610 3037 747 3129 magnis
762 3059 859 3108 mora
875 3037 1063 3131 principiis.
1079 3039 1252 3121 Moveant,
1267 3059 1342 3109 mo-

261 3189 277 3226 »
306 3169 411 3231 veant
431 3159 585 3230 animum
606 3168 703 3230 tuum
724 3159 886 3253 exempla
907 3158 1100 3230 clarissima
1120 3180 1258 3243 eorum,
1280 3158 1341 3252 qui

262 3310 276 3346 a
305 3281 391 3353 nihil
408 3281 444 3350 in
462 3281 598 3351 scnium
616 3281 815 3352 differentes
833 3279 983 3351 oblatam
999 3282 1105 3352 semel
1123 3279 1341 3352 occasionem

263 3433 277 3468 a
306 3403 540 3497 impigerrime
561 3411 761 3496 rapuerunt.
789 3401 988 3474 Alexander
1008 3401 1151 3474 Macedo
1177 3423 1219 3472 ea
1238 3411 1342 3474 aetate

263 3554 277 3591 »
307 3547 376 3618 qua
390 3547 481 3596 nuno
497 3545 541 3595 es
555 3524 695 3595 Oriente
711 3533 897 3616 pererrato,
918 3526 1080 3597 lndorum
1099 3547 1207 3616 regna
1224 3527 1343 3616 pulsa-

263 3677 278 3713 »
306 3648 395 3740 bat,
418 3648 530 3718 aliena
563 3653 738 3737 rapturus,
768 3648 817 3717 Tu
845 3656 942 3718 tuum
969 3656 1148 3742 repetens,
1176 3644 1341 3715 devotam

264 3800 279 3836 u
308 3771 369 3841 tibi
388 3793 455 3842 non
473 3766 616 3841 intrabis
637 3749 791 3838 ltaliam?
808 3770 929 3841 eadem
948 3770 1013 3841 hac
1030 3779 1132 3840 aetate
1151 3776 1211 3838 tua
1229 3765 1342 3859 Scipio

221 3966 225 3969 ,
263 3890 490 3964 »Africanus
524 3891 559 3962 in
592 3889 743 3962 Africam
778 3898 1036 3982 transgressus,
1067 3911 1189 3960 senum
1218 3909 1345 3979 quarn-

266 4041 280 4076 »
308 4014 363 4084 vis
384 4015 582 4087 retrahente
603 4015 787 4100 sententia,
810 4013 945 4085 nutanti
972 4013 1040 4084 iam
1064 4020 1099 4082 et
1120 4010 1257 4080 ruinam
1281 4007 1344 4077 mi·
1433 4046 1444 4053 -

266 4164 280 4199 a
310 4135 403 4206 nanti
429 4136 574 4230 imperio
606 4136 683 4228 pias
710 4135 868 4214 adhibuit
888 4156 1023 4205 manus.
1047 4134 1167 4224 ltaque
1194 4129 1344 4202 incredi-
