3024 4802
250 409 309 470 534
591 419 632 466 uc
654 417 756 467 nunus
777 415 999 469 ruumrnumus

249 560 315 653 pio.
339 555 445 627 Amor
462 553 714 648 amplissimus,
735 555 860 628 domus
878 563 1028 648 angusta
1043 564 1108 630 est.
1142 557 1178 627 Si
1211 557 1330 632 Cioem

250 702 381 765 essem,
404 683 553 752 locarem
575 699 640 750 vos
661 678 696 748 in
717 677 894 750 Ciceronis
914 678 1086 772 epistolis:
1108 703 1200 752 nunc
1217 701 1283 753 vos
1296 681 1330 752 in

251 805 340 876 meis
362 806 448 888 loco,
468 801 502 871 in
524 801 646 872 alienis
667 821 781 894 neque
803 799 832 872 si
854 801 957 872 velim
974 823 1077 894 queo,
1099 812 1135 873 et
1160 803 1233 874 scio
1264 823 1330 875 vos

250 950 319 1000 non
335 925 482 1021 hospitis
502 923 693 996 claritatem
715 923 779 996 sed
800 923 985 996 amicitiam
1011 924 1196 996 aestimare.
1226 926 1331 997 Deni-

250 1070 319 1142 que
340 1058 379 1120 ut
395 1048 642 1120 obscuritatem
665 1046 730 1118 loci
750 1045 935 1119 comitatus
954 1044 1138 1141 splendore
1156 1047 1328 1132 colemini,

250 1171 297 1243 ibi
314 1193 380 1243 vos
401 1192 508 1263 pono,
530 1169 589 1242 ubi
617 1170 725 1242 duces
752 1166 811 1239 ubi
846 1171 960 1262 Reges
991 1169 1050 1241 ubi
1081 1171 1237 1244 Caesares
1271 1169 1330 1243 ubi

249 1293 449 1379 Pontifices
472 1304 645 1388 postremo
667 1292 760 1386 quod
780 1292 849 1376 bis,
877 1315 933 1365 me
958 1293 1087 1379 iudice,
1115 1295 1229 1367 maius
1260 1304 1327 1380 est,

249 1418 309 1490 ubi
326 1417 553 1511 philosophos
572 1438 611 1488 ac
628 1427 758 1512 poetas,
779 1426 813 1487 et
831 1416 926 1510 quod
942 1417 1145 1504 maximum,
1160 1416 1220 1490 ubi
1233 1418 1329 1490 viros

249 1540 359 1613 bonos
380 1541 491 1635 posui.

762 1719 824 1730 ...-

666 1931 843 1997 EPISTULA
870 1932 915 1996 tx.

314 2140 508 2194 Futuctsctts
531 2141 700 2192 Pututuca
721 2141 850 2192 cutuottt
871 2141 1009 2191 strumo
1031 2141 1272 2192 Auclttbttcotto

637 2247 795 2296 GENUENSI
816 2246 841 2296 S.
863 2247 892 2296 P.
914 2246 944 2296 b.

248 2429 289 2484 De
305 2427 390 2484 ltaliae
405 2427 527 2484 motibus
542 2434 570 2484 et
583 2429 739 2499 praesertim
754 2428 876 2484 debello
891 2428 964 2484 inter
975 2427 1097 2484 Venetos
1112 2433 1140 2483 et
1153 2427 1327 2485 Genuenses:

403 2524 430 2573 et
444 2519 480 2574 de
494 2517 629 2590 supplicio
643 2517 743 2574 Marini
757 2515 867 2572 Falierii
882 2516 965 2572 Ducis
979 2514 1171 2576 Venetiarum.

345 2771 514 2840 Rumores
529 2770 660 2842 italicos
677 2769 847 2864 quotidie,
863 2767 930 2839 nisi
943 2767 1054 2851 fallor,
1069 2766 1115 2838 ad
1133 2765 1327 2838 satietatem

247 2889 364 2974 audis,
386 2889 445 2983 qui
464 2892 519 2961 vel
540 2891 671 2962 utinam
689 2891 839 2961 rariores
861 2897 981 2961 essent
1000 2890 1059 2959 vel
1075 2887 1189 2959 minus
1217 2889 1329 2960 immi-

247 3019 311 3080 tes.
332 3011 431 3080 Nunc
452 3010 565 3081 crebri
586 3008 885 3103 vehementesque
908 3020 991 3082 sunt
1006 3020 1041 3080 et
1059 3012 1174 3083 sonori
1188 3008 1277 3083 adeo
1290 3021 1329 3082 ut

246 3153 315 3202 nou
333 3139 465 3202 tantum
488 3130 524 3200 in
543 3129 661 3202 Galliis
682 3131 798 3204 vicina
825 3131 982 3224 regione,
1015 3131 1080 3204 sed
1104 3133 1197 3226 apud
1222 3132 1329 3206 indos

245 3259 352 3345 atque
394 3251 529 3324 Arabes
577 3251 690 3326 audiri
736 3265 875 3346 queant.
919 3255 1035 3346 Magni
1080 3256 1166 3351 [sunt
1211 3275 1328 3327 rerum

246 3385 380 3459 motus²
424 3376 542 3467 magni
575 3375 743 3447 bellorum
785 3375 965 3469 strepitus,
1000 3399 1128 3469 magua
1168 3376 1329 3470 imperio·

245 3521 322 3570 rum
361 3499 523 3592 iugisque
555 3497 706 3580 collisio,
748 3517 876 3590 magna
913 3498 1064 3592 denique
1097 3501 1201 3572 lamae
1235 3520 1326 3583 vox,

245 3642 393 3712 quaeque
423 3643 492 3694 non
526 3620 630 3692 modo
665 3623 760 3713 alpes
797 3621 926 3713 patrias
960 3619 1022 3692 sed
1055 3620 1164 3691 maria
1196 3612 1329 3691 'transi-

245 3743 296 3814 lit:
322 3753 359 3815 et
383 3767 462 3816 cum
488 3765 615 3836 magua
645 3744 691 3814 sit
723 3763 862 3836 semper
894 3744 974 3816 mali
1007 3743 1206 3840 praeseutia,
1235 3745 1327 3813 lutu-

244 3888 364 3938 rorum
393 3878 580 3962 apparatus
613 3867 775 3938 continuo
802 3866 911 3938 maior
935 3878 999 3938 est.
1030 3868 1079 3937 lta
1105 3865 1206 3938 nobis
1232 3865 1328 3958 quod

244 3993 392 4066 inomni
413 3994 625 4066 adversitate
645 3993 871 4066 durissimum
894 4003 961 4078 est,
985 4003 1184 4066 extremum
1215 3993 1327 4063 malo-

243 4135 320 4182 rum
339 4117 498 4186 solatium
520 4138 602 4210 spes
623 4120 788 4189 aufertur.
810 4118 955 4212 Semper
981 4139 1025 4186 ne
1042 4116 1150 4208 igitur
1167 4115 1218 4187 sic
1235 4113 1324 4184 iuvi-

242 4251 316 4300 cem
343 4241 583 4306 conteremur‘l
609 4240 753 4331 Semper
787 4249 984 4312 nostrorum
1020 4239 1176 4313 laborum
1208 4238 1324 4314 sonitu
