2988 4800
422 379 514 428 runnu
536 380 941 430 annuemus-nursiam
962 381 1014 428 nu.
1198 367 1254 426 139

181 515 321 588 crastini
342 536 404 611 spe
424 512 627 586 hodiernum
651 517 732 588 sinit
751 519 902 588 essluere.
926 519 959 588 ls
974 538 1067 603 sane,
1087 527 1255 610 quantum

183 641 238 712 illa
259 660 334 710 vox
353 639 473 724 innuit,
497 638 678 711 sarcinulis
703 641 914 735 compositis,
937 663 1072 713 omnem
1098 641 1190 714 diem
1216 652 1253 712 ut

178 764 336 834 ultimum
350 763 489 855 agebat,
506 772 612 856 utque
628 773 757 836 eventu
776 763 902 836 clarius
921 786 1127 860 responsum
1147 761 1255 850 fieret,

176 887 301 959 cadem
334 886 390 957 illa
422 895 522 958 nocte
543 886 744 958 defunctum
777 909 896 960 senem
927 898 1128 972 memorant.
1149 888 1256 961 Nobis

178 1010 330 1080 solemne
351 1017 414 1094 est,
439 1008 546 1081 futuri
565 1008 808 1102 expectatione
834 1031 989 1105 praesens
1008 1010 1164 1104 perdere.
1188 1012 1257 1084 Sed

178 1133 276 1204 mitto
297 1132 373 1207 haec
390 1133 425 1206 in
446 1133 573 1226 quibus
595 1155 694 1226 paene
715 1131 843 1226 pariter
863 1155 985 1206 omnes
1005 1155 1173 1205 erramus.
1200 1133 1256 1206 Ad

176 1257 392 1351 propositum
424 1266 593 1360 reuertar.
616 1257 756 1350 Siquid
788 1279 874 1328 vero
907 1265 1027 1328 contra
1046 1257 1255 1350 promissum

158 1374 258 1450 ‘olim
279 1379 343 1450 tibi
362 1383 489 1453 factum
523 1380 640 1472 egisse
674 1379 806 1465 videor,
829 1380 981 1472 ignosce.
1016 1381 1171 1452 Excuset
1192 1382 1256 1452 hu-

177 1525 290 1576 manae
308 1503 434 1575 montis
455 1503 607 1576 varietas
628 1504 733 1576 etiam
749 1504 963 1576 doctioribus
984 1503 1104 1590 insita,
1120 1512 1169 1590 ct,
1186 1504 1255 1576 nisi

177 1626 378 1721 aperientis
406 1625 465 1698 uni
498 1649 634 1699 summo
667 1627 756 1699 bono
789 1625 1055 1712 inhaerentibus
1078 1649 1255 1721 nunquam

179 1772 323 1846 prorsus
344 1747 529 1837 evitabilis,
552 1758 588 1823 et
607 1750 651 1823 de
670 1774 740 1845 qua
760 1774 853 1823 nunc
870 1753 977 1822 multa
997 1749 1159 1823 disserui.
1181 1753 1257 1824 Mu-

176 1873 303 1946 tatione
323 1875 478 1945 locorum
496 1873 701 1946 declinanda
721 1872 849 1945 fastidii
868 1883 981 1944 mater
1001 1873 1175 1946 identitas.
1189 1877 1257 1947 Dc-

176 1997 280 2090 nique
295 2006 430 2089 patere,
451 2019 527 2082 oro,
548 2019 604 2070 me
624 1996 780 2069 hortulos
799 2018 897 2069 meos
918 1996 974 2069 his
992 1995 1154 2070 manibus
1174 2019 1256 2069 con-

176 2120 271 2205 sitos,
288 2121 346 2191 vel
362 2119 393 2192 si
406 2119 491 2212 quid
503 2119 558 2192 hic
584 2128 825 2216 supervacuae,
848 2132 883 2192 et
895 2140 976 2213 quae
988 2141 1043 2190 me
1063 2119 1253 2204 desideret,

175 2244 352 2315 familiaris
375 2254 536 2340 superest
552 2266 659 2330 curae,
680 2245 840 2338 permitte
858 2247 980 2316 saltem
998 2244 1105 2315 colles
1122 2264 1163 2316 ac
1180 2245 1256 2315 son-

174 2377 226 2438 tes
247 2367 426 2460 silvasque
446 2367 601 2440 revisere
623 2367 748 2440 studiis
769 2366 898 2442 nostris
925 2366 1167 2448 amicissimas,
1194 2387 1255 2460 po-

176 2500 305 2561 stremo
325 2489 448 2562 libellis
466 2491 570 2577 meis,
589 2513 736 2585 quorum
754 2491 811 2562 hic
822 2513 961 2585 quoque
980 2513 1049 2562 uon
1065 2510 1174 2583 parva
1190 2511 1256 2563 nec

176 2613 349 2686 inamoena
369 2616 466 2708 copia
488 2626 555 2699 cst,
574 2618 686 2687 lucem
708 2617 873 2702 reddere,
896 2639 962 2710 qua
981 2618 1083 2708 longo
1102 2623 1256 2709 tempore

175 2746 363 2808 caruerunt
383 2738 491 2811 clausi
513 2738 639 2810 arculis
660 2751 695 2810 et
715 2739 886 2824 clavibus3
906 2739 1054 2811 reddere
1081 2738 1146 2810 illis
1172 2760 1255 2810 ocu-

175 2859 225 2928 los
246 2879 344 2929 meos
366 2869 401 2930 et
421 2860 529 2930 oculis
555 2859 641 2931 meis
662 2861 752 2946 illos,
776 2872 810 2934 et
836 2862 866 2932 si
890 2864 976 2933 forto
1000 2864 1079 2955 pius
1100 2883 1167 2932 non
1193 2861 1254 2931 de-

178 2991 245 3066 tur,
268 2991 303 3054 at
325 2982 720 3054 saltem-vetustissimis
742 2982 954 3055 membranis
979 2986 1089 3056 tineas
1109 2984 1255 3056 cariem-

177 3127 243 3196 que
263 3105 450 3177 discutere.
470 3105 538 3176 Sed
558 3105 698 3178 dabitur
714 3109 909 3200 plusculum
924 3109 1067 3203 aliquid,
1084 3117 1122 3180 ut
1140 3129 1250 3202 sperc,

176 3239 209 3298 et
229 3228 407 3300 biennium
430 3229 551 3324 coeptis
569 3230 737 3332 operibus
768 3231 1000 3325 pendentibus
1029 3233 1252 3304 suffecturum

178 3374 346 3444 auguror,
370 3361 407 3423 ut
427 3352 518 3423 dini:
540 3353 679 3446 quibus
704 3354 733 3426 si
753 3355 864 3440 datur,
884 3355 1070 3449 explicitis,
1085 3356 1151 3427 alia
1168 3356 1252 3426 mihi

177 3484 284 3546 restat
304 3475 389 3546 vitae
406 3475 477 3563 via,
497 3476 541 3548 ad
561 3500 665 3569 quam
678 3479 755 3550 iam
781 3479 924 3573 pridem,
953 3480 1020 3552 nisi
1040 3479 1252 3574 ponderibus

177 3597 262 3669 mois
279 3619 464 3693 premerer,
483 3599 607 3671 anhelo
627 3611 662 3672 ct
683 3623 810 3693 magna
835 3603 962 3674 mentis
985 3601 1170 3694 agitatione
1193 3622 1252 3673 su-

178 3719 280 3813 spiro.
302 3721 399 3791 Vale.

318 3867 361 3921 Ad
377 3867 482 3923 iontem
498 3869 611 3942 Surgiae,
627 3871 699 3926 XIV.
717 3869 854 3926 Kalendas
868 3871 995 3942 Augusti.
