2988 4800
257 364 316 459 l50
596 379 636 426 on
658 379 758 428 anons
781 379 1004 429 annullamus
1092 372 1095 382 ‘

256 519 355 588 cuius
377 518 534 608 proxime
547 515 699 599 memini,
719 519 863 587 Romam
880 517 1039 587 venisset
1056 519 1182 608 legatio
1197 520 1340 592 Latino-

257 663 347 724 rum,
370 639 476 710 armis
498 639 655 732 virisque
681 650 715 710 et
740 640 865 734 opibus
891 639 1020 711 llorens
1047 641 1184 712 Latium
1206 643 1341 716 descri-

255 763 363 845 bitur;
385 785 449 833 nec
470 763 584 833 minus
604 762 684 835 ideo
704 762 838 857 repulsi
860 772 953 847 sunt,
976 765 1035 856 qui
1055 765 1220 858 potentiae
1247 766 1340 839 lidu-

255 885 309 956 cia
329 884 373 956 ad
395 887 560 956 honorem
582 885 774 958 indebitum
795 887 1002 979 aspirarent,
1027 897 1065 956 ut
1084 889 1225 959 virtutis
1246 912 1338 985 prae-

254 1010 324 1080 'mia
337 1011 484 1082 fortunae
498 1007 905 1080 tribuerentimmcrenti.
914 1009 1070 1079 Profecto
1082 1009 1173 1079 enim
1189 1011 1220 1081 si
1233 1011 1338 1082 nudae

254 1131 418 1226 potentiae
445 1132 616 1202 senatoria
641 1133 760 1202 Romae
785 1132 936 1224 dignitas
963 1133 1167 1217 deberetur,
1192 1158 1257 1206 nec
1283 1157 1337 1206 re-

257 1266 397 1349 spectus
418 1264 514 1325 esset
534 1257 591 1325 vel
612 1255 756 1346 originis
776 1257 833 1325 vel
854 1256 1007 1341 virtutis,
1030 1267 1189 1350 poterant
1208 1269 1244 1330 et
1264 1261 1338 1330 Ma-

146 1379 150 1389 '
255 1378 401 1450 cedonia
423 1388 503 1450 tnnc
525 1379 702 1473 temporis,
725 1389 760 1449 et
781 1379 966 1470 Carthago,
1002 1390 1038 1450 et
1069 1404 1160 1452 nunc
1181 1382 1249 1453 alia
1274 1405 1337 1478 per

255 1502 373 1573 orbem
392 1503 529 1594 magnis
546 1502 680 1573 viribus
698 1524 807 1594 regna
823 1501 985 1594 pollentia
1002 1505 1148 1574 multum
1168 1504 1233 1574 sibi
1251 1505 1338 1577 iuris

255 1627 321 1698 hac
341 1628 377 1695 in
397 1649 435 1696 re
456 1629 673 1718 multumque
698 1625 951 1718 praeminentiae
980 1626 1168 1708 vindicare.
1192 1608 1261 1698 Sed
1286 1628 1339 1699 di-

255 1759 335 1822 cent
349 1760 384 1820 et
404 1749 443 1834 ii,
467 1749 549 1840 quia
568 1747 714 1818 Romani
736 1769 870 1833 sumus,
891 1757 926 1818 et
942 1751 1045 1839 longa
1063 1751 1121 1818 vel
1137 1749 1336 1820 detentione

255 1873 523 1965 magistratuum
543 1873 601 1964 vel
621 1871 788 1942 libertatis
807 1872 1045 1967 oppressione,
1065 1873 1198 1942 romani
1228 1873 1336 1943 cives

256 2001 332 2092 Ego
352 2021 438 2070 vero
459 1999 649 2092 profecisse
677 2019 732 2068 me
765 2020 835 2068 non
868 1994 1041 2067 modicum
1076 1995 1278 2079 arbitrarer,
1306 1997 1336 2067 si

257 2124 302 2195 ad
322 2124 388 2195 hoc
408 2121 619 2194 elatissimos
637 2121 772 2192 animos
790 2120 1024 2204 inclinassem,
1045 2128 1083 2188 ut
1099 2119 1197 2190 cives
1214 2130 1251 2189 et
1266 2141 1336 2190 non

255 2257 453 2319 vastatores
473 2246 602 2318 civium
623 2267 704 2316 esse
721 2246 863 2328 vellent,
882 2265 998 2335 neque
1016 2251 1097 2313 tunc
1114 2242 1190 2313 illos
1209 2242 1254 2312 ab
1273 2242 1337 2312 ho-

256 2393 389 2441 norum·
406 2372 575 2463 gradibus
601 2369 774 2440 Manliano
806 2367 920 2458 rigore
951 2367 1171 2460 depellerem.
1200 2367 1249 2452 Si,
1276 2389 1337 2462 per

256 2496 483 2564 miserantem
505 2514 562 2563 res
587 2493 760 2563 humanas
786 2493 912 2573 Deum,
940 2490 1114 2562 mitissimi
1139 2501 1279 2583 patreS,
1308 2491 1337 2562 si

259 2637 328 2708 qua
361 2614 495 2686 romani
514 2613 665 2685 nominis
686 2612 907 2684 miseratione
938 2613 1135 2705 tangimini,
1154 2625 1336 2706 percontor

256 2761 336 2820 vos,
356 2759 400 2808 an
420 2759 462 2808 eo
480 2737 658 2829 proposito
676 2757 862 2830 capessere
881 2735 958 2807 illos
975 2736 1222 2830 rempublicam
1241 2737 1336 2808 aesti-

256 2862 375 2944 matiS,
410 2871 449 2932 ut
478 2860 555 2932 eius
581 2859 737 2953 penuriae
756 2859 906 2955 propriis
927 2859 1052 2955 opibus
1073 2883 1174 2954 opem
1195 2863 1336 2932 ierant?
1414 2855 1421 2868 '

257 2985 395 3055 Utinam
425 2983 461 3055 id
493 2983 528 3052 in
561 2983 713 3054 animum
736 2983 958 3054 inducerent!
982 2984 1127 3055 Possem
1161 2981 1334 3054 munificae

256 3105 435 3175 ambitioni
454 3103 594 3174 veniam
615 3104 712 3188 dare,
734 3116 769 3175 et
789 3104 1033 3199 undecumque
1053 3105 1235 3175 venientes
1256 3127 1335 3175 can-

257 3227 395 3299 didatos
416 3226 608 3299 admittere.
635 3226 692 3314 At,
716 3227 801 3298 mihi
820 3229 967 3314 credite,
995 3229 1204 3300 contrarium
1226 3225 1334 3298 medi-

257 3359 386 3434 tantur,
410 3359 448 3419 ut
469 3351 599 3423 scilicet
630 3353 674 3423 dc
709 3352 863 3446 reliquiis
886 3371 1018 3444 sparsae
1038 3351 1136 3422 urbis
1157 3349 1335 3423 insatiabi

211 3459 214 3464 ’
256 3475 323 3542 lem
344 3470 500 3542 avaritiae
527 3494 603 3544 suae
629 3474 751 3544 tamem
780 3495 847 3544 non
875 3484 944 3544 tam
972 3473 1131 3565 mitigent
1155 3495 1260 3565 quam
1280 3493 1334 3542 ac-

256 3595 415 3668 cendant.
438 3595 568 3666 Verum
587 3604 623 3666 et
648 3597 714 3668 boc
740 3620 868 3688 negare
893 3598 1036 3668 forsitan
1074 3596 1274 3680 audebunt,
1302 3603 1334 3664 et

255 3719 359 3789 unius
380 3717 480 3788 verbi
500 3717 715 3812 impudentia
735 3729 852 3790 notam
874 3722 1003 3792 mundo
1030 3720 1135 3792 totius
1164 3717 1249 3787 vitae
1279 3738 1333 3788 se-

255 3842 342 3911 riem
369 3843 551 3926 occultare,
573 3852 607 3912 et
628 3843 762 3913 romani
781 3841 877 3913 cives
897 3853 932 3914 et
953 3851 1110 3913 amantes
1132 3841 1252 3934 patriae
1268 3836 1332 3909 dici

255 3966 381 4034 volent.
400 3965 476 4035 Non
492 3965 540 4034 ita
559 3976 628 4048 est,
651 3965 779 4057 quippe
800 3985 889 4055 quos
906 3966 1018 4048 cives,
1037 3965 1143 4036 immo
1163 3983 1253 4056 quos
1273 3961 1333 4031 ho-

254 4085 376 4169 mines,
403 4097 438 4156 et
462 4108 530 4156 non
551 4087 723 4182 principes
744 4097 804 4157 aut
835 4086 993 4158 dominos
1024 4108 1166 4170 vocare,
1202 4086 1329 4177 capita-

255 4206 296 4277 lis
310 4206 440 4278 offensa
452 4215 516 4277 est.
533 4209 620 4292 Quia
634 4231 728 4292 vem,
751 4209 829 4280 licet
848 4208 914 4280 sub
931 4207 1042 4301 aequis
1068 4208 1251 4292 iudicibus
1271 4205 1335 4276 int>
