3078 4798
277 358 335 420 tol
614 370 653 418 os
675 371 774 418 nunus
797 369 1019 417 anurnrnnrnus

277 508 417 601 quidem
454 505 554 577 vobis
580 505 660 577 inde
689 505 870 598 digressus
901 508 1024 579 leviter
1050 513 1278 598 aegrotantem
1305 504 1357 577 di-

277 631 416 702 misisse
443 629 556 710 rebar,
584 628 653 698 iam
675 627 803 713 senior,
826 628 897 713 sed,
921 639 958 700 ut
981 631 1079 702 Maro
1103 628 1162 714 ait,
1190 624 1300 698 cruda
1322 634 1357 696 et

277 752 379 823 viridi
401 759 587 833 senectute,
610 749 685 820 heri
706 750 751 820 ad
774 769 959 842 vesperam
981 762 1037 823 m'e
1057 750 1188 822 dimisit
1211 748 1257 820 ad
1285 770 1357 819 me-

275 874 370 946 lioris
387 873 518 946 domini
541 875 730 944 translatus
748 873 928 966 obsequia.
951 875 1008 945 llle
1030 874 1095 945 sibi
1118 883 1198 967 post
1214 881 1266 944 tot
1282 894 1356 944 cor-

276 1018 399 1089 poreos
433 995 570 1067 labores
597 1017 700 1066 unam
726 994 829 1068 animi
857 995 1012 1088 requiem
1042 996 1220 1088 largiatur.
1247 997 1355 1068 Unam

276 1117 366 1188 enirn
384 1117 520 1213 petiita
540 1113 695 1200 Domine,
715 1116 804 1188 hanc
821 1117 976 1209 requirit,
998 1118 1088 1190 hane
1109 1119 1185 1198 sibi,
1208 1118 1353 1202 Christe,

276 1263 319 1311 ne
340 1261 458 1331 neges,
482 1250 520 1310 ut
539 1239 719 1322 inhabitet,
741 1260 812 1309 non
831 1239 867 1308 in
888 1239 991 1312 domo
1014 1263 1090 1312 mea
1108 1241 1172 1312 sed
1193 1241 1227 1310 io
1254 1241 1356 1313 domo

234 1428 239 1433 .
275 1362 410 1433 Domini
428 1359 590 1432 omnibus
611 1360 839 1432 diebusvitae
861 1382 944 1445 suae,
964 1383 1046 1454 quae
1067 1365 1135 1434 iam
1152 1363 1258 1434 desiit
1277 1383 1356 1450 esse

277 1485 439 1568 mortalis
461 1494 501 1554 ut
521 1482 640 1553 videat
659 1505 729 1554 non
749 1506 863 1555 meam
886 1485 949 1556 sed
968 1485 1105 1557 Domini
1126 1487 1353 1580 voluptatem,

275 1618 311 1679 et
332 1607 451 1678 visitet
467 1607 631 1697 templum
650 1605 735 1688 eius,
754 1628 822 1716 qon
842 1629 967 1698 agrum
985 1629 1110 1692 meum,
1130 1607 1164 1677 in
1181 1631 1252 1701 quo
1271 1610 1356 1678 mul-

276 1741 329 1800 tos
353 1750 416 1819 per
436 1748 546 1797 annos
568 1729 649 1817 gelu
669 1737 705 1797 et
730 1738 821 1799 aestu
847 1727 1009 1800 duratum
1035 1751 1162 1823 corpus
1186 1731 1353 1801 exercuit.

276 1851 348 1921 Sub
374 1871 430 1920 me
456 1850 585 1933 fessus
614 1849 681 1920 sub
708 1861 741 1922 te
766 1873 829 1923 oro
853 1853 1029 1945 quiescat:
1056 1853 1103 1924 ad
1129 1863 1161 1924 te
1186 1853 1295 1937 venit,
1323 1862 1355 1922 te

275 1972 423 2056 iubente,
446 1973 557 2043 veteri
579 1975 717 2045 laxatus
738 1977 928 2066 ergastulo.
952 1977 1048 2046 Unus
1069 1975 1209 2068 quidem
1231 1998 1252 2047 e
1271 1997 1354 2071 pue-

277 2099 323 2166 ris
345 2096 431 2166 meis
451 2097 510 2188 qui
533 2097 622 2167 forte
642 2095 828 2168 obeuntem
851 2097 947 2168 illum
969 2097 1118 2182 viderat,
1146 2119 1254 2170 cursu
1274 2120 1355 2171 oon-

275 2219 343 2290 cito
373 2227 537 2290 moestum
568 2218 708 2310 pertulit
739 2241 930 2303 rumorem,
960 2217 1062 2292 et'ad
1094 2241 1148 2290 me
1179 2242 1258 2291 sera
1288 2221 1354 2291 iam

277 2352 375 2414 nocte
396 2341 553 2434 pervenit
577 2342 741 2412 nuntians
767 2342 863 2411 illum
888 2342 1073 2437 expirasse
1097 2365 1193 2436 saepe
1217 2367 1274 2416 me
1295 2366 1356 2414 no

278 2466 368 2534 mine
391 2474 585 2546 vocantem,
606 2463 803 2556 Christique
829 2485 955 2534 nomen
980 2487 1059 2536 cum
1084 2465 1234 2536 lacrimis
1256 2465 1355 2536 invo-

275 2598 422 2658 cantem.
440 2586 583 2670 lndolui,
599 2585 743 2678 gravius
762 2586 941 2672 doliturus,
958 2587 1024 2659 nisi
1042 2589 1124 2683 quia
1141 2610 1203 2681 per
1218 2596 1353 2660 aetatem

276 2707 425 2778 hominis
446 2709 539 2779 hunc
556 2708 639 2778 mihi
660 2731 781 2780 casum
803 2710 933 2781 instare
954 2713 1062 2782 multo
1082 2721 1167 2800 ante,
1183 2711 1356 2806 praevide·

275 2853 359 2905 ram.
382 2832 435 2900 lre
455 2830 561 2922 igitur
581 2842 734 2925 oportet:
752 2831 833 2902 date
853 2833 1003 2916 veniam,
1022 2848 1152 2926 quaeso,
1176 2835 1355 2926 gloriosis-

276 2954 354 3023 simi
374 2955 503 3035 PatreS,
523 2952 785 3045 supplicemque
806 2964 964 3025 vestrum
981 2955 1129 3027 missurn
1147 2957 1256 3040 facite,
1277 2956 1354 3027 urhi

276 3095 544 3166 supervacuum,
573 3073 810 3145 necessarium
838 3077 924 3160 ruri,
952 3077 1068 3171 ibique
1095 3076 1206 3168 magis
1233 3075 1355 3148 biblio

276 3198 388 3267 thecae
414 3195 598 3278 solicitum,
626 3217 731 3288 quam
758 3199 870 3288 agelli.
898 3200 986 3292 Opto
1013 3199 1114 3272 vobis
1137 3199 1354 3292 tranquillam

275 3342 315 3392 ac
335 3319 466 3390 felicem
489 3319 607 3390 vitam.

417 3464 566 3536 Arinione‚
580 3465 667 3521 Nonis
681 3465 811 3521 Ianuarii.
