3062 4798
409 370 501 418 LIBER
524 371 1041 422 sepllnusoeclllos*erlsvoun
1065 375 1092 420 x.
1228 361 1286 422 453

208 509 300 579 enim
321 508 409 577 forte
429 517 584 600 tempore
609 529 678 600 quo
704 509 739 578 in
764 511 875 580 fronte
902 517 1185 600 argumentorum
1209 517 1287 580 too·

208 651 285 701 rum
305 629 395 700 ictus
414 628 568 720 excipio,
591 629 827 721 transalpinus
849 624 981 700 amicus
1001 629 1124 702 litteris
1145 651 1287 723 quoque

207 771 277 822 noo
294 750 409 821 minus
427 749 553 822 validis
569 771 675 842 quam
694 750 851 836 urbanis,
870 751 1003 822 nudum
1018 759 1056 822 ιιι
1073 749 1121 820 ita
1136 748 1286 822 dixerim

209 883 344 964 tergum
358 871 447 955 terit,
466 891 630 964 qoaerens
648 869 767 944 itidem
786 895 833 944 ex
849 893 919 958 me,
938 873 1023 964 quid
1040 871 1202 964 estquod
1219 892 1287 963 ego

208 1003 325 1066 tantus
346 993 470 1066 ruralis
490 992 666 1066 adeotator
685 994 763 1079 ocii,
783 995 817 1064 in
839 1001 889 1064 tot
910 994 1042 1066 urbana
1062 993 1200 1085 negotia
1221 993 1287 1064 sim

208 1115 367 1206 relapsus
389 1123 525 1207 sponte,
549 1125 586 1186 ut
607 1114 674 1187 sibi
700 1114 854 1200 videtur,
876 1137 977 1198 mea;
1003 1124 1038 1187 et
1060 1113 1160 1210 (vide
1179 1111 1288 1186 artib-

208 1235 440 1308 ciosissimum
460 1235 630 1331 leporem)
652 1256 696 1310 oe
716 1239 834 1312 forsan
854 1233 1135 1330 interrogatione
1147 1249 1287 1311 contur-

208 1357 270 1430 ber
290 1369 476 1452 antequam
496 1381 553 1431 mo
573 1365 705 1451 tangat,
726 1360 771 1431 de
791 1381 829 1431 se
846 1361 974 1453 quaerit
990 1362 1183 1446 admirans,
1202 1360 1287 1455 quid

208 1498 325 1555 causae
357 1490 412 1552 est
441 1479 537 1574 quod
568 1480 644 1573 ipse
673 1501 813 1574 quoque
847 1482 1078 1578 Babylonicos
1099 1484 1305 1554 anfractus

207 1601 296 1674 male
307 1601 428 1687 oderit,
443 1623 508 1675 neo
518 1601 603 1674 dum
617 1603 729 1696 possit
741 1603 892 1696 effugiat.
906 1606 1040 1678 Ecoeut
1052 1605 1143 1678 duos
1156 1603 1287 1676 amicos

208 1724 389 1798 ediverso
409 1736 579 1797 terrarum
601 1734 712 1796 tractu
733 1723 767 1795 in
793 1725 885 1797 idem
909 1747 1039 1820 pognae
1059 1747 1170 1818 genos
1191 1725 1287 1798 simi-

207 1847 315 1920 litudo
340 1846 501 1939 quaedam
526 1847 702 1919 contraxit
727 1847 866 1938 ingenii.
893 1849 985 1933 Quid
1010 1862 1126 1922 aulem
1157 1847 1288 1920 dioeret

207 1981 354 2062 uterque
375 1980 530 2040 vestrum
553 1971 583 2040 si
604 1977 725 2041 nosset
749 1991 819 2063 quo
846 1970 879 2040 io
902 1981 995 2042 statu
1021 1993 1113 2043 nuno
1134 1973 1288 2043 maxime

207 2093 291 2163 dum
309 2091 430 2182 loquor
446 2109 504 2160 res
523 2100 606 2160 sunt
621 2093 736 2161 meae‘l
752 2090 931 2182 Siquidem
948 2091 1138 2164 coniuratis
1156 2113 1224 2163 ooo
1242 2091 1288 2164 ad

208 2211 353 2282 imbrem
375 2210 438 2282 sed
455 2211 501 2283 ad
517 2211 689 2283 diluvium
706 2211 839 2282 cunctis
856 2211 933 2283 coeli
952 2211 1141 2297 sideribus,
1159 2212 1288 2309 hyeme

208 2355 333 2426 aspera
353 2342 388 2405 et
407 2332 614 2406 intractabili
640 2333 788 2404 transire
814 2331 875 2404 tibi
895 2341 931 2404 et
954 2332 1039 2404 mihi
1059 2333 1288 2406 familiarissi-

201 2475 284 2527 mas
309 2453 416 2548 Alpes
438 2475 554 2548 cogor.
576 2455 647 2527 Sed
666 2477 688 2526 a
712 2458 807 2548 quo‘l
824 2456 942 2527 forsan
967 2456 1173 2549 interroges.
1194 2459 1242 2530 Et
1264 2479 1287 2528 a

208 2601 276 2672 quo
297 2589 399 2675 putas
419 2580 487 2652 nisi
508 2601 529 2652 a
548 2601 606 2652 me
631 2580 722 2674 ipso,
744 2579 804 2671 qui
831 2579 881 2652 sio
906 2580 1050 2652 alterius
1074 2585 1185 2654 lactus
1207 2605 1286 2655 sum

208 2710 245 2771 ιιι
264 2703 384 2774 dulces
407 2722 538 2796 preces,
557 2714 671 2795 atque,
690 2711 728 2772 ιιι
748 2699 874 2774 Liberii
895 2702 1006 2774 verbo
1027 2714 1116 2787 utar,
1138 2704 1206 2774 viri
1223 2725 1288 2778 ex-

205 2825 360 2898 cellentis
373 2825 549 2898 submissa
566 2824 700 2922 placida
717 2824 982 2919 blandiloquens
997 2823 1107 2897 oratio
1120 2825 1213 2921 apud
1229 2847 1287 2898 me

206 2947 430 3020 inexorabilis
457 2950 529 3022 vim
556 2945 729 3050 praecepti·
746 2947 1015 3044 imperiosaeque
1040 2949 1155 3022 vicem
1180 2949 1287 3022 maie-

207 3067 305 3139 statis
326 3068 524 3141 obtineant?
544 3071 594 3143 lta
615 3070 699 3141 nibil
721 3091 801 3145 sese
821 3071 926 3143 vilius
947 3081 1003 3142 est
1023 3069 1177 3156 homini,
1201 3067 1286 3143 nihil

206 3189 366 3259 venalius
386 3188 556 3261 libertate.
577 3189 697 3263 Amico
716 3213 800 3264 sane
817 3193 915 3264 alteri
931 3191 1015 3266 viva
1032 3215 1135 3280 voce,
1155 3194 1185 3265 si
1206 3194 1287 3266 illuc

207 3311 311 3382 vivus
332 3310 537 3402 integerque
564 3331 756 3402 pervenero
776 3311 936 3406 (quaestio
955 3315 1047 3385 enim
1070 3315 1287 3389 subdifficilis

206 3442 242 3503 et
262 3432 297 3502 ni
317 3434 414 3504 fallor
439 3430 532 3502 utilis
557 3432 749 3504 communis
776 3442 832 3504 est
856 3433 903 3503 illi
930 3433 1055 3526 mcum
1083 3434 1144 3504 tibi
1169 3448 1286 3508 autem

208 3555 335 3649 scripto
357 3553 549 3649 trepidante
569 3553 779 3648 respondeo,
803 3577 872 3628 noo
891 3554 1055 3649 equidem
1077 3565 1115 3626 ut
1135 3578 1287 3629 excuser
1420 3565 1423 3574 '

207 3676 301 3774 quod
320 3676 394 3750 fieri
416 3697 486 3748 noo
511 3671 617 3770 posse
642 3677 710 3747 iam
732 3697 812 3748 sum
832 3680 968 3763 lassus
997 3677 1060 3750 sed
1086 3687 1137 3765 ul,
1161 3681 1191 3751 si
1216 3701 1288 3773 quo

207 3809 308 3892 paolo
329 3798 404 3870 lieri
424 3807 550 3892 potest,
574 3819 642 3870 non
663 3802 770 3891 vulgo
795 3799 896 3872 inerti
920 3811 957 3871 et
980 3799 1144 3874 illaudato
1164 3814 1199 3874 et
1223 3802 1286 3874 ob-

207 3944 325 4005 scuro,
349 3923 412 3994 sed
432 3921 617 3993 illustrium
637 3923 802 3993 comitum
828 3899 939 4014 gloria
959 3944 1000 3995 ao
1026 3924 1208 4016 splendore
1229 3947 1286 3998 me

206 4055 398 4136 contegam.
420 4043 511 4127 Quid
532 4043 636 4135 igitur
652 4045 781 4116 Paulus
803 4043 991 4138 Apostolus
1013 4048 1168 4142 undique
1189 4071 1286 4121 sum-

208 4189 286 4240 mus
303 4168 366 4252 vir,
382 4165 466 4260 quid
479 4165 538 4250 ait,
554 4189 615 4272 oro
630 4169 685 4238 tel
699 4167 775 4238 Non
791 4170 879 4240 enim
892 4170 999 4263 inquit
1010 4170 1096 4262 qood
1108 4175 1181 4246 uolo
1198 4177 1284 4265 (ocio
