2988 4800
267 410 276 430 .
381 371 901 422 u1ssaunnncruus.-nrrsroun
923 373 985 421 xv1.
1072 421 1076 432 ,
1172 359 1229 420 155

148 515 268 584 Roma.
290 513 378 581 Esto
398 519 515 582 autem
537 511 608 581 sint
628 511 774 594 nobiles,
795 511 863 583 sint
880 511 1024 582 romani.
1047 507 1101 581 An
1122 512 1229 582 maio-

146 635 244 706 ribus
265 633 406 718 nostris,
420 634 611 705 cultoribus
632 634 787 717 iustitiae,
811 633 1043 704 subiectorum
1061 643 1230 727 protecto-

145 758 258 844 ribus
278 757 552 830 debellatoribus
571 755 817 848 superborum,
833 755 1075 826 fundatoribus
1094 755 1229 848 imperii

146 879 358 975 praeferendi
376 882 476 951 sunt‘l
493 881 565 951 Hoc
576 878 690 951 dicere
704 878 918 973 quantalibet
929 878 1144 972 impudentia
1160 903 1230 952 non

145 1004 338 1078 audebunt.
360 1004 461 1089 Quod
479 1004 508 1074 si
527 1003 574 1073 illi
595 1012 791 1087 cesserunt,
810 1024 879 1073 non
896 1003 1026 1096 pudeat
1042 1004 1107 1076 hos
1124 1005 1228 1074 etiam

146 1127 238 1222 plebi
258 1126 386 1198 cedere
407 1125 614 1218 dignissima
635 1123 839 1219 postulanti,
862 1147 906 1195 ue
926 1125 961 1206 in
987 1124 1075 1197 urbe
1101 1125 1231 1198 scilicet

147 1273 212 1324 sua
224 1253 359 1334 exalet,
374 1272 452 1334 neu,
472 1252 569 1321 velut
585 1248 717 1328 inlecta.
733 1248 777 1321 de
792 1246 928 1341 publico
946 1250 1141 1342 repellatur.
1155 1249 1231 1333 Qua

146 1377 180 1446 in
194 1397 234 1446 re
247 1345 455 1444 Aristotelioi
468 1373 642 1464 dogmatis
655 1371 855 1443 meminisse
866 1372 1060 1456 conveniat,
1076 1380 1121 1456 ut
1137 1371 1231 1464 quod

145 1498 341 1590 dirigentes
363 1505 518 1567 tortuosa
540 1496 712 1588 lignorum
734 1495 860 1580 solent,
887 1497 1020 1586 cogatis
1046 1495 1111 1568 bos
1133 1496 1231 1568 nobi-

146 1627 212 1709 les,
236 1644 308 1694 non
328 1620 433 1692 modo
454 1617 647 1690 senatorias
665 1628 701 1689 et
717 1618 870 1712 reliquas
886 1617 1074 1710 dignitates
1094 1617 1232 1712 partici-

146 1765 233 1840 pare
254 1765 336 1815 cum
356 1742 452 1825 aliis,
472 1741 536 1812 sed
552 1741 612 1813 diu
631 1742 733 1813 etiam
753 1741 798 1814 ab
811 1741 867 1813 his
881 1741 1018 1836 penitus
1040 1741 1230 1825 abstinere,

150 1889 241 1962 quas
262 1866 324 1939 diu
347 1867 410 1937 soli
431 1887 494 1958 per
514 1865 746 1956 arrogantiam
769 1885 867 1935 suam
894 1874 930 1935 et
954 1865 1065 1957 plebis
1099 1864 1233 1956 patien-

149 1991 232 2062 tiam
254 1997 483 2081 usurparunt,
505 1987 617 2060 donec
633 1987 668 2056 in
685 1997 817 2081 partem
836 1989 980 2058 alteram
997 1986 1137 2059 deflexa
1158 2005 1234 2056 res-

150 2113 290 2206 publica
303 2112 355 2193 ,ad
376 2111 611 2205 aequalitatem
632 2111 784 2183 debitam
807 2119 1013 2182 revertatur.

249 2235 324 2306 Hoc
355 2254 500 2316 censeo,
529 2232 595 2304 boc
621 2233 769 2327 supplex
786 2252 871 2316 oro,
900 2230 966 2301 hoo
991 2251 1102 2302 senex
1123 2233 1232 2304 Roma

149 2383 229 2432 cum
264 2357 417 2428 lacrimis
450 2354 655 2448 obtestatur.
678 2353 779 2439 Quod
805 2353 833 2424 si
862 2375 988 2445 segnes
1013 2353 1048 2424 in
1074 2355 1151 2426 eius
1177 2378 1233 2427 re-

152 2480 345 2555 stauranda
364 2479 522 2551 libertate
542 2478 690 2562 fueritis,
714 2477 759 2550 ad
779 2477 927 2549 tribunal
954 2477 1123 2550 tremendi
1144 2479 1233 2551 iudi-

151 2608 201 2680 cis
223 2627 291 2676 vos
312 2607 471 2698 appellat.
493 2605 566 2674 Hoc
587 2602 743 2674 Christus
765 2602 873 2686 iubet,
894 2602 966 2696 qui,
989 2603 1072 2674 dum
1094 2606 1236 2675 consul-

155 2729 290 2812 rabitis,
313 2728 349 2797 in
370 2726 483 2798 medio
503 2733 662 2797 vestrum
682 2725 759 2810 erit,
783 2736 822 2796 ut
837 2747 927 2818 quos
944 2724 1047 2818 elegit
1067 2747 1087 2796 a
1108 2727 1235 2819 priuci-

153 2852 223 2945 pio‚
246 2871 370 2923 eorum
388 2869 501 2942 usque
518 2848 554 2918 in
571 2847 676 2919 tinem
692 2869 730 2920 se
743 2847 898 2942 praebeat
916 2869 1054 2941 semper
1071 2855 1234 2932 tutorem;

153 2974 220 3045 hoc
248 2970 407 3066 Apostoli
428 2971 551 3043 Petrus
584 2982 619 3043 et
650 2973 777 3044 Paulus
810 2971 978 3064 flagitant,
1006 2972 1064 3065 qui
1092 2993 1236 3044 romano

153 3095 327 3180 Pontifici,
349 3104 390 3165 ut
414 3115 483 3165 non
508 3094 605 3166 alteri
632 3117 737 3188 quam
763 3095 864 3166 vobis
889 3095 957 3166 ista
982 3094 1233 3179 committeret,

154 3218 381 3312 inspirarunt3
399 3237 549 3310 quorum
570 3219 693 3290 tacitas
713 3239 834 3310 preces
853 3219 881 3289 si
900 3217 1020 3289 audire
1041 3219 1235 3301 volueritis,

155 3340 390 3436 quorumlibet
409 3341 599 3413 contrarias
621 3363 742 3435 preces
764 3364 804 3414 ac
825 3341 955 3433 gratias
975 3341 1136 3411 facillime
1155 3361 1238 3412 con-

155 3464 329 3547 temnetis,
353 3485 421 3534 non
443 3463 537 3556 quod
557 3465 680 3536 alienae
706 3464 880 3558 superbiae
904 3464 1024 3549 libeat,
1053 3464 1116 3534 sed
1142 3464 1237 3557 quod

155 3599 311 3659 vestram
329 3587 453 3658 deccat
464 3585 696 3672 honestatem,
716 3588 801 3681 quid
818 3585 908 3672 urbi,
924 3587 1007 3679 quid
1021 3587 1138 3669 ltaliae,
1154 3586 1239 3679 quid

157 3712 288 3783 mundo
309 3709 483 3804 expediat,
507 3710 708 3802 cogitantes.

299 3860 389 3916 XIIII.
407 3861 467 3915 Kal.
485 3860 653 3916 Decembris.

665 4087 743 4100 *Δ
