3024 4802
292 393 350 453 5111
625 401 666 448 nu
687 398 788 449 nunus
809 397 1032 448 raururnnreus

292 537 463 634 spondere
484 537 585 607 visus
606 547 671 622 est,
695 544 734 606 ut
751 537 858 606 multa
883 532 969 606 mihi
998 531 1150 626 suspiria
1174 543 1370 614 renovaret,

292 663 440 734 sednon
463 661 509 731 ita
528 673 565 731 ut
587 657 739 731 nonsibi
760 679 899 751 quoque
919 659 1026 728 multa
1046 677 1285 752 responsurus
1302 657 1373 726 100-

292 789 370 870 rim,
391 785 419 856 si
438 781 617 855 nobiscum
640 793 770 875 ageret.
791 781 902 864 Nunc,
917 791 955 852 ut
972 788 1067 874 puto,
1084 777 1141 852 vel
1162 778 1305 852 tacitum
1325 779 1373 850 iu-

292 909 422 1002 telligit.
442 909 541 990 Vale,
565 927 697 976 memor
718 902 838 977 nostri.

432 1053 593 1120 Mediolani,
609 1051 670 1105 tur.
688 1050 749 1104 Kal.
766 1049 847 1104 Iunii.

709 1513 887 1580 EPISTULA
908 1513 964 1578 1111.

344 1724 539 1774 rntnctscus
560 1722 730 1772 PETRARCA
753 1721 879 1771 CAROLO
900 1722 940 1770 lv.
963 1721 1160 1772 lurennront
1181 1721 1328 1772 AUGUSTO

770 1827 796 1876 S.
819 1828 847 1875 P.
869 1828 899 1876 D.

426 2004 586 2066 Discessnm
601 2011 661 2065 eins
676 1999 805 2064 abd‘tah'a
819 2008 940 2080 graviter
953 2007 1045 2080 arguit
1059 2012 1088 2062 et
1102 2007 1241 2079 obiurgat.

391 2266 495 2336 italos
518 2263 605 2335 fines
625 2274 661 2335 et
680 2267 831 2336 claustra
853 2263 963 2334 nostri
986 2261 1081 2333 orbis
1107 2262 1247 2332 intranti
1265 2280 1373 2353 nuper

291 2389 406 2462 animo
436 2380 497 2458 tibi
518 2386 646 2459 obvius
681 2396 717 2458 et
741 2387 864 2458 litteris
884 2386 947 2470 ini,
963 2370 1041 2456 'neo
1068 2387 1177 2456 multo
1202 2389 1373 2477 pestate

291 2518 437 2582 vocatus
453 2518 490 2582 et
509 2530 665 2603 corpore.
684 2507 880 2580 Abeuntem
902 2507 1018 2578 animo
1039 2529 1179 2600 quoque
1197 2527 1327 2598 sequor
1341 2514 1374 2576 ot

290 2633 425 2704 litteris.
447 2635 519 2704 Hoc
539 2632 685 2702 interest
713 2629 807 2725 quod
829 2643 910 2704 tuno
943 2633 1034 2702 laetae
1058 2631 1183 2702 litterae
1202 2631 1373 2720 laetusque

291 2756 427 2826 animus
445 2755 520 2838 fuit,
543 2776 636 2826 nuno
656 2761 782 2826 moesta
803 2760 885 2824 sunt
901 2753 1026 2824 omnia.
1058 2753 1154 2844 Ergo
1171 2763 1220 2836 tu,
1244 2753 1370 2836 Caesm,

292 2879 387 2972 qnod
407 2899 496 2948 avus
518 2887 599 2948 tuus
621 2876 862 2969 innumerique
883 2874 939 2946 alii
961 2884 1056 2947 tanto
1077 2874 1249 2968 sanguine
1278 2896 1374 2967 quae-

292 3000 425 3071 sierunt
446 2997 619 3090 tantisque
637 2995 824 3081 laboribus,
844 2997 920 3068 sine
941 2997 1061 3070 labore
1077 2998 1225 3091 adeptus
1243 3007 1280 3068 et
1298 3019 1374 3069 san·

292 3120 412 3212 guine,
430 3121 682 3212 complanatam
706 3129 932 3214 apertamque
953 3119 1098 3204 ltaliam,
1122 3131 1243 3214 patens
1271 3122 1374 3192 limen

293 3241 389 3313 urbis
415 3242 547 3326 Romae,
580 3250 755 3337 sceptrum
777 3242 887 3327 130113,
912 3242 1199 3338 imperturbatum
1221 3267 1263 3315 30
1283 3243 1376 3337 paci-

293 3363 396 3436 ficum
415 3364 616 3457 imperium,
637 3364 817 3438 incruenta
837 3364 1044 3446 diademata.
1060 3368 1117 3438 vei
1132 3375 1307 3439 tantorum
1326 3367 1376 3437 in-

294 3499 414 3580 gratus
436 3509 619 3560 munorum
640 3491 698 3560 vel
723 3511 840 3560 rerum
864 3510 932 3560 non
952 3488 1100 3561 idoneus
1120 3491 1325 3573 aestimator,
1343 3499 1377 3560 et

294 3611 370 3683 haec
390 3611 530 3703 linquis,
553 3621 589 3680 et
610 3609 643 3706 (o
665 3621 823 3683 naturam
846 3621 982 3684 mutare
1005 3634 1153 3705 magnus
1175 3611 1306 3706 labori)
1332 3609 1376 3682 ad

294 3733 474 3806 barbarica
507 3754 646 3804 rursum
672 3755 781 3826 regna
806 3735 1024 3806 revolveris?
1043 3735 1119 3806 Nou
1145 3733 1258 3806 audeo
1283 3735 1376 3806 ctare

295 3854 355 3924 tibi
388 3855 505 3927 dicere
528 3855 624 3948 quod
648 3877 748 3928 mens
782 3877 909 3950 resque
940 3857 1101 3949 exigunt,
1130 3879 1173 3928 ne
1206 3865 1239 3927 te
1264 3856 1375 3928 verbo

293 3977 507 4061 contristem,
527 3980 595 4072 ¹qui
621 4001 676 4052 me
705 3987 740 4050 et
773 3980 940 4052 mundum
965 3982 1056 4052 facto
1084 3980 1270 4052 contristas
1300 3991 1373 4052 tuo:

294 4121 363 4168 000
377 4089 478 4192 vquod
501 4102 547 4173 ob
573 4103 766 4176 invectivas
792 4125 832 4176 ac
853 4115 990 4199 satyras
1011 4103 1138 4197 quibus
1165 4103 1288 4175 merito
1314 4127 1375 4199 pa-

295 4221 496 4310 negyricum
516 4225 696 4309 debentur,
718 4226 893 4298 anatoliam
914 4225 959 4296 ob
975 4247 1116 4298 causam
1137 4249 1259 4298 verum
1279 4227 1371 4320 ioqui
