3002 4794
447 411 539 462 nrusn
560 411 886 467 nouus—uersuum
907 419 935 467 v.
1183 405 1217 467 ll

122 545 124 552 ’
146 555 396 629 conscientiam
423 577 533 628 meam
560 564 668 629 testor
700 577 757 628 me
789 559 961 632 neminem
993 561 1119 646 fallere,
1139 562 1222 634 nulli

146 677 328 750 hominurn
348 677 504 763 invideo,
527 699 600 772 prae
621 679 781 753 omnihus
802 681 893 752 notis
914 682 1001 753 meis
1027 694 1119 754 sorte
1144 705 1224 778 pro·

146 800 220 895 pria
236 809 436 884 contentus,
456 807 491 872 et
506 800 543 872 id
562 800 677 895 potius
698 823 822 874 vereor
836 823 879 876 ne
897 803 1007 876 hostis
1021 804 1105 876 mihi
1117 826 1223 900 quam

147 945 189 994 ne
202 924 335 1017 hospes
350 924 395 995 sit
407 922 619 1009 invidia,hoc
631 925 894 1013 est,invidiosus
907 926 1018 1019 magis
1030 949 1222 1021 essequam

146 1046 301 1118 invidus.
320 1045 396 1118 'libi
416 1053 547 1134 antem,
569 1057 680 1142 pater,
702 1069 772 1120 non
788 1048 892 1121 modo
908 1070 977 1120 non
997 1049 1145 1136 invideo,
1162 1050 1224 1123 sed

148 1176 188 1238 ut
204 1168 317 1240 dicam
336 1169 431 1262 quod
451 1170 576 1256 sentio,
599 1169 692 1241 filiali
705 1171 808 1243 eliam
822 1169 1007 1244 devotione
1019 1171 1222 1267 compatior:

147 1312 262 1384 neque
285 1290 346 1362 tihi
366 1300 513 1378 tantum,
542 1291 605 1366 sed
629 1293 790 1366 omnibus
824 1316 911 1389 quos
944 1317 1008 1392 par
1039 1295 1224 1390 pastoralis

148 1436 230 1487 cura
250 1414 378 1510 premit
398 1417 513 1489 officii:
534 1415 594 1489 tibi
627 1425 744 1489 autem
777 1418 953 1512 aliquanto
970 1419 1222 1507 vehementius,

149 1539 203 1610 cni
224 1561 332 1632 super
350 1537 597 1612 ecclesiasticae
617 1539 857 1614 sollicitudinis
874 1563 1091 1615 communem
1118 1545 1225 1616 sarci-

150 1684 239 1748 nam,
259 1671 399 1734 tuorum
419 1682 556 1757 quoqne
573 1663 703 1736 civium
715 1673 758 1750 et,
774 1664 902 1758 quibus
915 1664 972 1737 illa
984 1664 1107 1738 civitas
1122 1665 1225 1738 mise-

150 1783 318 1856 rabilibus
336 1784 450 1858 modis
471 1793 589 1870 scatet,
611 1784 763 1858 civilium
786 1786 998 1860 simultatum
1019 1787 1156 1882 pondus
1169 1789 1247 1860 ao-'

151 1906 254 1993 cedit,
276 1907 454 1979 familiaris
475 1907 585 2001 pestis
606 1909 717 2002 patria
737 1908 824 1982 urbe
849 1910 1079 2002 regnantium.
1105 1911 1226 1984 Restat

95 2113 97 2118 ,
151 2030 272 2103 utiam
293 2029 375 2102 hinc
394 2030 439 2103 de
460 2051 522 2126 spe
541 2041 705 2125 metuque
724 2030 903 2104 disseram.
918 2034 1070 2105 Primum
1084 2034 1225 2126 quidem

152 2153 196 2226 de
211 2164 271 2225 tua
288 2153 388 2225 ruina
407 2156 502 2224 nulla
522 2154 606 2225 mihi
627 2175 709 2247 spes
727 2155 932 2227 adscensus.
959 2157 1047 2226 Pace
1072 2164 1133 2228 tua
1156 2154 1226 2228 dici

152 2278 274 2350 credas
288 2277 408 2349 velim:
422 2261 597 2371 nunquam
610 2277 803 2348 mihivenit
816 2275 1032 2362 inanimum,
1048 2299 1226 2370 nunquam

153 2401 273 2472 veniel
292 2410 329 2472 ut
343 2401 451 2473 otium
464 2424 579 2475 meum
593 2423 673 2472 oum
686 2399 754 2472 tuis
768 2396 931 2492 negotiis,
946 2397 1097 2492 quietem
1111 2419 1226 2470 meam

152 2545 228 2596 cum
249 2525 318 2597 tuis
339 2524 527 2610 laboribus,
546 2531 786 2621 paupertatem
800 2545 912 2596 meam
924 2545 1004 2596 cum
1018 2521 1088 2595 tuis
1101 2521 1225 2616 opibus

153 2656 385 2720 commutasse
404 2647 549 2741 cupiam.
571 2649 668 2720 Neve
689 2669 745 2720 me
765 2648 937 2719 fortunam
958 2655 1053 2719 tuam
1070 2645 1226 2718 fastidire

154 2770 315 2842 aestimes.
330 2771 439 2843 Nemo
454 2791 603 2864 usquam
623 2771 713 2843 vivit
730 2781 800 2842 tuae
821 2768 925 2842 sortis
946 2768 1046 2842 cuius
1069 2768 1153 2840 solio
1171 2787 1227 2839 se-

154 2892 232 2965 dere
251 2896 393 2978 vellem,
415 2893 520 2965 immo
540 2915 626 2968 vero
639 2914 710 2965 non
720 2891 998 2988 pertinacissime
1012 2910 1224 2974 recusarem,

155 3015 183 3086 si
201 3019 292 3090 ultro
308 3017 413 3088 etiam
433 3017 621 3090 offerretur.
644 3017 679 3087 Si
695 3016 843 3089 mentior
859 3015 1000 3088 fulmine
1025 3012 1115 3086 ictus
1140 3011 1227 3084 inte·

155 3162 255 3212 ream.
274 3139 456 3213 lllirahitnr
472 3142 621 3212 sortasse
646 3138 786 3232 aliquis:
812 3148 849 3212 tu
874 3139 995 3234 procul
1027 3135 1132 3208 dubio
1157 3155 1227 3206 non

156 3263 300 3348 miraris,
323 3263 383 3357 qui
404 3274 473 3335 tum
494 3259 587 3336 sedis
605 3260 766 3334 duritiem
780 3282 848 3334 non
861 3259 1012 3353 ignoras.
1026 3259 1146 3352 Neque
1160 3279 1227 3350 ego

157 3393 224 3454 tam
240 3394 437 3458 constanter
456 3386 534 3458 haec
550 3385 711 3471 dicerem,
725 3383 793 3457 nisi
807 3404 961 3456 romanae
975 3380 1069 3455 sedis
1082 3379 1227 3454 Antisti-

156 3511 224 3576 tem
243 3516 278 3578 et
292 3507 358 3579 hos
379 3529 520 3579 romano
540 3506 680 3580 cardine
692 3505 856 3600 fulgidos,
871 3515 976 3599 atque
989 3503 1075 3576 alios
1090 3502 1227 3576 urbium

155 3631 313 3722 praelatos
330 3629 542 3702 familiariter
565 3630 758 3713 novissem3
784 3650 865 3723 quae
889 3615 1101 3702 familiaritas
1127 3625 1163 3694 in
1186 3623 1227 3694 il-

155 3751 265 3852 lorum
286 3753 685 3846 adumbrataefelioilatis
704 3752 832 3826 iudicio
852 3774 907 3824 me
923 3770 992 3822 non
1006 3747 1087 3819 sinit
1097 3767 1225 3819 errare.

154 3877 288 3950 llictum
299 3877 505 3949 interseram
522 3876 686 3950 Hadriani
697 3879 811 3970 Papae.
826 3874 912 3946 Nam
929 3873 1059 3946 dictum
1075 3869 1159 3940 illud
1171 3890 1227 3941 re-

154 4002 208 4092 gis
228 4001 390 4072 omnibus
410 4007 465 4074 est
484 4008 618 4085 notum,
641 4000 701 4094 qui
719 3998 882 4071 traditum
903 3995 970 4068 sihi
989 3993 1165 4082 diadema,
1187 4004 1227 4066 ut

154 4121 312 4194 Valerius
334 4123 394 4208 ait,
416 4123 513 4217 prius
530 4129 638 4216 ¹quam
651 4120 754 4216 capiti
766 4119 965 4214 imponeret,
981 4128 1152 4192 retentum
1165 4116 1226 4188 diu

154 4245 390 4330 considerans,
412 4245 513 4318 dixit:
534 4245 562 4316 Ο
582 4243 731 4320 nobilem
748 4243 861 4337 magis
875 4265 979 4339 quam
993 4243 1127 4318 felicem
1139 4260 1227 4335 pan-
