2958 4804
282 349 339 412 ⁰292
623 363 663 410 nn
685 363 786 411 nunus
808 362 1030 412 snururnnrnus

280 511 374 570 certe
395 499 634 592 praestiturum
656 521 774 592 spero,
793 510 829 569 et
848 498 992 570 consina
1013 520 1090 571 mea
1110 498 1262 585 interim,
1282 522 1364 595 quas

281 625 407 694 multos
429 631 469 694 ut
487 625 617 694 lateant
637 622 739 706 nitor,
760 620 820 691 tibi
838 631 942 716 atquc
960 621 1081 693 amicis
1098 622 1262 696 omnibns
1283 645 1362 717 prce

280 748 399 818 batum
437 748 477 819 iri
509 770 578 820 non
615 748 777 850 despero,
812 768 1025 840 quamquam
1063 747 1148 818 mihi
1183 747 1218 817 in
1255 746 1360 818 rebus

279 870 441 942 omnibus
464 869 698 942 testimonium
719 869 941 940 conscientiae
963 869 1046 940 satis
1066 867 1121 939 sit.
1143 869 1239 940 Vale.

423 1017 511 1072 XIIII.
529 1015 667 1070 Kalendas
681 1014 857 1083 Novembris,
874 1031 958 1086 super
970 1014 1086 1070 ssumIna
1101 1014 1257 1088 Babylonis.

698 1465 877 1531 EPISTOLA
903 1467 936 1530 V.

359 1654 555 1706 rnanclscus
576 1653 746 1703 Psrntncn
766 1654 840 1703 DUCI
860 1654 901 1702 ΕΤ
922 1653 1066 1704 CONSILIO
1087 1654 1283 1704 nntnunulcn

664 1756 829 1806 ltnunnsls
851 1759 877 1807 S.
899 1760 926 1807 P.
949 1760 978 1807 D.

279 1922 429 1976 Victoriam
439 1919 572 1974 adversus
577 1918 697 1986 Venetos
707 1917 825 1972 summis
834 1916 963 1971 laudibus
973 1916 1064 1985 effert,
1071 1917 1256 1988 hortaturque
1265 1915 1354 1970 admo

369 2009 486 2064 destiam
499 2015 526 2064 et
541 2008 797 2079 magnanimitatem
811 2023 876 2077 erga
890 2006 984 2060 victos.
1002 2005 1095 2060 Civilis
1104 2005 1248 2061 discordiae
1258 2005 1352 2060 damna

368 2102 578 2165 commemorat,
594 2111 727 2166 armaque
741 2095 771 2150 in
785 2099 913 2150 externos
927 2095 1021 2150 hostes
1035 2095 1220 2150 convertenda
1234 2093 1334 2150 suadet.

377 2328 521 2419 Indutge
535 2326 632 2412 mihi,
652 2350 727 2413 oro,
749 2327 1092 2420 magnificentissime
1110 2329 1204 2411 Dux,
1225 2348 1352 2420 vosque

279 2450 413 2525 consilii
434 2449 627 2534 clarissima
646 2451 792 2522 Iumina:
818 2450 1030 2521 familiariter
1057 2448 1240 2520 vobiscum
1265 2449 1352 2542 loqui

279 2572 441 2668 equidem
461 2594 532 2643 non
551 2594 689 2656 vereor,
710 2595 824 2666 neque
837 2573 931 2680 hunc
942 2572 1066 2644 videor
1080 2571 1267 2666 anticipare
1286 2593 1352 2644 ser-

280 2717 416 2767 monem
452 2693 511 2787 qui
542 2702 636 2765 certo
666 2693 811 2766 consilio
827 2694 956 2767 dilatus
973 2705 1039 2766 est.
1058 2695 1233 2766 Hactenus
1252 2693 1350 2786 enim,

278 2820 399 2898 fateor,
422 2826 461 2887 ut
481 2817 584 2889 tantis
606 2814 711 2886 finem
744 2817 968 2912 apparatibus
1002 2820 1139 2889 fortuna
1159 2817 1272 2901 daret,
1298 2839 1353 2888 an-

279 2940 360 3010 xius
381 2921 628 3030 expectabam;
655 2948 691 3009 et
716 2939 808 3010 sIcut
827 2939 1052 3013 inhumanum
1079 2949 1154 3012 erat
1179 2940 1231 3012 ira
1255 2949 1352 3032 atque

279 3060 359 3133 odio
378 3059 565 3151 flagrantes
586 3059 721 3132 animos
742 3061 860 3133 verbis
885 3063 1089 3148 accendere,
1118 3064 1168 3134 sic
1193 3064 1351 3155 intempe

280 3183 409 3254 stivum
432 3180 532 3252 rebar
553 3192 706 3254 armatos
727 3194 763 3255 et
783 3183 851 3255 iam
873 3193 1007 3257 stantes
1028 3185 1064 3255 in
1083 3183 1156 3256 acie
1181 3184 1351 3256 dehortari

279 3327 322 3379 ac
340 3304 518 3376 retrahere
552 3305 597 3376 ab
629 3305 746 3376 armIs.
769 3307 925 3379 Sciebam
948 3309 1122 3400 galeatum
1150 3329 1230 3379 sero
1252 3308 1351 3381 duelli

279 3428 458 3524 penitere,
477 3439 513 3498 et
528 3427 564 3497 in
580 3437 678 3521 parte
695 3430 833 3500 functus
853 3449 940 3500 meae
960 3429 1156 3502 devotionis
1177 3428 1289 3501 officio
1305 3428 1352 3500 vi·

279 3550 403 3636 debar,
426 3570 469 3622 eo
488 3549 582 3644 quod
603 3560 683 3620 ante
704 3549 910 3645 principium
931 3550 1036 3623 huius
1053 3550 1148 3637 belli,
1167 3572 1238 3645 quo
1256 3551 1351 3623 simut

236 3671 238 3674 ’
279 3673 396 3744 oriens
429 3671 660 3763 occidensque
692 3693 885 3744 concussus
917 3683 983 3757 est,
1018 3672 1221 3767 priusquam
1255 3672 1351 3744 domo

278 3796 429 3888 profecta
442 3803 591 3886 utraque
604 3793 728 3866 classis
742 3803 848 3879 esset,
866 3796 959 3889 apud
972 3795 1350 3892 inclytumVenetorum

278 3914 417 4000 ducem,
445 3915 502 3986 cui
528 3924 565 3985 et
584 3914 697 3987 notior
719 3936 796 3988 sum
823 3925 858 3987 et
884 3939 1017 3988 memor
1038 3915 1108 4012 (sic)
1137 3926 1220 3989 tunc
1243 3937 1347 4000 eram,

278 4044 319 4105 ut
338 4045 520 4128 surgentes
541 4036 672 4108 irarum
694 4035 852 4111 flammas
872 4040 1095 4132 extingueret
1114 4038 1218 4110 enixe
1237 4038 1349 4110 admo·

277 4153 361 4224 dum
378 4165 413 4225 et
428 4178 536 4251 prope
556 4156 715 4231 flebiliter
732 4158 926 4242 intercessi,
942 4181 1010 4232 non
1026 4161 1172 4245 veritus,
1188 4181 1232 4230 ne
1245 4159 1348 4231 alieno

436 4457 451 4500 t
