2988 4800
274 377 331 436 ton
607 389 648 436 uu
669 389 769 436 annus
791 388 1011 435 ricimannus

261 499 308 595 ,et
329 525 405 606 fide,
429 534 463 594 et
483 545 563 614 quae
585 524 618 590 iu
631 521 787 592 eamdem
809 522 1011 592 senteutiam
1036 533 1245 614 sequuntur:
1267 546 1345 596 con-

273 647 421 718 corditer
440 645 632 717 vivendum
653 667 732 715 esse
750 667 828 716 cum
850 644 937 727 suis3
957 646 1140 716 concordia
1159 645 1252 715 enim
1270 670 1347 739 par-

274 791 336 839 vas
358 788 528 852 crescere,
556 767 729 839 discordia
753 770 926 838 maximas
954 790 1009 838 res
1034 766 1149 838 dilabi.
1176 772 1346 863 Exemplo

273 893 317 959 hl.
339 889 503 984 Agrippae
520 891 703 983 plurimum
723 891 802 961 huic
820 892 999 962 sententiae
1017 890 1149 978 debeat,
1169 915 1346 986 perquam

273 1027 307 1086 et
326 1017 432 1084 frater
452 1023 487 1083 et
509 1015 623 1084 socius
644 1023 680 1083 et
700 1012 830 1085 amicus
852 1025 887 1084 et
907 1036 969 1084 rex
992 1013 1103 1084 bonus
1130 1013 1199 1084 fiet.
1222 1014 1348 1086 Amici-

274 1139 329 1207 tiis
347 1146 426 1230 post
442 1139 565 1220 Deum,
585 1145 664 1228 post
680 1137 844 1206 virtutem
858 1137 943 1206 nihil
955 1137 1069 1207 carius
1083 1136 1224 1207 habeat:
1243 1159 1347 1228 quem

275 1263 382 1330 semel
403 1257 551 1329 amicitia
571 1259 715 1350 dignum
734 1258 876 1330 duxerit
892 1261 986 1328 nulla
1002 1259 1133 1330 consilii
1148 1268 1245 1352 parte
1266 1259 1348 1330 sub-

274 1394 429 1453 moveat:
464 1404 685 1477 sequensque
719 1384 860 1452 Senecae
891 1382 1086 1465 consilium,
1121 1383 1237 1453 omnia
1269 1405 1347 1452 cum

274 1509 384 1577 amico
408 1506 588 1589 deliberet,
614 1505 677 1576 sed
698 1506 741 1576 de
765 1507 842 1600 ipso
863 1505 969 1598 prius.
992 1505 1137 1576 Multum
1159 1503 1256 1588 fidat,
1286 1505 1348 1576 sed

273 1653 342 1700 non
360 1631 492 1700 multis:
510 1640 545 1699 et
561 1629 699 1699 insistat
711 1651 834 1699 verum
848 1629 998 1698 amicum
1011 1650 1031 1697 a
1044 1626 1169 1698 blando
1182 1627 1285 1698 hoste
1297 1628 1348 1698 di-

274 1775 446 1822 scernere.
468 1753 579 1822 Veras
600 1751 721 1822 laudes
742 1751 885 1846 accipiat
911 1761 949 1821 ut
968 1751 1136 1821 virtutum
1167 1751 1344 1836 stimulos

272 1873 455 1945 blanditias
473 1883 630 1945 coerceat
648 1884 685 1944 nt
702 1897 886 1946 venenum.
907 1874 1017 1945 Tarde
1034 1882 1091 1945 eat
1103 1875 1138 1942 in
1151 1872 1345 1956 amicitiam,

271 1996 404 2066 tardius
422 1997 501 2068 inde
519 1998 687 2080 discedat,
703 2008 746 2083 et,
763 1998 792 2067 si
813 1997 885 2068 lieri
907 2010 1031 2093 potest,
1049 2021 1244 2090 nunquam:
1266 1997 1302 2066 id
1321 1998 1348 2066 i-

271 2142 371 2212 psum
399 2143 467 2190 nou
488 2121 745 2215 praecipitanter
770 2120 833 2192 sed
858 2121 1068 2214 pedetentim
1093 2122 1208 2204 faciat,
1236 2131 1283 2207 et,
1312 2133 1348 2192 ut

238 2326 241 2349 ‚
269 2255 323 2314 est
336 2245 477 2336 antiquo
491 2243 685 2337 proverbio,
705 2243 841 2316 dissuat
858 2244 1057 2328 amicitiam,
1076 2265 1145 2312 nou
1163 2244 1346 2315 discindat.

238 2361 239 2368 '
270 2369 413 2451 Qualem
435 2380 591 2459 praestat,
615 2371 718 2438 talem
740 2369 785 2439 ab
805 2368 880 2440 aliis
906 2367 1059 2437 animum
1083 2378 1212 2462 speret,
1235 2389 1347 2460 neque

269 2513 289 2560 a
310 2513 485 2582 quoquam
504 2492 600 2582 diligi
618 2491 683 2562 sibi
699 2489 821 2581 fingat,
838 2513 942 2584 quem
963 2492 1039 2585 ipse
1056 2513 1125 2561 non
1143 2490 1266 2582 diligit.
1284 2493 1348 2561 Er-

270 2637 326 2684 ror
347 2613 411 2683 iste
432 2622 611 2706 potentum
632 2621 696 2684 est.
719 2613 902 2685 Liberrimi
928 2623 1043 2684 autem
1071 2624 1152 2685 sunt
1176 2613 1346 2685 affectus:

269 2736 389 2827 iugum
410 2758 480 2806 non
498 2739 624 2818 lerunt,
647 2734 824 2807 dominum
850 2757 919 2805 non
946 2745 1151 2826 agnoscunt3
1170 2757 1346 2828 nunquam

269 2881 367 2930 amor
386 2859 453 2928 nisi
474 2881 591 2929 amore
612 2859 759 2950 cogitur.
781 2861 829 2928 De
848 2858 959 2930 amico
981 2880 1064 2929 sane
1085 2857 1171 2928 nihil
1191 2860 1273 2929 mali
1290 2883 1346 2931 co

269 2984 367 3073 gitet,
390 2980 475 3050 nihil
496 2991 625 3052 temere
646 2981 808 3074 cuiquam
829 2982 962 3053 credat:
983 2985 1085 3076 pellat
1106 2983 1344 3075 suspiciones,

268 3103 480 3175 delatoribus
502 3127 622 3176 aurem
644 3117 759 3196 neget,
783 3106 991 3198 pertinacius
1012 3107 1183 3178 instantes
1205 3115 1343 3197 arguat,

268 3250 337 3297 non
357 3228 558 3298 desinentes
585 3229 714 3321 puniat.
742 3231 966 3322 Imperatoria
992 3253 1064 3301 vox
1089 3239 1159 3301 ost:
1187 3227 1346 3322 Princeps

269 3351 327 3437 qor'
356 3347 514 3418 delatores
547 3373 615 3419 noc
644 3351 792 3440 cantiprat,
821 3352 940 3420 irritet.
969 3348 1168 3424 Alexander
1191 3352 1344 3436 Macedo

269 3473 348 3543 licet
367 3473 684 3567 impetuosissimus
704 3476 918 3557 adolescens,
941 3474 1069 3545 eximia
1089 3486 1202 3546 tamen
1216 3473 1346 3546 'fiducia

268 3596 475 3688 contempsit
488 3606 737 3682 accusatorem,
754 3608 789 3668 et
805 3598 888 3667 felix
905 3596 967 3666 luit
982 3608 1140 3682 eventus,
1159 3608 1198 3667 ut
1215 3596 1344 3668 debuit.

270 3719 446 3812 Siquidem
467 3731 660 3812 porrectam
683 3721 749 3792 sibi
774 3720 946 3812 potionem
972 3742 992 3790 a
1016 3720 1177 3814 Philippo
1197 3719 1343 3802 medice,

269 3868 371 3936 quem
394 3846 540 3928 amabat,
563 3847 596 3915 in
619 3847 779 3917 manibus
805 3844 960 3929 habenti,
989 3852 1267 3936 supervenerunt
1291 3842 1347 3913 lit-

271 3979 354 4038 terae
371 3991 390 4038 a
406 3970 640 4053 Parmenione,
656 3970 783 4062 quibus
797 3966 1056 4052 admonebatur,
1074 3967 1264 4062 Philippum
1278 3967 1344 4036 Da-

269 4088 309 4156 rii
331 4092 532 4162 muneribus
566 4101 804 4185 expugnatum
835 4113 954 4161 necem
989 4090 1067 4160 eius
1101 4091 1193 4161 hosti
1217 4089 1346 4182 promi·
1375 4155 1381 4172 ,

270 4209 374 4280 sisse:
389 4211 504 4304 itaque
517 4212 690 4284 cavendas
705 4212 859 4297 insidias,
880 4224 915 4284 et
932 4214 1141 4285 mortiferam
1159 4212 1343 4304 potionem.
