3002 4794
246 298 285 358 oo
583 305 623 352 on
645 305 746 352 nunus
767 301 989 352 sumnruumus

245 459 279 518 et
299 446 346 514 nil
366 443 549 516 iucundius
579 441 787 535 expectanti.
823 441 997 511 Caeterum
1024 439 1081 510 bic
1104 461 1198 511 nunc
1222 441 1326 511 animi

247 569 355 652 labor,
377 577 412 639 et
436 567 626 638 vehemens
651 585 719 635 non
744 561 857 654 magis
878 583 1036 634 meorum
1065 583 1171 654 quam
1204 562 1325 635 mundi

247 694 415 762 malorum
438 687 639 771 recordatio,
662 696 743 756 ante
764 687 883 756 oculos
901 683 985 754 mibi
1006 686 1185 756 constituit
1204 686 1329 756 Gerar-

246 815 339 897 dum,
355 811 636 883 Charlusiensem
657 808 877 889 monachum,
893 829 1097 897 germanum
1113 828 1229 877 meum
1251 808 1329 878 uni-

246 959 340 1019 cum,
364 934 562 1024 virumque,
580 953 636 1002 me
653 930 779 1012 iudice,
800 927 1052 1011 felicissimum,
1067 937 1102 999 et
1115 928 1180 998 has
1194 947 1328 1011 omnes,

247 1060 375 1152 quibus
396 1056 540 1127 assidue
558 1052 742 1145 quatimur,
763 1049 922 1122 miserias
941 1049 1329 1145 supergressummibi

247 1201 386 1272 quoque
405 1177 654 1271 sempiternum
673 1173 929 1265 improperium,
949 1173 1017 1264 qui,
1037 1193 1093 1242 me
1110 1173 1145 1242 in
1164 1170 1329 1242 fluctibus

247 1301 433 1383 laborante,
452 1307 590 1392 portum
611 1305 734 1378 teneat,
757 1303 793 1366 et
812 1295 984 1366 humanas
1006 1294 1052 1365 ab
1071 1296 1142 1366 alto
1158 1291 1330 1386 despiciat

247 1431 481 1515 tempestates.
510 1421 559 1490 llli
580 1441 667 1510 ergo
692 1417 844 1489 scribere
867 1416 986 1488 visum
1011 1428 1080 1488 est:
1107 1417 1232 1488 litterae
1253 1435 1329 1488 suae

250 1556 286 1616 ut
306 1545 349 1619 ad
366 1568 446 1616 eum
469 1541 689 1638 perveniant,
712 1539 862 1612 curabis.
884 1541 979 1610 Vale.

356 1689 454 1761 Carpi,
471 1688 522 1743 VII
538 1687 599 1742 Kal.
617 1687 752 1742 Octobris.

669 2106 847 2172 EPISTOLA
867 2107 909 2169 ΙΙΙ.

313 2297 507 2347 uuuuclscus
528 2295 697 2346 rennuunt
717 2295 868 2346 cnutone
889 2294 1007 2344 suarm
1027 2295 1087 2345 SUO
1107 2293 1261 2344 uoulcno

604 2401 827 2452 cuusuuslluo
849 2400 875 2448 S.
897 2399 925 2448 Ρ.
946 2400 976 2450 D.

313 2539 474 2595 Gratulatur
488 2541 698 2596 sanctimoniam
711 2541 784 2609 vitae,
799 2557 885 2611 quarn
899 2541 972 2596 inter
987 2540 1184 2597 chartusianos
1198 2541 1277 2612 agit,

393 2635 422 2687 et
436 2630 524 2684 multa
538 2635 738 2685 commemorat
751 2630 786 2684 de
800 2647 850 2686 sua
864 2631 979 2702 eiusque
993 2630 1187 2688 adolescentia.

347 2872 447 2943 Subit
459 2871 625 2954 animum,
644 2872 721 2940 luce
739 2871 822 2940 mibi
838 2872 951 2946 carior
971 2893 1148 2964 germane,
1168 2874 1332 2964 longaevo

250 2994 384 3065 silentio
410 2991 515 3062 finem
541 3013 686 3086 ponere:
712 2993 807 3084 quod
834 2994 864 3065 si
887 2997 1005 3068 lorsan
1030 2994 1192 3068 obliviosi
1225 2996 1332 3066 animi

248 3113 410 3185 indicium
433 3113 622 3200 arbitraris,
658 3114 797 3186 falleris.
830 3116 905 3188 Non
940 3115 1038 3209 prius
1073 3127 1106 3188 te
1138 3138 1242 3210 quam
1275 3139 1332 3190 mc

199 3241 201 3245 '
249 3238 364 3330 ipsum
384 3235 581 3307 obliviscar.
610 3235 723 3308 Timui
743 3237 911 3309 hactenus
934 3237 1080 3310 tirocinii
1103 3238 1151 3310 tui
1176 3237 1330 3331 quietem

249 3361 518 3450 interrumpere;
531 3359 653 3450 lugere
667 3367 702 3428 te
715 3359 908 3452 strepitum,
922 3381 1040 3434 amare
1053 3360 1227 3432 silentium
1242 3359 1332 3432 scie-

249 3483 342 3567 bam,
365 3503 422 3552 me
442 3501 536 3564 vero,
560 3481 590 3552 si
613 3461 721 3552 semel
741 3481 942 3574 inciperem,
964 3481 1059 3554 baud
1080 3482 1179 3554 facile
1198 3482 1332 3554 desitu-

249 3629 343 3691 rnm;
376 3605 407 3678 is
433 3627 531 3677 amor
560 3603 710 3688 tuiest,
742 3626 784 3677 ea
816 3625 934 3676 rerum
965 3615 1104 3678 tuarum
1136 3603 1329 3676 admiratio.

249 3727 277 3798 E
294 3729 433 3801 duobus
455 3729 560 3820 igitur
577 3727 744 3800 extremis
762 3749 831 3797 uon
848 3727 990 3818 quidem
1012 3727 1098 3798 mihi
1115 3727 1248 3819 gratius
1268 3726 1331 3798 sed

251 3850 313 3921 tibi
339 3851 556 3944 tranquillius
582 3848 764 3941 eligebam.
789 3849 897 3933 Nunc,
921 3857 959 3920 ιιι
979 3871 1103 3920 verum
1123 3850 1240 3932 latear,
1263 3869 1333 3918 oon

251 3982 322 4042 tam
340 3973 400 4045 tibi
416 3996 521 4066 quam
542 3972 628 4044 mihi
648 3973 886 4056 consulturus
909 3969 1194 4044 adscribendum
1215 3968 1329 4042 venio.

252 4093 344 4179 Quid
362 4094 455 4164 enirn
478 4106 515 4166 ιιι
537 4095 767 4167 sermunculis
787 4094 875 4164 meis
894 4113 993 4184 eges,
1020 4091 1079 4183 qui
1099 4093 1242 4164 coeleste
1267 4090 1333 4161 iter
