3024 4802
372 386 483 434 'tisun
504 382 971 434 nonusnuctuus-nmsroun
993 382 1078 430 xvru.
1222 371 1280 430 ota

192 540 309 600 mento
330 547 399 620 quo
421 525 581 599 Christus
600 547 720 621 pacem
739 525 815 597 suis
837 527 939 618 legat,
954 522 1203 596 exhaeredatus
1220 536 1281 596 aut

195 650 398 746 praeteritus
417 627 572 720 videare.
595 649 685 720 Cura
707 647 737 720 si
760 648 865 743 sapis,
885 646 1031 741 utquod
1044 646 1169 740 cupide
1182 647 1277 732 facie,

192 773 298 846 facias
324 772 396 845 diu.
422 771 630 843 Dominandi
656 771 783 844 avidus
810 771 945 844 servire
969 767 1189 863 cupientibus
1216 768 1280 842 im-

193 918 286 990 pera.
317 896 518 978 Dominare,
553 897 674 979 trater,
709 894 881 966 dominari
906 891 1123 976 volentibus,
1152 891 1216 963 scd
1246 891 1281 962 in

193 1039 295 1115 pace,
314 1040 394 1111 quae
416 1020 489 1090 sola
510 1017 650 1110 quidem
673 1028 708 1088 et
729 1038 838 1110 parva
858 1035 989 1107 augere
1009 1023 1133 1108 potens
1155 1023 1228 1099 est,
1246 1024 1282 1088 et

193 1141 363 1235 dissipata
377 1140 555 1233 colligere,
567 1151 602 1212 et
614 1140 811 1231 exsanguia
826 1142 999 1212 refovere:
1014 1137 1206 1224 dominare,
1219 1140 1282 1212 sed

193 1267 330 1358 integra
350 1263 384 1335 in
407 1264 513 1349 nrbe;
536 1265 613 1336 sive
633 1263 799 1356 quoniam
820 1262 857 1335 id
876 1262 946 1334 iam
965 1259 1042 1334 lieri
1064 1262 1202 1354 nequit,
1226 1262 1281 1334 his

193 1388 282 1480 ipsis
303 1388 413 1460 ruinis
434 1387 614 1461 dominare
637 1385 818 1480 placatior,
845 1407 912 1456 nec
934 1386 1083 1457 laceram
1111 1369 1179 1456 iam
1207 1405 1282 1456 am-

194 1511 285 1605 plius
305 1512 524 1584 lacerandam
545 1508 753 1604 implacabili
770 1529 917 1582 censeas
935 1508 1081 1582 feritate.
1099 1508 1149 1579 Ne
1168 1507 1283 1582 accin-

135 1643 143 1676 '·
194 1634 289 1728 garis
310 1633 441 1726 linguae
462 1644 532 1708 tuae
553 1631 668 1725 gladio
693 1653 845 1724 semper,
874 1629 938 1702 sed
963 1630 1147 1724 prudentia
1172 1642 1207 1704 et
1232 1631 1283 1702 f-

193 1757 319 1830 cundia
353 1765 413 1832 tua
445 1757 586 1834 intende
619 1777 801 1852 prospere,
823 1753 987 1848 procede,
1011 1763 1047 1825 et
1069 1755 1211 1848 quaudo
1236 1755 1283 1828 ita

194 1879 265 1964 viS,
288 1879 457 1972 civesque
477 1881 600 1952 volunt
620 1877 687 1963 tui,
710 1898 837 1969 regna,
860 1887 895 1948 et
920 1877 1061 1950 attende
1087 1875 1280 1971 sequentia.

194 2001 336 2095 Propter
367 2002 542 2072 ueritatem
572 2002 661 2070 enim
687 2013 718 2070 et
742 1998 1027 2073 mansuetudinem
1060 2011 1091 2070 et
1123 2002 1284 2072 iustitium

193 2145 275 2219 quae
300 2123 397 2218 pacis
424 2120 544 2215 utique
571 2131 654 2195 sunt
680 2145 837 2208 sorores,
859 2120 993 2194 deducet
1027 2134 1057 2193 te
1088 2123 1285 2194 mirabiliter

194 2245 422 2318 doctoratus.
447 2247 623 2321 Memento
649 2258 687 2319 ut
711 2247 853 2320 Gedeon
877 2268 957 2319 cum
983 2245 1143 2320 audisset
1169 2267 1190 2316 a
1215 2248 1284 2319 Do-

194 2368 304 2442 min0:
326 2369 406 2442 Pam
432 2382 553 2454 tecum,
576 2392 618 2440 ne
646 2370 773 2453 timens,
801 2370 916 2441 erexit
941 2370 1049 2441 altare
1076 2369 1222 2440 Domino
1249 2378 1284 2439 et

194 2490 379 2564 domiuieae
399 2493 493 2586 pacis
515 2514 641 2592 nomen
661 2492 836 2586 imposuit.
864 2492 940 2564 Noli
965 2501 1002 2564 tu
1023 2492 1066 2565 de
1088 2490 1158 2564 tuis
1180 2490 1280 2564 bellis

194 2612 290 2705 quod
322 2633 487 2706 supremo
516 2614 601 2686 vitae
631 2623 788 2707 tempore
813 2615 920 2687 lulius
947 2613 1071 2687 Caesar
1095 2615 1282 2688 meditatus

194 2732 321 2820 fertur,
355 2735 458 2805 Marti
484 2736 651 2827 templum
677 2746 854 2806 extruere.
881 2735 984 2807 Aliud
1009 2758 1161 2831 namque
1187 2736 1284 2808 belli-

196 2875 317 2928 cosum
349 2855 557 2951 principem,
593 2857 688 2929 aliud
719 2854 901 2950 pacificum
935 2858 1075 2932 fratrem
1103 2861 1213 2932 decet.
1246 2860 1283 2930 In

196 2977 317 3062 finem,
340 2977 372 3050 si
391 2981 553 3074 exemplo
574 3000 729 3052 caesareo
749 2979 947 3066 delectaris
970 2992 1005 3052 et
1025 2981 1188 3053 dominus
1209 3002 1284 3051 ma-

197 3098 253 3172 vis
274 3119 356 3173 esse
375 3122 480 3193 quam
502 3102 620 3184 frater,
639 3104 707 3172 etsi
724 3102 810 3173 nihil
827 3103 1086 3176 monstruosius
1105 3125 1126 3174 a
1144 3103 1282 3176 saeculis

197 3224 355 3296 auditum
377 3224 435 3310 sit,
459 3224 489 3294 si
511 3235 627 3296 tamen
648 3234 743 3296 astra
763 3226 997 3312 consentiunt,
1017 3227 1085 3298 imo
1103 3227 1133 3297 si
1155 3228 1284 3320 patitur

196 3349 303 3432 neus,
325 3354 403 3419 esto
431 3345 610 3433 dominus,
638 3346 702 3418 sed
727 3336 881 3418 clemens
907 3357 942 3418 et
967 3339 1123 3420 mitis'et
1148 3360 1283 3423 amator

196 3470 312 3564 paciS,
339 3469 435 3562 quod
460 3470 556 3542 illum
581 3469 692 3542 luisse
717 3477 854 3540 constat
878 3469 1040 3542 omnibus
1067 3470 1102 3542 in
1132 3494 1282 3565 quorum
1322 3463 1323 3468 ’

197 3611 323 3664 manus
344 3591 435 3662 illius
456 3593 623 3686 epistolae,
645 3613 734 3685 quas
756 3612 820 3686 per
840 3590 955 3686 ipsum
974 3593 1087 3663 civilis
1101 3593 1183 3666 belli
1197 3604 1283 3668 tem-

197 3737 265 3808 pus
279 3715 428 3808 scripsit,
444 3717 530 3788 sorte
550 3722 797 3810 pervenerunt.
820 3716 892 3788 Hoc
911 3715 1068 3788 ultimum
1087 3714 1191 3810 quasi
1207 3739 1279 3790 coe-

196 3841 285 3911 leste
306 3839 486 3910 oraculum
507 3839 675 3909 ausculta.
705 3838 815 3910 Stude
834 3839 950 3932 potius
972 3849 1010 3911 ut
1031 3837 1092 3912 tibi
1110 3839 1199 3912 bene
1218 3840 1279 3925 sit,

196 3982 302 4060 quam
321 3971 361 4032 ut
381 3959 457 4032 aliis
483 3963 586 4046 male,
614 3973 649 4034 ct
673 3984 760 4034 cave
790 3985 833 4035 ne
865 3964 1025 4038 odiorum
1051 3976 1110 4037 aut
1136 3963 1280 4036 invidiae

198 4083 348 4156 stimulis
378 4084 543 4176 populum
570 4082 631 4156 tibi
659 4085 852 4160 subiectum
879 4089 914 4159 in
938 4100 1097 4162 extrema
1122 4085 1281 4158 miseria·
1399 4147 1401 4150 .

198 4229 289 4290 rum,
331 4226 411 4298 quae
448 4203 514 4276 iam
553 4205 669 4278 vicina
699 4220 796 4295 sunt,
831 4210 1055 4305 ultimamque
1092 4209 1278 4306 perniciem
