2958 4804
246 340 303 400 tut
582 355 622 402 nu
644 356 744 404 nunus
764 354 985 403 rnurulnamus

245 490 343 572 xilio;
374 511 551 582 nunquam
584 489 676 560 enim
709 491 889 562 defuturos
922 489 1070 562 arbitror
1095 492 1155 584 qui
1179 493 1224 565 ad
1254 491 1323 566 boc

245 633 352 682 unum
381 610 550 702 ingeniosi
584 611 665 695 sint,
700 620 739 681 ut
771 611 891 682 alienis
922 610 1129 681 insidientur
1157 611 1321 704 ingeniis.

246 735 344 805 Certe
360 755 425 824 ego
442 754 507 803 nec
526 731 666 803 latebris
693 755 756 804 neo
783 733 966 804 solitudine
990 743 1027 804 et
1050 733 1120 804 otio
1146 755 1210 804 nec
1235 756 1323 827 erga

245 856 329 926 alios
347 865 506 927 accurata
524 854 695 928 modestia
715 856 839 926 mereri
858 855 966 950 potui,
986 865 1025 926 ut
1044 856 1133 926 livor
1150 855 1322 928 hactenus

244 979 401 1073 obliquos
430 981 549 1050 oculos
576 979 621 1050 ab
648 979 827 1051 itineribus
855 980 942 1050 meis
967 987 1156 1063 averteret,
1190 989 1226 1050 et
1254 980 1322 1050 leci

244 1104 358 1173 omnia
380 1123 459 1195 quae
479 1102 652 1174 adversus
675 1103 765 1172 hanc
794 1111 928 1194 pestem
958 1098 1032 1172 fieri
1065 1111 1227 1196 possunt,
1252 1102 1322 1172 nisi

246 1247 352 1294 unum
385 1224 478 1317 quod
510 1247 574 1296 nec
607 1224 671 1295 leci
701 1246 765 1295 nec
793 1226 906 1294 facere
926 1233 982 1294 est
1001 1224 1150 1309 animuS,
1173 1246 1243 1295 non
1264 1245 1323 1294 me

246 1369 368 1421 somno
380 1369 444 1418 nec
463 1349 614 1440 ignaviae
628 1347 719 1428 dedi.
733 1349 861 1418 Praeter
878 1345 943 1418 hoc
961 1369 1080 1429 unum,
1100 1347 1219 1418 nescio
1236 1346 1323 1440 quid

244 1481 416 1563 expectet,
439 1470 506 1542 nisi
525 1492 726 1566 supremum
747 1469 891 1541 forsitan
911 1470 994 1539 vitm
1016 1469 1129 1552 diem;
1151 1478 1233 1540 tunc
1253 1471 1324 1540 sal-

247 1608 328 1679 tem,
355 1605 393 1666 ut
424 1615 536 1688 spero,
567 1591 857 1686 sequacissimum
887 1592 1032 1664 livorem
1058 1615 1079 1663 a
1107 1591 1257 1686 sepulcri
1281 1591 1324 1685 li-

245 1717 350 1802 mine¹
365 1717 476 1811 pudor
496 1714 637 1787 arcebit.
659 1714 735 1806 Age
764 1737 849 1806 ergo
880 1714 1026 1799 interim,
1049 1715 1169 1798 amice,
1191 1716 1321 1784 lamam

244 1862 357 1910 meam
378 1861 447 1909 non
472 1838 546 1908 sine
577 1848 635 1908 tua
664 1836 775 1928 gloria
795 1837 980 1909 defendes:
1014 1859 1119 1931 quem
1144 1835 1194 1906 tui
1215 1835 1321 1908 animi

245 1963 413 2046 ardorem,
435 1961 503 2032 etsi
522 1984 591 2032 non
604 1983 753 2052 egerem,
769 1959 947 2032 laudarem
966 1968 1095 2042 tamen;
1113 1981 1204 2028 nune
1220 1979 1318 2049 egeo,

245 2095 282 2156 ut
302 2084 386 2156 dixi.
407 2085 570 2156 Potentes
590 2085 702 2156 colere
723 2081 1006 2186 vulgaris-lavor
1027 2090 1095 2164 est;
1117 2080 1319 2152 eudemum

243 2231 329 2280 vera
346 2208 549 2302 magnitudo
568 2207 673 2279 animi
692 2216 757 2292 est,
776 2229 876 2300 opem
893 2209 984 2280 ferre
997 2192 1180 2278 debilibus.
1203 2205 1318 2276 Desti-

245 2343 341 2405 tutus
362 2355 444 2405 reus
465 2331 584 2405 maiori
606 2331 708 2403 laude
728 2329 931 2424 protegitur,
953 2340 989 2400 et
1013 2327 1159 2418 insignis
1183 2327 1318 2419 patroni

243 2456 436 2550 eloquentia
458 2455 608 2526 maxime
640 2477 688 2525 ex
720 2453 876 2547 ancipitis
901 2471 1025 2523 causae·
1042 2449 1242 2523 defensione
1261 2471 1319 2522 co

244 2579 431 2668 gnoscit'ur.
450 2578 549 2649 Unde
565 2599 634 2648 non
649 2576 724 2647 sine
736 2574 947 2646 audientium
965 2595 1113 2644 assensu
1127 2595 1189 2666 per
1201 2593 1317 2664 gram-

246 2699 446 2771 maticorum
466 2698 659 2770 testudines
679 2707 779 2769 sonat
795 2696 852 2767 ille
868 2695 1080 2766 versiculus:

403 2889 523 2952 Addidit
539 2887 678 2950 invalidae
695 2887 790 2950 robur
807 2887 943 2950 facundia
960 2902 1068 2950 causae.

244 3073 411 3158 Quamvis
431 3093 453 3141 a
473 3073 614 3142 Lucano
632 3080 701 3142 tota
727 3070 784 3141 illa
812 3091 869 3140 res
896 3066 976 3143 ficta
997 3069 1060 3138 sit:
1092 3065 1312 3160 nequeenim

245 3197 375 3267 Tullius
393 3193 590 3266 thessalicis
612 3193 741 3287 campis
759 3191 922 3274 interluit,
939 3190 1002 3262 sed
1015 3190 1060 3261 ad
1073 3187 1313 3285 perferendum

243 3341 348 3392 voces
366 3341 406 3390 ao
426 3327 509 3390 vota
529 3317 683 3389 omnium
704 3314 739 3385 in
760 3336 863 3386 aures
891 3312 991 3384 ducis
1020 3311 1114 3384 haud
1144 3309 1314 3381 immerito

243 3443 298 3515 ille
319 3463 411 3515 unus
431 3443 576 3515 idoneus
596 3439 696 3511 visus
715 3448 779 3510 est.
801 3440 922 3508 Restat
943 3443 980 3506 ut
1001 3433 1083 3505 mibi
1103 3443 1139 3504 et
1159 3433 1239 3504 huic
1258 3454 1314 3502 ca-

243 3572 335 3640 lamo
355 3568 508 3659 gratuler
529 3563 558 3638 si
575 3565 620 3636 ed
640 3562 893 3655 integrandam,
915 3569 953 3630 ut
974 3558 1111 3642 scribis,
1130 3553 1313 3626 amicitiam

244 3691 333 3764 inter
352 3687 591 3782 magnanimos
614 3687 689 3758 illos
710 3687 806 3756 viros
836 3693 968 3754 tantum
996 3679 1100 3752 ambo
1124 3677 1310 3758 valuimus,

243 3824 407 3906 quantum
422 3821 548 3906 praeter
564 3809 691 3880 nudam
707 3806 810 3878 fidem
824 3805 961 3876 minime
978 3801 1212 3876 merebamur:
1227 3797 1313 3868 mul-

244 3944 386 4026 tumque
419 3934 484 4005 illis
518 3955 623 4028 super
655 3930 786 4024 antiqui
823 3926 937 4000 meriti
970 3927 1146 3998 cumulum
1175 3920 1221 3992 ob
1249 3919 1312 4005 boo

169 4071 172 4075 ·
244 4057 357 4150 ipsum
379 4079 434 4129 me
454 4057 581 4129 debere
598 4060 718 4140 fatear,
738 4053 832 4147 quod
849 4072 886 4122 se
903 4048 986 4120 mihi
1005 4056 1074 4120 tam
1090 4045 1209 4117 faciles
1226 4059 1312 4136 prae-

142 4167 144 4173 ⁴
244 4178 401 4250 buerunt.
417 4177 516 4260 Quod
529 4186 724 4250 extremum
742 4173 843 4269 petis,
864 4183 902 4244 ut
920 4171 967 4241 illi
985 4171 1061 4242 viro
1077 4163 1259 4258 magnifice
1275 4162 1311 4232 li-
