2958 4804
379 319 470 366 LlBEll
491 315 988 366 bectubsuannlue-brtsroun
1009 317 1050 368 Vl.
1191 301 1250 363 235

175 459 251 530 bam
276 455 453 536 virtutem,
477 453 660 524 laudabam
685 452 915 546 propositum,
938 451 1157 545 mirabarque
1178 453 1251 524 ani-

174 604 269 654 mum
304 578 383 661 viri;
414 576 615 670 gratulabar
648 577 767 659 ltaliae,
803 578 904 646 almae
932 575 1026 647 urbis
1052 575 1249 669 imperium,

173 703 295 776 mundi
328 702 434 773 totius
467 699 621 792 requiem
643 698 889 792 praevidebam.
916 699 980 770 Tot
1004 720 1051 769 ex
1077 697 1252 770 radicibus

173 830 291 902 oriens
312 827 479 920 gaudium
503 825 724 897 dissimulare
749 847 818 896 uon
842 837 1013 922 poteram,
1036 825 1253 920 videbarque

174 953 258 1024 mihi
284 951 391 1023 totius
416 949 536 1042 gloriae
559 947 744 1044 particeps,
773 949 803 1020 si
828 949 979 1022 currenti
1001 949 1067 1021 sibi
1094 951 1252 1020 stimulos

175 1074 404 1158 addidissem,
423 1095 521 1167 quoe,
542 1083 580 1144 ut
599 1073 710 1144 nuntii
726 1073 803 1144 eius
821 1074 1038 1149 testabantur
1057 1083 1094 1144 et
1112 1075 1250 1156 litterae,

175 1199 209 1268 in
229 1197 347 1270 verbis
369 1197 456 1268 meis
476 1195 696 1269 acutissimos
718 1195 900 1270 sentiebat.
924 1199 1036 1268 Tanto
1055 1219 1122 1289 ego
1142 1196 1253 1288 magis

177 1319 351 1403 ardebam,
371 1319 610 1413 acuebamque
630 1319 796 1405 animum,
813 1321 843 1391 si
860 1319 945 1414 quid
956 1320 1157 1413 excogitare
1174 1341 1255 1412 pos-

179 1469 250 1518 sem
273 1445 368 1538 quod
387 1448 528 1516 fervens
548 1444 633 1517 illud
659 1444 836 1536 ingenium
866 1443 1108 1516 inflammaret:
1135 1453 1171 1514 et
1194 1444 1254 1537 qui

178 1567 284 1661 probe
303 1589 446 1639 nossem
466 1569 560 1640 nulla
580 1589 618 1638 re
639 1567 750 1659 magis
771 1589 875 1660 quam
897 1568 1006 1660 gloria
1032 1577 1067 1638 et
1092 1567 1264 1639 laudibus⁴

178 1711 383 1782 generosum
407 1699 528 1784 peetus
560 1689 792 1775 inardescere,
815 1689 1012 1762 inserebam
1036 1691 1157 1762 laudes
1182 1712 1255 1761 ma-

178 1814 322 1906 gnificas
342 1823 378 1884 et
397 1816 583 1885 multorum
601 1814 688 1884 sorte
705 1811 831 1885 iudicio
848 1815 986 1898 nimiae,
1006 1814 1070 1885 sed
1087 1835 1164 1884 mea
1182 1814 1256 1906 opi-

178 1938 281 2010 nione
294 1937 510 2020 verissimas
526 1913 811 2030 praeteritumque
823 1936 1081 2020 commendans
1092 1935 1255 2008 hortabar

179 2061 222 2133 ad
243 2061 387 2154 reliqua.
409 2061 542 2130 Extant
557 2060 688 2152 aliquot
705 2079 795 2129 meae
812 2058 857 2130 ad
871 2059 967 2130 illum
984 2059 1150 2153 epistolae,
1170 2080 1256 2152 qua-

179 2207 252 2255 rum
275 2205 332 2254 me
353 2181 457 2255 hodie
476 2205 546 2253 non
565 2183 704 2277 penitus
730 2182 847 2274 pudet.
874 2181 1040 2251 Divinare
1066 2179 1158 2248 enim
1184 2201 1253 2250 non

179 2308 286 2376 soleo:
304 2315 408 2396 atque
427 2305 558 2375 utinam
576 2326 640 2375 neo
657 2302 732 2398 ipse
749 2301 854 2374 etiam
871 2302 1076 2374 divinasset.
1100 2303 1255 2374 Prolecto

177 2438 291 2500 autem
313 2428 420 2519 quod,
442 2426 525 2498 dum
548 2426 752 2511 scriberem,
776 2423 902 2517 agebat
922 2433 1134 2518 acturusque
1157 2424 1256 2495 vide-

177 2547 291 2632 batur,
326 2570 396 2618 non
431 2569 507 2619 mea
540 2558 673 2618 tantum
707 2547 771 2619 sed
805 2546 908 2619 totius
942 2546 1084 2618 humani
1118 2545 1255 2638 generis

177 2672 279 2744 laude
301 2681 336 2742 et
355 2671 580 2744 admiratione
604 2669 848 2762 dignissimum
875 2681 969 2752 erat;
997 2691 1042 2772 an
1069 2678 1185 2740 tamen
1211 2669 1257 2739 ob

178 2794 242 2864 boo
262 2815 371 2864 unum
392 2791 578 2866 eradeudae
606 2793 674 2864 sint
699 2791 829 2876 nescio,
855 2792 949 2886 quod
971 2792 1116 2885 turpiter
1137 2791 1256 2862 vivere

178 2916 297 2988 maluit
316 2937 421 3008 quam
443 2917 589 2986 honeste
615 2915 711 2987 mori.
735 2915 804 2987 Sed
825 2915 869 2986 de
890 2914 1162 3009 impossibilibus
1188 2937 1257 2985 nou

176 3049 230 3110 est
248 3038 466 3110 consultatio.
493 3036 569 3108 Etsi
589 3037 679 3109 enim
701 3039 818 3110 delere
841 3039 897 3110 illa
918 3039 1020 3110 valde
1041 3039 1159 3125 velim,
1187 3059 1257 3109 non

177 3170 312 3254 potero:
333 3160 367 3229 in
389 3160 563 3253 publicum
591 3179 747 3252 egressae
769 3139 836 3231 mei
857 3161 943 3232 iuris
964 3183 1045 3233 esse
1066 3161 1255 3234 desierunt.

178 3283 297 3375 ltaque
317 3293 468 3376 coeptum
495 3305 632 3376 sequor.
659 3283 803 3355 Intravit
827 3286 957 3355 curiam
986 3285 1127 3356 humilis
1153 3295 1257 3377 atque

177 3416 394 3500 contemptus
415 3406 446 3476 is
466 3408 527 3500 qui
548 3409 657 3478 malos
679 3406 761 3479 orbe
784 3417 855 3478 toto
870 3407 1058 3478 tremefecit
1070 3431 1110 3478 ao
1124 3407 1255 3490 terruit,

178 3528 286 3602 bonos
310 3551 372 3622 spe
393 3531 574 3603 laetissima
596 3541 700 3624 atque
726 3530 965 3624 expectatione
990 3530 1198 3624 complevit:
1223 3543 1259 3601 et

177 3652 344 3724 universo
355 3653 532 3745 quondam
545 3657 672 3749 populo
689 3654 832 3725 romano
845 3655 1106 3745 italicorumque
1119 3652 1255 3724 urbium

179 3775 382 3866 primatibus
403 3777 604 3863 comitatus,
626 3801 719 3849 nunc
739 3776 876 3850 duobus
899 3778 977 3848 bino
997 3777 1089 3848 illino
1109 3775 1256 3872 stipatus

178 3897 383 3970 satellitibus
399 3899 470 3968 ibat
482 3900 600 3971 iulelix
613 3899 713 3996 plebe
730 3899 832 3972 obvia
852 3898 1063 3992 videndique
1083 3898 1187 3970 avida
1208 3901 1257 3970 la-

177 4020 265 4090 eiem
285 4021 375 4105 elue,
404 4023 505 4093 ouius
532 4024 636 4094 modo
671 4034 739 4094 tam
772 4025 902 4095 clarum
933 4045 1059 4094 nomen
1089 4023 1254 4095 audierat.

179 4143 262 4216 Erat
289 4155 403 4217 autem
435 4170 455 4216 a
487 4169 628 4219 romano
662 4171 742 4238 rego
777 4148 818 4220 ad
855 4171 1031 4221 romanum
1061 4148 1254 4242 pontificem
