2958 4804
375 352 468 402 ursan
489 349 998 411 nutarusuuoruus.-sr1suonn
1020 357 1047 403 v.
1187 342 1247 407 299

164 487 295 560 bellum
313 485 409 558 aliud
423 489 549 558 navale
564 502 643 559 cum
660 486 814 560 Venetis.
833 486 1046 580 interrogate
1063 509 1168 562 senes
1187 513 1248 564 ve-

165 623 274 696 stros3
296 621 488 705 supersunt
507 609 599 682 enim
620 610 680 704 qui
700 619 889 704 utrumque
906 609 1062 704 praelium
1079 611 1246 686 viderint:

163 745 321 831 quantus
341 742 504 829 portuum
527 743 668 818 tremor,
687 742 819 827 quanta
836 733 1015 806 veneratio
1031 737 1246 830 populorum,

163 865 320 952 quantus
339 854 478 930 litorum
494 858 611 950 lragor
627 855 826 930 victoriosas
842 857 967 930 classis
984 857 1149 943 adventu,
1167 881 1247 931 cum

165 981 304 1052 iniussu
325 989 447 1054 vestro
459 979 527 1053 aliu
548 979 612 1050 vin
638 981 730 1052 ullus
761 988 833 1052 toto
863 1001 902 1052 se
930 982 1052 1076 pelago
1078 991 1246 1054 moveret.

168 1103 305 1174 Sensim
325 1103 470 1176 indeed
488 1099 574 1176 illud
591 1113 728 1196 tempus
745 1102 880 1176 animos
897 1103 1248 1199 memoriamqueda·

167 1227 308 1312 flectite,
323 1225 464 1320 quando
479 1225 650 1300 felicitatis
667 1226 824 1313 comites,
840 1229 956 1313 luxus,
972 1229 1061 1302 livor
1073 1238 1109 1300 et
1126 1247 1248 1323 super-

170 1350 224 1423 bia
243 1350 419 1422 ciuitatem
441 1349 580 1422 beatam
601 1359 637 1421 et
657 1350 824 1424 victorem
844 1354 1009 1446 populum
1035 1371 1246 1444 pervasere3

169 1484 203 1545 et
222 1473 319 1567 quod
338 1491 515 1568 uunquam
540 1471 697 1545 externis
730 1470 892 1544 manibus
925 1473 1053 1544 lactum
1086 1477 1185 1562 foret,
1212 1477 1248 1548 in

169 1605 283 1668 tantas
303 1596 472 1690 impulere
492 1596 668 1680 miserias,
683 1605 723 1667 ut
734 1594 873 1668 deserta
889 1605 925 1668 et
945 1596 1087 1682 inculta,
1103 1608 1139 1670 et
1154 1599 1248 1672 toda

168 1719 319 1792 civitatis
339 1720 458 1805 iacies,
479 1729 517 1792 et
535 1720 694 1792 litoream
716 1718 800 1793 illud
820 1720 930 1793 decus
947 1739 1011 1816 pro
1028 1719 1156 1792 edium
1174 1743 1248 1795 ma-

169 1841 365 1936 gnificentia
397 1843 433 1913 in
465 1841 607 1915 totidem
630 1841 813 1936 speluncas
834 1845 1005 1915 latronum
1026 1859 1245 1928 conversum,

168 1987 292 2038 verum
313 1965 494 2039 horrorem
526 1987 567 2038 ac
599 1974 730 2036 metum
752 1962 1047 2059 praetereuntibus
1067 1967 1246 2038 incuteret.

168 2091 349 2160 Postremo
370 2087 456 2159 urbs
476 2087 551 2182 ipsa
574 2087 648 2160 suis
668 2086 714 2158 ab
733 2087 897 2158 exulibus
917 2085 1066 2160 obsessa
1085 2087 1249 2160 Mediola-

168 2211 328 2282 nonsium
349 2210 480 2282 auxilio
504 2209 635 2304 diuque
669 2209 758 2281 bello
783 2207 996 2300 gravissimo
1022 2221 1152 2282 vexata
1177 2219 1245 2296 est,

169 2332 251 2405 dum
273 2331 309 2402 in
329 2353 372 2404 ea
395 2341 476 2404 tuno
496 2332 670 2406 Robertus
691 2333 792 2402 almas
812 2331 991 2403 memoriae
1013 2352 1078 2403 rex
1096 2332 1245 2417 Siculus,

168 2454 398 2527 clarissimum
419 2455 487 2528 aevi
511 2455 566 2526 sui
587 2453 700 2539 sidus,
723 2453 783 2546 qui
804 2452 848 2524 ad
868 2452 1072 2549 praesidium
1092 2453 1170 2526 eius
1192 2475 1249 2527 ao-

168 2585 337 2660 cesserat,
360 2599 452 2650 auno
472 2598 579 2671 prope
600 2577 736 2669 integro
760 2585 856 2649 esset
879 2578 1050 2664 inclusus,
1076 2576 1249 2671 quotidie-

169 2700 368 2795 que,-quod
400 2721 464 2793 pro
494 2709 652 2773 monstro
671 2699 882 2772 narrandum
915 2711 971 2772 est
1002 2709 1037 2772 et
1069 2723 1246 2794 uunquam

101 2885 108 2907 ,
169 2826 253 2897 alias
274 2823 447 2908 auditum,
470 2843 538 2894 non
560 2826 671 2898 solum
694 2833 785 2894 terra
804 2818 906 2894 simul
924 2831 959 2894 et
975 2824 1112 2915 pelago,
1133 2823 1248 2894 sedin

169 2970 248 3020 aere
266 2947 370 3019 etiam
389 2954 424 3018 et
443 2945 510 3018 sub
527 2957 654 3017 terram
674 2945 744 3017 imo
765 2956 994 3040 pugnaretur,
1012 2944 1140 3018 debinc
1160 2945 1249 3016 mul-

170 3072 212 3142 tis
235 3069 336 3140 aunis
361 3067 446 3139 nihil
472 3068 567 3161 apud
601 3087 664 3140 vos
697 3077 876 3161 pacatum,
903 3067 988 3140 nibil
1013 3078 1140 3154 tutum,
1163 3067 1248 3140 dum

169 3193 251 3263 nihil
270 3200 387 3263 umen
407 3189 539 3262 interea
558 3190 627 3262 nisi
647 3189 808 3263 victrices
831 3212 957 3263 manus
978 3203 1179 3264 vestrorum
1200 3191 1249 3261 oi-

170 3315 266 3385 vium
287 3323 323 3386 et
342 3320 423 3385 nota
443 3312 742 3395 arma'timeretis3
763 3312 872 3384 donec
899 3312 1039 3384 tandem
1065 3313 1165 3386 malis
1187 3313 1249 3384 ad-

168 3439 288 3509 moniti
315 3437 360 3509 ad
387 3437 490 3509 unius
516 3436 598 3508 iusti
622 3435 722 3508 ducis
748 3435 918 3508 auxilium
943 3435 1160 3527 confugistis
1188 3435 1247 3528 qui

169 3561 321 3654 optimus
342 3563 460 3656 procul
482 3560 589 3633 dubio
610 3558 810 3653 reipublicae
835 3567 948 3629 status
973 3566 1038 3628 est.
1065 3557 1153 3628 Tum
1177 3555 1248 3650 pri-

167 3705 262 3755 mum
284 3683 406 3778 sopitis
428 3680 661 3754 simultatibus
684 3688 850 3752 renovata
869 3678 1013 3752 felicitas
1036 3686 1152 3750 vestra
1168 3678 1244 3762 luit,

168 3815 203 3876 et
222 3805 333 3898 pulsis
354 3827 591 3879 aerumnarum
612 3804 748 3877 nebulis
769 3803 889 3876 votiva
910 3803 1080 3875 serenitas
1106 3801 1247 3873 restitu-

168 3934 212 3997 ta.
246 3928 331 4000 Inde
362 3929 456 4001 domi
488 3951 574 4024 pax,
601 3935 638 3998 et
666 3927 762 4020 pacis
796 3946 935 4018 semper
961 3924 1072 3996 amica
1099 3923 1245 4007 iustitia;

168 4047 247 4122 inde
263 4052 378 4125 dulcis
397 4050 526 4125 civium
547 4049 730 4124 concordia
748 4048 929 4121 civitatum
948 4047 1180 4121 certissimum
1194 4047 1248 4118 in-

169 4183 397 4257 crementum,
419 4175 594 4267 nullaeque
612 4174 679 4246 nisi
696 4173 741 4244 de
759 4173 859 4245 hosta
877 4171 1042 4244 victoriae.
1061 4171 1148 4255 Qua
1167 4191 1245 4242 cum
