3002 4794
264 324 301 383 18
597 337 638 385 nn
659 338 760 386 annus
781 337 1001 387 rnurnmnmus

262 479 338 551 sine
359 479 428 550 ulla
446 497 591 573 prorsus
613 478 830 550 hesitatione
850 478 1115 564 committerem,
1131 479 1226 552 haud
1239 480 1337 572 igno-

262 623 344 674 rans
364 599 460 694 quod
478 601 539 694 qni
560 623 616 672 me
636 610 756 697 aperto
776 601 955 673 mendacio
975 601 1127 673 lacerare
1155 625 1225 673 non
1244 603 1337 674 desi-

261 735 359 811 nunt,
382 724 413 796 si
437 748 540 821 quam
567 746 653 798 vero
678 727 836 796 ansulam
862 724 1067 810 invenerint,
1088 747 1157 818 qua
1174 727 1209 796 in
1226 727 1337 799 verbo

261 849 337 944 oapi
357 849 500 944 possim,
520 846 690 921 ambabus
703 849 796 921 illam
813 848 974 921 manibus
988 848 1150 922 ardenter
1161 849 1335 943 arripient.

260 973 401 1045 Facient
421 973 457 1045 id
477 995 570 1057 sane,
592 994 649 1043 me
664 972 819 1044 favente:
846 970 1018 1064 siquidem
1038 994 1114 1063 ego,
1136 995 1215 1045 cum
1241 993 1336 1066 saepe

259 1095 443 1187 potuerim,
474 1094 518 1166 de
539 1104 608 1165 tam
634 1094 752 1166 multis
785 1093 920 1165 iniuriis
951 1097 1156 1166 aemulorum
1191 1095 1337 1186 gravius

260 1218 354 1288 ultus
374 1240 442 1289 non
465 1239 542 1288 sum
563 1217 698 1304 vivens,
726 1239 831 1311 quam
856 1217 978 1310 patriae
996 1218 1155 1290 iniuriam
1182 1219 1337 1290 moriens

259 1339 454 1413 Africanus.
475 1341 607 1436 Nempe
623 1341 718 1434 quod
738 1364 759 1414 a
779 1341 896 1412 multis
921 1341 1107 1435 appetitur,
1143 1343 1229 1413 nihil
1255 1365 1338 1434 pen-

259 1463 343 1537 dere
363 1462 493 1549 studui,
512 1463 627 1557 utqui
648 1486 670 1535 a
690 1465 847 1560 Satyrico
866 1463 1067 1537 didicissem
1091 1465 1187 1557 quod
1212 1476 1247 1537 et
1271 1467 1338 1536 mi-

259 1585 334 1657 nuti
353 1596 388 1658 et
408 1586 534 1658 infirmi
554 1596 589 1657 et
608 1587 728 1678 exigui
745 1597 781 1658 et
799 1586 979 1659 muliebris
998 1587 1105 1658 animi
1125 1610 1263 1683 semper
1282 1598 1338 1660 est

260 1710 354 1781 ultio.
374 1709 418 1780 Et
439 1711 470 1780 si
494 1711 634 1803 quando
653 1711 797 1782 forsitan
818 1711 961 1782 offensae
982 1710 1080 1782 dolor
1097 1710 1339 1783 descendisset

258 1833 374 1919 altius
394 1833 532 1906 solabar
551 1856 608 1904 me
628 1857 707 1906 eum
728 1834 786 1905 illa
805 1833 1035 1928 promissione
1056 1834 1241 1907 dominica:
1255 1833 1338 1904 milri

257 1956 439 2027 vindictam
459 1968 491 2027 et
510 1978 567 2048 epo
586 1959 766 2028 retribuam
790 1965 825 2029 et
857 1979 1113 2051 supervacuum
1143 1955 1337 2029 arbitrabar

150 2107 153 2120 ¹
258 2080 304 2153 ab
322 2081 461 2154 homine
478 2081 601 2155 tentari
620 2082 715 2174 quod
738 2084 908 2152 facturum
939 2103 977 2152 se
1007 2080 1138 2151 vindex
1163 2079 1337 2151 aethereus

259 2204 515 2301 spopondisset.
546 2202 647 2277 Anne
666 2203 772 2298 igitur
792 2226 892 2289 nunc,
914 2214 954 2275 ut
977 2201 1072 2274 mitis
1093 2201 1263 2288 hostibus
1287 2202 1338 2274 sic

257 2329 378 2400 amicis
398 2329 557 2414 infestus,
575 2340 611 2400 et
630 2351 743 2421 agnus
764 2328 853 2399 inter
872 2329 987 2421 lupos,
1002 2327 1092 2398 inter
1110 2347 1219 2418 agnos
1233 2329 1337 2421 lupus

257 2452 375 2523 dicor?
391 2450 483 2534 Quid
499 2473 585 2522 vero
602 2452 687 2522 mihi
704 2453 832 2545 profuit
849 2450 1066 2540 negotiorum
1079 2458 1185 2540 atque
1198 2448 1337 2518 urbium

258 2574 352 2663 fuga,
372 2570 457 2663 quid
482 2570 676 2642 solitudinis
702 2582 807 2663 atque
831 2569 891 2640 otii
923 2567 1094 2654 studium,
1125 2569 1210 2661 quid
1238 2590 1337 2640 amor

258 2693 386 2787 quietis
406 2717 447 2766 ao
468 2693 603 2779 silentii,
619 2693 649 2765 si
662 2715 754 2765 nunc
774 2693 878 2764 etiam
890 2692 980 2764 inter
993 2690 1145 2764 artifices
1163 2693 1334 2764 scelerum

257 2817 471 2911 reputandus
493 2820 595 2889 sum‘l
619 2816 690 2887 heu
714 2837 818 2909 quam
845 2838 968 2888 verum
1000 2817 1163 2912 experior
1194 2816 1288 2909 quod
1312 2835 1334 2884 a

257 2939 470 3012 doctissimis
489 2939 576 3013 viris
594 2961 809 3032 acceperam,
832 2939 984 3012 omnium
1006 2939 1240 3012 difficillimam
1251 2959 1334 3010 esse

257 3070 366 3133 artem
386 3061 542 3134 vivendi.
560 3062 616 3134 Sic
635 3072 691 3134 est
707 3060 838 3148 hercle,
857 3062 906 3133 nil
925 3071 980 3134 est
1003 3062 1133 3134 verius.
1160 3059 1332 3147 Quidnam

257 3185 394 3277 agimus
406 3187 569 3258 mortales
582 3195 622 3256 ut
636 3187 820 3258 volumus‘l
833 3185 976 3279 Ingenia
987 3196 1107 3257 nostre
1122 3206 1237 3257 rerum
1250 3205 1334 3255 con-

258 3310 441 3382 trariarum
461 3308 637 3382 vicinitate
657 3311 830 3381 falluntur.
858 3307 898 3380 ln
929 3308 1094 3380 damnum
1117 3328 1211 3402 saepe
1235 3306 1333 3380 labor

256 3433 414 3506 vertitur.
427 3434 520 3504 llaro
543 3435 660 3506 exitus
685 3433 971 3527 propositumque
994 3432 1214 3505 conveniunt.
1240 3433 1332 3505 Ecce

256 3579 323 3652 ego
341 3558 436 3630 unde
452 3578 578 3629 nomen
598 3556 804 3629 innocentiae
825 3555 1010 3649 quaesiisse
1029 3555 1228 3641 debueram,
1246 3554 1331 3647 quid

257 3681 430 3777 quaesivit
449 3703 575 3776 nempe
595 3702 765 3753 novarum
791 3703 909 3754 rerum
941 3680 1179 3776 malefioaeque
1202 3675 1333 3750 callidi-

257 3808 337 3879 tatis
357 3807 529 3880 adversus
550 3807 718 3902 optimum
738 3828 913 3901 quemque
931 3805 1174 3900 suspicionem,
1202 3811 1237 3872 et
1259 3802 1330 3873 for-

258 3939 364 4014 tasse,
387 3930 481 4023 quod
499 3930 617 4003 nescio
637 3929 785 4024 qualiter
804 3932 901 4002 venit
920 3929 965 4002 od
982 3948 1085 4002 aures
1102 3945 1211 4012 meas,
1238 3923 1328 3995 inter

257 4071 403 4141 magnos
425 4073 520 4147 saepe
536 4053 714 4139 iactatum,
739 4053 803 4125 sed
820 4056 956 4124 fortuna
973 4068 1118 4142 magnos
1137 4069 1207 4118 non
1233 4047 1331 4140 inge-

256 4172 328 4257 nio,
349 4174 497 4245 tortasse
516 4173 655 4266 inquam
677 4176 794 4246 multis
815 4174 883 4247 iam
901 4172 1176 4246 necromanticus
1197 4193 1237 4244 ao
1256 4191 1331 4242 ma-
