2988 4800
392 380 485 430 traua
506 380 766 431 uuouuuruus.-·
779 380 929 430 uersuum
951 381 992 428 ur.
1165 367 1223 428 rsa

152 523 208 586 aut
227 513 390 608 Neptuni,
409 515 465 586 cui
481 516 663 610 imperium
683 515 797 608 pelagi
817 535 1021 609 saevumque
1040 516 1221 588 tridentem
1304 563 1310 588 ,

150 647 241 709 sorte
261 637 381 710 datum
401 638 503 710 illusa
527 638 661 732 putavit
691 637 892 730 antiquitas,
922 641 986 711 sed
1010 639 1136 712 Christi
1161 640 1223 711 do·

150 781 246 844 num,
270 783 430 833 curvare

465 956 571 1020 divum
588 961 672 1036 pater
690 959 780 1035 utque
798 958 955 1019 lrominum
974 975 1028 1020 rer

227 1049 230 1058 ’
306 1053 342 1116 lut
360 1054 493 1116 mulcere
511 1053 591 1117 dedit
607 1055 715 1118 lluctus
734 1061 763 1116 et
779 1054 885 1118 tollere
903 1061 1007 1131 vento,

148 1258 309 1349 quivere
329 1256 421 1328 dicto
437 1256 538 1329 citius
560 1255 690 1328 tumida
710 1277 850 1349 aequora
867 1259 991 1349 placat,
1010 1277 1073 1328 nec
1092 1265 1222 1328 tantum

149 1400 303 1472 aequora,
327 1381 390 1452 sed
411 1381 537 1452 coelum
558 1379 648 1470 regit
667 1400 708 1451 ac
729 1389 855 1465 terras,
877 1387 924 1463 et,
946 1401 1016 1471 qua
1032 1381 1127 1452 nulla
1143 1401 1224 1472 gra-

149 1501 227 1599 vior
242 1511 300 1573 est
318 1504 481 1594 procella,
504 1513 591 1575 nutu
612 1504 685 1574 solo
711 1502 905 1595 comprimit
929 1502 1121 1574 animorum
1145 1503 1223 1574 ssui-

149 1625 290 1696 tautium
305 1632 538 1717 tempestates,
553 1646 593 1695 ac
609 1624 789 1718 passiones
807 1623 989 1696 eliminans
1007 1633 1042 1695 et
1060 1646 1221 1696 serenum

147 1747 335 1832 revehens,
357 1769 426 1818 nou
443 1746 640 1842 improprie,
666 1757 703 1818 ut
721 1756 775 1818 est
795 1747 887 1840 apud
909 1757 1060 1840 poetam,

307 1935 509 2018 collectasque
527 1939 609 2016 lugat
626 1935 721 1999 nubes
738 1939 895 2018 solemque
911 1939 1036 2002 reducit.

146 2117 330 2190 Multarum
351 2117 398 2187 illi
418 2139 534 2190 rerum
555 2141 594 2190 es
612 2118 759 2202 debitor,
784 2119 819 2188 iu
846 2116 973 2210 quibus
990 2118 1085 2190 haud
1102 2126 1220 2190 extre-

145 2262 236 2312 mam
258 2239 408 2311 dixerim
428 2241 631 2314 modestiam
653 2242 744 2312 illam
766 2263 846 2333 quae
862 2263 908 2312 ex
929 2241 1051 2312 litteris
1074 2241 1141 2312 tuis
1163 2263 1221 2313 co-

145 2364 241 2456 gnita
270 2385 399 2456 magno
424 2387 479 2436 me
504 2364 631 2456 gaudio
663 2363 785 2448 affecit,
821 2363 881 2434 uhi
913 2373 949 2434 et
977 2363 1219 2458 Episcopatum

144 2498 241 2559 tuum
269 2486 331 2557 tibi
356 2486 579 2559 suffecturum
607 2487 774 2580 spondes
796 2496 831 2556 et
851 2487 887 2556 in
913 2485 1015 2558 finem
1045 2489 1125 2570 alto,
1152 2487 1220 2560 uisi

144 2633 197 2682 me
217 2631 318 2682 amor
336 2609 433 2695 fallit,
456 2609 571 2681 auimo
589 2608 783 2701 subiungis,
803 2631 866 2681 nec
882 2609 997 2680 miuus
1015 2631 1098 2681 vere
1114 2633 1219 2703 quam

144 2733 187 2805 ad
208 2755 324 2804 meam
357 2731 563 2804 sententiam
595 2730 964 2815 accommodatissime,
987 2753 1159 2824 nusquam
1185 2743 1218 2804 te

143 2877 211 2928 nou
231 2857 335 2946 longe
357 2855 481 2926 melius
501 2877 605 2948 quam
639 2854 813 2950 Babylone
839 2855 1023 2925 victurum.
1049 2857 1218 2926 Praeclare

143 2976 286 3070 quidem
307 2999 348 3048 ac
368 2977 561 3069 magnifice.
582 2978 668 3049 Nam
687 2985 721 3048 et
737 2977 793 3050 cui
814 2996 929 3048 rerum
942 2978 1070 3072 optima
1089 2978 1220 3050 medio-

143 3097 249 3168 critas
270 3119 340 3168 non
360 3097 496 3183 sufficit,
519 3100 624 3170 nullae
645 3098 817 3170 sufficient
843 3120 940 3192 opes;
965 3110 1000 3170 et
1027 3099 1086 3192 qui
1111 3104 1219 3172 semel

142 3219 282 3292 fastidia
298 3220 403 3293 huius
421 3243 530 3294 sacrae
548 3221 644 3292 urbis
661 3230 827 3314 expertus
844 3230 912 3305 est,
932 3222 998 3292 nisi
1015 3224 1101 3294 sorte
1117 3224 1220 3315 longa

143 3344 396 3416 cousuetudine
416 3344 494 3416 imis
521 3343 679 3416 medullis
699 3341 939 3441 babylonicum
961 3344 1060 3416 virus
1080 3346 1220 3418 insede-

144 3465 187 3537 rit
200 3465 302 3562 (quos
320 3466 523 3562 exceptione
540 3467 606 3538 hac
618 3477 737 3538 notare
755 3466 868 3551 velim,
884 3465 1071 3561 intelligis),
1086 3470 1218 3538 nullum

145 3601 214 3662 toto
234 3613 390 3684 uuquam
415 3589 499 3662 orbe
523 3589 656 3661 videbit
686 3589 897 3663 inamoenum
928 3592 1058 3662 locum:
1080 3590 1125 3661 de
1148 3611 1218 3682 quo

145 3725 178 3784 et
203 3715 315 3784 multa
339 3733 434 3807 saepe
466 3712 542 3785 dixi
566 3723 602 3784 et
627 3717 725 3806 plura
745 3713 910 3797 dicerem,
932 3711 968 3782 ni
987 3734 1130 3785 vererer
1150 3734 1219 3784 nou

145 3845 213 3906 tam
228 3835 333 3908 huius
347 3836 483 3932 paludis
505 3835 732 3921 habitatores,
749 3838 856 3928 vulgo
874 3857 1019 3927 magnos
1033 3857 1073 3906 ac
1085 3836 1215 3922 felices,

144 3957 228 4029 mihi
248 3967 365 4031 autem
386 3980 532 4055 prorsus
554 3958 768 4032 miserabiles
790 3963 831 4030 ac
850 3957 995 4054 pusillos
1007 3973 1020 4044 ,'
1037 3979 1140 4051 quam
1162 3979 1218 4028 me

145 4079 259 4176 ipsum
292 4081 490 4167 offendere,
522 4084 581 4176 qui
611 4083 845 4174 indignantem
874 4080 1088 4153 stomachum
1119 4080 1218 4173 gravi

145 4206 470 4278 commemoratione
491 4215 526 4275 et
550 4203 730 4294 indigestis
753 4203 950 4276 nominibus
971 4203 1152 4278 exacerbo.
1176 4203 1218 4272 ll-

268 4337 295 4377 u.
1035 4327 1065 4377 13
