2988 4800
260 329 297 392 9⁹2
602 339 642 386 oe
663 338 764 386 nunus
785 337 1007 386 ruurumnmus

260 480 368 549 multa
390 457 574 568 scripsisse
595 495 664 544 non
686 473 731 544 sit
758 473 903 544 dubium
934 473 1011 544 rudi
1036 482 1070 545 et
1100 474 1267 567 impolito,
1301 489 1339 549 ut

260 602 419 672 Valerius
440 599 498 682 ait,
523 597 612 679 stilo,
635 597 757 667 cultior
783 607 909 667 tamen·
929 597 973 668 de
1000 596 1091 668 illius
1120 596 1226 668 rebus
1252 598 1339 670 liber

261 724 425 794 metricus
445 744 513 792 non
534 729 685 814 apparet.
712 720 762 789 De
790 720 854 790 hoc
875 719 981 810 igitur
1001 729 1188 812 utcumque
1214 741 1339 793 canere

260 844 402 930 institui,
425 843 508 937 quia
529 843 656 914 scilicet
675 840 719 912 de
739 862 783 912 eo
803 841 891 912 liber
912 861 1011 910 meus
1031 841 1163 933 estqui
1179 841 1340 913 inscribi-

260 964 450 1050 turrilum,
467 965 595 1035 utinam
611 973 682 1034 tam
695 963 782 1034 felici
797 963 896 1034 exitu
909 961 1124 1033 claudendus
1139 962 1223 1048 seni,
1233 985 1339 1056 quam

260 1111 386 1179 magno
407 1089 521 1158 animo
546 1096 681 1180 coeptus
707 1095 762 1156 est
788 1085 922 1155 iuveni!
947 1086 1123 1169 Quantum
1144 1106 1229 1156 sane
1250 1084 1341 1178 peri-

260 1213 376 1282 culum
398 1232 534 1302 semper
554 1211 657 1282 fuerit
689 1210 724 1280 in
757 1210 921 1282 dilatione
950 1209 1083 1280 consilii
1106 1210 1285 1295 salutaris,
1306 1220 1341 1282 el

259 1353 364 1424 quam
394 1332 482 1403 varii
515 1345 618 1425 atque
651 1331 878 1424 inopinabiles
904 1332 1086 1424 praesentis
1107 1330 1192 1402 vitae
1211 1354 1339 1416 casus,

260 1477 348 1546 quos
369 1455 634 1549 circumspicere
655 1477 817 1547 suprema
838 1454 963 1526 Monioi
982 1455 1075 1526 iubet
1088 1456 1257 1540 allocutio,
1274 1456 1342 1528 dici

260 1578 400 1670 quidem
419 1601 488 1650 non
505 1577 657 1671 expedit.
672 1579 818 1671 Reliqua
830 1577 1036 1669 cogitatione
1048 1579 1229 1674 percipies.
1242 1580 1340 1652 Vale.

402 1725 523 1794 Patavii,
539 1725 593 1779 IIII
607 1725 680 1780 Non.
698 1723 852 1780 decembris
865 1724 901 1778 ad
914 1739 1069 1796 vesperam.

687 2207 865 2271 EPISTULA
884 2209 918 2272 V.

1097 2320 1106 2346 1

416 2395 609 2444 FRRNCISCUS
631 2394 799 2443 pesulane
821 2393 970 2444 aselano
991 2395 1109 2444 FRATRI
1129 2395 1186 2445 SUO

530 2496 683 2545 MONACHO
704 2497 925 2546 CARTHUSIRNO
947 2498 973 2547 S.
994 2500 1022 2547 P.
1044 2499 1074 2548 D.

263 2629 328 2683 Eius
343 2627 377 2682 de
392 2627 541 2683 affectuum
559 2629 747 2683 humanorum
765 2633 947 2703 repugnantia
966 2635 1117 2690 sententias
1135 2636 1229 2692 laudat
1251 2643 1279 2692 et
1299 2638 1343 2691 fir-

333 2722 403 2772 mat:
419 2717 573 2772 doctrinam
587 2723 615 2772 et
634 2719 807 2774 sanctitatem
824 2720 887 2776 vitae
906 2721 1040 2793 miratur,
1059 2741 1144 2796 seque
1162 2725 1196 2780 de
1215 2727 1343 2781 emenda-

333 2808 408 2864 tione
421 2808 484 2863 vilae
498 2825 556 2863 suae
571 2809 709 2864 solicitum
724 2809 852 2865 ostendit.

361 3039 545 3110 Geminum
570 3039 629 3110 otii
651 3040 698 3111 tui
718 3062 859 3126 munuS,
880 3044 1118 3118 amantissime
1135 3049 1255 3133 lrater,
1277 3046 1342 3118 bu-

265 3183 367 3233 xeam
382 3161 548 3257 pyxidem
562 3172 661 3234 torno
675 3164 817 3235 volubili
835 3167 1049 3259 perpolitam,
1069 3191 1157 3262 opus
1175 3193 1341 3242 manuum

266 3294 417 3368 tuarum,
440 3295 475 3355 et
492 3287 705 3357 fructuosam
718 3281 828 3357 ‘simul
851 3289 1047 3380 epistolam,
1070 3293 1188 3364 multis
1204 3303 1340 3387 patrum

265 3410 429 3480 relectam
448 3419 733 3503 compactumque
759 3413 950 3496 sententiis,
970 3413 1059 3486 sacri
1077 3414 1206 3506 ingenii
1224 3415 1273 3486 tui
1292 3425 1343 3487 te-

268 3543 364 3616 stem,
388 3531 463 3603 heri
480 3530 525 3602 ad
545 3553 729 3624 vesperam
748 3553 874 3625 magno
891 3557 970 3605 cum
991 3535 1117 3626 gaudio
1135 3539 1265 3631 recepi3
1280 3539 1342 3610 sed

267 3654 357 3727 inter
376 3655 575 3747 legendum,
597 3657 719 3739 faleor,
743 3664 812 3725 tam
833 3655 930 3728 varie
951 3658 1105 3743 allectus,
1129 3670 1166 3732 ut
1186 3683 1241 3731 me
1263 3661 1342 3734 bino

268 3780 371 3851 ardor
387 3779 549 3872 generosi
568 3778 728 3872 impetus
749 3777 828 3850 binc
848 3780 953 3870 gelidi
973 3792 1084 3854 melus
1107 3791 1224 3875 torpor
1245 3785 1342 3856 inva-

268 3899 376 3970 deret.
397 3898 495 3972 Adeo
514 3899 600 3971 mihi
620 3899 801 3993 magnifice
821 3901 921 3974 visus
942 3923 980 3974 es
1001 3913 1036 3974 et
1055 3903 1209 3976 melioris
1231 3914 1341 3978 status

269 4019 479 4092 desiderium
512 4044 553 4094 ac
577 4024 734 4096 stimulos
768 4025 932 4110 incutere,
960 4035 994 4096 et
1018 4028 1203 4120 praesentis
1224 4032 1342 4123 lapsus

269 4143 365 4211 frena
394 4141 627 4234 obstringere,
662 4156 701 4216 ut
734 4150 808 4219 luce
841 4148 967 4220 clarius
992 4146 1130 4218 videam
1165 4149 1224 4222 ubi
1254 4151 1340 4234 sim,
