3024 4802
384 385 477 434 uasa
499 381 1007 436 commendamus-ernnust
1028 386 1088 436 xiv.
1218 377 1278 440 503

196 522 312 605 fallor,
333 541 448 612 neque
468 517 642 592 absonum
667 539 781 611 neque
812 519 1035 613 impertinens
1062 533 1118 594 est
1142 523 1276 599 audire.

195 643 351 715 Annaeus
369 643 501 716 Seueoe
521 640 577 712 vir
597 640 720 732 ingens
741 643 855 736 primo
877 641 1168 716 declamationum
1189 644 1278 720 libro

197 765 293 841 haud
313 769 416 857 longe
443 785 463 836 n
489 764 673 860 principio:
695 763 853 856 quidquid
878 767 972 836 dubet
996 765 1108 858 inquit
1137 789 1279 840 romano

196 887 368 980 facundia,
387 886 472 980 pnod
496 888 653 958 insolenti
681 884 819 960 Grmcim
836 899 896 958 out
915 899 1060 981 opponat
1079 900 1138 962 ont
1157 894 1278 983 prusc-

194 1023 262 1096 ναι,
293 1011 381 1080 circu
409 1009 601 1080 Ciceronem
620 1010 776 1103 effloruit:
802 1013 915 1090 omniu
939 1009 1050 1082 studio
1072 1036 1146 1104 qum
1166 1015 1277 1086 lumen

196 1134 311 1205 latinis
332 1135 448 1204 litteris
468 1135 652 1202 attulerunt
671 1155 746 1206 cnm
766 1135 824 1204 ido
844 1135 918 1204 viro
940 1145 1021 1204 nato
1033 1145 1120 1206 sunt.
1142 1136 1215 1208 Nec
1231 1137 1278 1209 ita
1332 1167 1335 1174 ·

197 1258 304 1328 multo
327 1263 424 1350 post:
445 1277 556 1326 omnes
583 1254 695 1347 inquit
714 1257 829 1348 mapni
853 1256 999 1326 nominis
1019 1257 1056 1326 in
1077 1259 1275 1348 eloquentia,

196 1390 333 1471 concepto
369 1375 540 1460 Cicerone,
568 1376 696 1448 audisse
727 1377 810 1446 midi
842 1375 965 1462 uideor,
999 1399 1059 1448 nec
1088 1375 1278 1450 Ciceronem

195 1503 278 1572 midi
295 1513 374 1572 oetas
395 1503 577 1592 eripuerat,
591 1495 647 1568 sed
659 1499 816 1569 bellorum
833 1499 981 1570 ciuilium
998 1503 1095 1590 [uror
1113 1501 1172 1591 qui
1199 1512 1277 1572 tunc

197 1636 298 1696 totum
313 1624 559 1717 peroupodatur
576 1622 699 1705 orbern,
714 1623 805 1691 intra
818 1623 982 1694 coloniam
1001 1644 1108 1694 meum
1127 1645 1181 1696 mc
1200 1645 1278 1695 con·

196 1748 308 1831 tinnit,
331 1748 479 1838 alioquin
504 1749 541 1817 in
560 1745 617 1816 illo
637 1744 755 1814 atriolo
775 1745 812 1814 in
831 1766 894 1835 pao
920 1742 1001 1816 dnos
1030 1745 1172 1838 prandes
1189 1769 1278 1842 prm-

195 1880 324 1940 testutos
349 1872 396 1940 uit
419 1867 602 1939 declamare
621 1888 730 1936 secum
749 1867 871 1950 solitos,
894 1865 1005 1936 videre
1025 1889 1099 1940 enm
1114 1873 1220 1964 potui,
1247 1882 1278 1942 et

194 1987 310 2059 andire
329 1990 501 2078 inpenium
516 1985 614 2070 diod,
627 1984 715 2076 qnod
733 1989 838 2056 solnm
851 1984 999 2077 Populus
1018 1986 1189 2066 Romanus
1204 2013 1273 2083 par

193 2112 331 2204 imperio
351 2131 410 2180 sno
435 2110 563 2193 habuit,
590 2120 622 2179 et
646 2105 732 2200 qnod
750 2105 789 2177 de
810 2109 919 2180 multis
944 2107 1013 2180 dici
1034 2113 1127 2194 solet,
1156 2111 1212 2181 sed
1236 2114 1276 2184 de

195 2235 254 2304 illo
273 2235 341 2304 solo
361 2230 428 2304 dici
444 2229 550 2315 debet,
569 2232 667 2323 potui
685 2230 799 2300 uicum
818 2250 931 2302 uocem
950 2228 1076 2303 andire.
1102 2231 1147 2304 Et
1170 2234 1278 2318 Quin-

195 2356 334 2429 tilianus
348 2355 571 2429 acutissimus
596 2351 820 2444 maximeque
831 2350 1059 2426 doctissimus
1073 2355 1128 2426 vir
1140 2354 1176 2428 in
1188 2355 1277 2432 libro

194 2478 423 2552 oratoriarum
436 2475 692 2549 institutionum
706 2483 786 2569 post
798 2477 907 2546 multa
919 2474 964 2546 de
982 2476 1145 2550 Cicerone
1161 2477 1277 2574 deque

194 2601 287 2676 illius
307 2599 513 2692 eloquentie
532 2597 726 2693 principatu
751 2596 908 2688 graviter
935 2596 1028 2670 dictu
1049 2600 1275 2676 concludens:

200 2721 311 2810 Ormrc
336 2723 473 2794 sitnon
504 2722 667 2792 immerito
687 2721 729 2792 ab
748 2720 899 2790 omnibns
919 2722 1026 2792 utaris
1045 2745 1114 2792 suu
1133 2746 1276 2816 repnare

195 2848 231 2917 in
248 2843 376 2918 iudiciis
392 2842 498 2914 dictus
517 2854 579 2916 cst:
596 2839 687 2938 apud
703 2852 849 2934 posteros
869 2865 947 2914 uero
967 2840 1003 2914 id
1023 2857 1222 2931 consecutus,
1240 2859 1278 2920 nt

199 2968 312 3042 Cicero
333 2969 403 3040 iam
421 2989 490 3038 non
510 2968 652 3044 dmninis
671 2987 808 3050 nomen,
828 2964 885 3037 sed
899 2969 1092 3059 eloquentie
1108 2968 1276 3042 mosum.
1331 3041 1337 3062 ,

144 3125 156 3185 f
196 3090 297 3160 Hunc
322 3090 424 3178 ipitur
442 3100 636 3182 spectemus,
669 3089 728 3160 doc
747 3090 956 3184 propositum
980 3090 1073 3162 nobis
1097 3093 1142 3164 sit
1165 3113 1279 3166 eucm·

195 3215 304 3306 pinmr
329 3211 385 3280 nte
413 3230 446 3280 sc
466 3213 642 3302 profecisse
664 3212 757 3295 sciat,
780 3213 835 3282 cni
861 3210 976 3284 Cicero
1009 3212 1105 3284 cade
1125 3215 1277 3307 placebit.

197 3335 270 3406 Hoc
285 3341 380 3405 oerte
400 3331 634 3404 novissimum
652 3331 823 3402 siveram
840 3341 905 3417 est,
921 3333 1062 3424 gaudeo
1078 3334 1193 3409 hercle
1210 3358 1278 3421 me,

197 3453 293 3548 quod
311 3452 463 3546 alioquin
484 3468 627 3544 sperare
644 3472 714 3524 non
731 3451 912 3536 auderem,
931 3455 1182 3548 aliquantulum
1200 3479 1281 3550 pro·

197 3578 334 3650 iecisse.
357 3576 427 3648 Sed
443 3574 511 3646 iam
532 3572 679 3647 nimium
701 3595 820 3665 vagor.
843 3573 906 3646 Hic
922 3576 1039 3670 itaque
1061 3587 1142 3650 tuus
1161 3577 1281 3652 Cicero

200 3695 474 3772 Tusculanarum
490 3697 725 3790 questionum
746 3696 844 3770 titulo
863 3697 1026 3790 insignis,
1051 3701 1087 3772 iu
1103 3722 1175 3793 quo
1189 3701 1281 3775 iilius

198 3818 335 3916 pridem
352 3819 468 3892 obruti
486 3820 719 3912 consumique
738 3817 856 3912 oppidi
869 3841 997 3894 nomen
1013 3821 1111 3906 vivit
1130 3845 1152 3896 a
1170 3823 1283 3918 prima

201 3943 287 4016 mihi
312 3951 416 4016 notate
434 3942 727 4015 familiarissimus
751 3942 825 4015 fuit.
848 3944 899 4014 Tu
920 3943 1004 4016 mihi
1024 3967 1105 4018 eum
1125 3968 1219 4020 nune
1239 3945 1283 4018 ad

202 4087 356 4160 unguem
372 4075 565 4140 correctum
581 4073 617 4138 et
633 4065 709 4137 aliis
728 4066 880 4140 tullianis
894 4067 1127 4155 monimentis,
1140 4071 1285 4165 insuper

202 4199 238 4262 et
269 4188 490 4264 amicissimis
516 4210 558 4262 ae
581 4187 808 4281 lepidissimis
833 4189 902 4262 tuis
929 4189 1053 4264 litteris
1083 4192 1284 4266 comitatum
