2958 4804
257 364 315 423 all)
593 381 633 428 nn
656 381 756 431 naeus
779 381 1001 429 rnrununmus

257 517 322 584 isle
344 523 457 586 tamen
479 538 657 609 nunquam
679 520 736 588 vel
757 518 896 588 unicum
916 539 1069 601 carmen,
1094 515 1188 608 quod
1209 517 1253 588 ad
1273 539 1337 588 au-

257 660 314 709 res
333 659 429 709 meas
448 638 803 723 vene1·it,contexuit;
821 663 934 733 neque
954 640 1046 710 enim
1064 639 1109 710 ad
1126 640 1163 711 id
1180 640 1335 710 animum

257 762 433 856 applicuit,
458 762 621 854 sineque
642 762 740 845 nihil,
760 761 1014 856 quantumlibet
1034 763 1146 846 facile,
1175 761 1265 834 benc
1287 759 1335 832 fir.

257 885 329 955 Hoc
362 882 422 953 tibi
455 894 574 955 notum
600 886 712 956 facere
745 885 875 977 placuit
908 896 946 957 ut
971 885 1016 956 de
1042 885 1229 956 assertoris
1255 885 1337 956 olim

257 1005 383 1099 publici
403 1007 539 1077 fortuna
559 1007 691 1092 doleas,
711 1004 755 1076 de
773 1008 949 1100 insperata
970 1008 1125 1100 gaudeas
1149 1008 1274 1090 salute,
1293 1006 1338 1078 de

259 1128 513 1200 salutisautem
531 1151 637 1200 causa
654 1151 789 1201 mecum
807 1132 935 1224 pariter
950 1129 1141 1222 indigneris
1154 1139 1190 1200 et
1204 1128 1336 1212 rideas,

257 1251 473 1345 cogitesque:
493 1253 523 1323 si
542 1253 959 1350 (quod‘utinamaccidat)
981 1254 1048 1326 sub
1065 1256 1186 1351 clypeo
1203 1255 1341 1348 poetico

258 1376 419 1447 Nicolaus
439 1398 460 1446 e
479 1377 582 1448 tantis
603 1377 762 1470 periculis
783 1377 1057 1462 evaserit,·unde
1074 1398 1143 1449 non
1163 1399 1341 1449 evasurus

259 1509 355 1570 esset
371 1500 490 1571 lllaro‘l
508 1500 576 1572 Sed
593 1501 648 1571 ille
667 1499 734 1571 suh
751 1500 806 1570 his
824 1500 996 1572 iudicibus
1014 1499 1115 1571 aliam
1133 1499 1179 1572 ob
1195 1521 1341 1572 causam

259 1625 401 1716 periret,
421 1622 502 1714 quia
521 1621 652 1694 scilicet
669 1645 739 1693 non
752 1622 853 1714 poeta
867 1623 928 1694 sed
941 1623 1217 1694 necromanticus
1231 1622 1343 1694 habe-

261 1756 364 1816 retur.
391 1746 509 1816 Dicam
531 1744 624 1837 quod
646 1745 757 1838 magis
776 1744 902 1818 rideas.
937 1746 1015 1840 lpse
1038 1766 1119 1836 ego,
1148 1765 1218 1837 quo
1238 1766 1342 1816 nemo

235 1866 237 1901 ¹
261 1889 407 1960 usquam
442 1866 645 1938 divinationi
677 1867 845 1939 inimicior
864 1867 928 1938 luit
945 1877 1006 1938 aut
1023 1868 1162 1958 magiae,
1182 1888 1344 1937 nonnun-

237 1977 364 2084 'quam
389 1989 480 2061 inter
506 1990 571 2060 hos
597 1990 744 2085 optimos
766 2013 883 2061 rerum
910 1989 1042 2062 iudices
1064 1997 1203 2083 propter
1228 1989 1343 2060 Maro-

259 2115 313 2184 nis
338 2112 523 2186 amicitiam
543 2113 818 2184 necromanticus
838 2111 953 2184 dictus
979 2135 1067 2184 sum.
1094 2114 1148 2182 En
1173 2131 1244 2204 qno
1267 2121 1342 2182 stu-

260 2234 318 2306 dia
333 2245 452 2307 nostra
466 2233 602 2327 dilapsa
616 2235 714 2304 sunt!
735 2235 764 2304 0
781 2255 894 2326 nugas
915 2232 1062 2306 odibiles
1084 2231 1340 2324 ridendasque!

261 2360 318 2442 Et,
334 2367 374 2428 ut
391 2357 569 2450 multiplici
587 2365 691 2448 gestu
707 2367 831 2429 cuncta
847 2377 1049 2448 cognoscas,
1068 2355 1199 2448 quidve
1215 2343 1262 2426 de
1280 2354 1344 2424 mi-

261 2479 407 2551 noribus
424 2479 636 2575 opinandum
660 2480 709 2552 sit
724 2481 895 2552 maiorum
914 2479 1087 2573 concipias
1105 2477 1151 2549 ab
1170 2480 1342 2572 exemplo,

262 2604 389 2676 addam
405 2605 500 2676 aliud
513 2603 648 2675 illustre
668 2603 861 2675 ridiculum.
883 2605 1049 2696 Magnum
1069 2603 1218 2675 amicum
1232 2605 1344 2674 cultu-

262 2749 331 2820 que
361 2727 534 2822 praecipue
568 2727 750 2799 colendum
776 2726 955 2823 Babylone
985 2726 1119 2798 habeo:
1150 2735 1228 2797 utor
1252 2725 1345 2797 enim

263 2850 377 2944 prisco
397 2861 432 2922 et
452 2851 602 2942 ingenuo
622 2847 784 2942 loquendi
806 2870 915 2933 more,
943 2870 1013 2942 quo
1034 2849 1152 2921 Cicero
1177 2851 1343 2940 Magnum

263 2971 466 3065 Pompeium
487 2971 688 3041 familiarem
711 2992 812 3040 suum
834 2982 944 3056 vocat,
964 2980 1000 3042 et
1015 2971 1146 3042 Plinius
1168 2969 1345 3041 secundus

264 3092 479 3186 Vespasiano
501 3113 565 3164 suo
587 3094 732 3164 salutem
754 3093 846 3165 dicit.
868 3095 967 3180 Nam,
992 3094 1021 3164 si
1044 3093 1207 3166 moderno
1225 3093 1345 3164 servili

266 3223 370 3308 atque
391 3215 583 3288 adulatorio
605 3216 774 3288 sermonis
800 3239 929 3308 genere
950 3214 1116 3288 utendum
1137 3227 1203 3300 est,
1233 3215 1346 3288 habeo

267 3336 478 3428 singularem
504 3337 769 3431 verendumque
793 3339 983 3411 dominum.
1010 3339 1204 3431 Utcumque
1230 3346 1347 3409 tamen

267 3459 333 3532 hoc
349 3460 509 3560 dixerim,
525 3461 610 3534 illud
626 3484 710 3534 vere
723 3460 791 3534 dici
803 3471 924 3555 potest,
940 3485 1047 3534 unum
1060 3483 1140 3536 csse
1153 3485 1200 3534 ex
1214 3461 1344 3556 paucis

268 3559 457 3676 principem
479 3584 569 3654 inter
586 3584 771 3680 principes,
790 3585 1120 3672 excellentissimum
1141 3585 1232 3656 inter
1253 3607 1348 3662 sum-

269 3726 362 3789 mos,
397 3707 611 3800 romuleique
636 3710 766 3779 clarum
793 3708 899 3780 decus
920 3707 1085 3792 cardinis,
1114 3708 1231 3780 virum
1258 3727 1347 3779 rarae

269 3828 474 3920 prudentiae,
497 3829 598 3900 cuius
619 3829 761 3900 consilio
782 3830 941 3922 perfacile
961 3841 1132 3902 terrarum
1153 3827 1249 3900 orbis
1273 3827 1348 3920 regi

271 3972 375 4042 posse
393 3951 563 4036 videatur,
577 3951 769 4024 litterarum
782 3962 953 4046 praeterea
971 3956 1157 4025 multarum
1170 3961 1207 4024 et
1218 3951 1349 4024 excelsi

272 4073 411 4164 ingenii.
440 4074 510 4145 Sed
536 4097 655 4146 verum
689 4083 745 4176 est
769 4075 862 4169 quod
891 4063 1076 4149 Sallustius
1102 4077 1246 4171 Crispus
1279 4075 1348 4147 ait:

276 4195 330 4262 ubl
350 4194 534 4266 intenderis
553 4198 725 4286 inpertiam
746 4199 844 4268 uolet.
867 4199 927 4270 llle
946 4221 1032 4291 ergo
1050 4200 1103 4271 vir
1123 4208 1239 4271 tantus
1260 4196 1349 4268 inter
