<?xml version="1.0" encoding="UTF-8"?>
<!DOCTYPE html PUBLIC "-//W3C//DTD XHTML 1.0 Transitional//EN"
    "http://www.w3.org/TR/xhtml1/DTD/xhtml1-transitional.dtd">
<html xmlns="http://www.w3.org/1999/xhtml" xml:lang="en" lang="en">
 <head>
  <title>
</title>
<meta http-equiv="Content-Type" content="text/html;charset=utf-8" />
  <meta name='ocr-system' content='tesseract 3.04.00' />
  <meta name='ocr-capabilities' content='ocr_page ocr_carea ocr_par ocr_line ocrx_word'/>
</head>
<body>
  <div class='ocr_page' id='page_1' title='image "./franciscipetrar01fracgoog_0395.png"; bbox 0 0 3078 4798; ppageno 0'>
   <div class='ocr_carea' id='block_1_1' title="bbox 274 358 1084 434">
    <p class='ocr_par' dir='ltr' id='par_1_1' title="bbox 274 358 1084 434">
     <span class='ocr_line' id='line_1_1' title="bbox 274 358 1084 434; baseline -0.006 -20"><span class='ocrx_word' id='word_1_1' title='bbox 274 358 333 416; x_wconf 63' lang='lat' dir='ltr'><strong>{llll</strong></span> <span class='ocrx_word' id='word_1_2' title='bbox 610 368 650 413; x_wconf 77' lang='lat' dir='ltr'><strong>llll</strong></span> <span class='ocrx_word' id='word_1_3' title='bbox 672 365 772 414; x_wconf 81' lang='lat' dir='ltr'><strong>llEBl&#39;S</strong></span> <span class='ocrx_word' id='word_1_4' title='bbox 795 363 1016 414; x_wconf 76' lang='lat' dir='ltr'><strong>Fnltltlllttssus</strong></span> <span class='ocrx_word' id='word_1_5' title='bbox 1082 431 1084 434; x_wconf 43' lang='lat'><strong>,</strong></span> 
     </span>
    </p>
   </div>
   <div class='ocr_carea' id='block_1_2' title="bbox 274 499 1402 4151">
    <p class='ocr_par' dir='ltr' id='par_1_2' title="bbox 274 499 1402 4151">
     <span class='ocr_line' id='line_1_2' title="bbox 274 499 1358 593; baseline -0.001 -21"><span class='ocrx_word' id='word_1_6' title='bbox 274 507 308 574; x_wconf 92' lang='lat' dir='ltr'><strong>in</strong></span> <span class='ocrx_word' id='word_1_7' title='bbox 336 503 483 574; x_wconf 90' lang='lat' dir='ltr'><strong>circuilu</strong></span> <span class='ocrx_word' id='word_1_8' title='bbox 503 511 618 572; x_wconf 89' lang='lat' dir='ltr'><strong>autem</strong></span> <span class='ocrx_word' id='word_1_9' title='bbox 645 501 802 572; x_wconf 80' lang='lat' dir='ltr'><strong>certatim</strong></span> <span class='ocrx_word' id='word_1_10' title='bbox 824 499 960 571; x_wconf 90' lang='lat' dir='ltr'><strong>Baccho</strong></span> <span class='ocrx_word' id='word_1_11' title='bbox 985 501 1074 593; x_wconf 79' lang='lat' dir='ltr'><strong>grati</strong></span> <span class='ocrx_word' id='word_1_12' title='bbox 1102 502 1207 572; x_wconf 89' lang='lat' dir='ltr'><strong>colles</strong></span> <span class='ocrx_word' id='word_1_13' title='bbox 1232 522 1274 574; x_wconf 90' lang='lat' dir='ltr'><strong>ac</strong></span> <span class='ocrx_word' id='word_1_14' title='bbox 1295 503 1358 572; x_wconf 88' lang='lat' dir='ltr'><strong>lli-</strong></span> 
     </span>
     <span class='ocr_line' id='line_1_3' title="bbox 274 622 1354 717; baseline -0.005 -20"><span class='ocrx_word' id='word_1_15' title='bbox 274 649 408 708; x_wconf 83' lang='lat' dir='ltr'><strong>nervae,</strong></span> <span class='ocrx_word' id='word_1_16' title='bbox 432 645 523 694; x_wconf 88' lang='lat' dir='ltr'><strong>neve</strong></span> <span class='ocrx_word' id='word_1_17' title='bbox 545 624 578 692; x_wconf 92' lang='lat' dir='ltr'><strong>in</strong></span> <span class='ocrx_word' id='word_1_18' title='bbox 601 624 642 693; x_wconf 89' lang='lat' dir='ltr'><strong>iis</strong></span> <span class='ocrx_word' id='word_1_19' title='bbox 663 645 744 716; x_wconf 87' lang='lat' dir='ltr'><strong>quae</strong></span> <span class='ocrx_word' id='word_1_20' title='bbox 762 623 808 694; x_wconf 89' lang='lat' dir='ltr'><strong>ad</strong></span> <span class='ocrx_word' id='word_1_21' title='bbox 824 645 922 692; x_wconf 90' lang='lat' dir='ltr'><strong>esum</strong></span> <span class='ocrx_word' id='word_1_22' title='bbox 946 632 1135 717; x_wconf 88' lang='lat' dir='ltr'><strong>potumque</strong></span> <span class='ocrx_word' id='word_1_23' title='bbox 1153 622 1354 716; x_wconf 80' lang='lat' dir='ltr'><strong>pertineant,</strong></span> 
     </span>
     <span class='ocr_line' id='line_1_4' title="bbox 274 744 1355 846; baseline -0.005 -26"><span class='ocrx_word' id='word_1_24' title='bbox 274 749 461 846; x_wconf 85' lang='lat' dir='ltr'><strong>parasitico</strong></span> <span class='ocrx_word' id='word_1_25' title='bbox 495 769 601 830; x_wconf 89' lang='lat' dir='ltr'><strong>more,</strong></span> <span class='ocrx_word' id='word_1_26' title='bbox 628 747 722 839; x_wconf 89' lang='lat' dir='ltr'><strong>quod</strong></span> <span class='ocrx_word' id='word_1_27' title='bbox 748 766 817 814; x_wconf 91' lang='lat' dir='ltr'><strong>non</strong></span> <span class='ocrx_word' id='word_1_28' title='bbox 840 747 950 828; x_wconf 86' lang='lat' dir='ltr'><strong>soleo,</strong></span> <span class='ocrx_word' id='word_1_29' title='bbox 978 744 1150 844; x_wconf 82' lang='lat' dir='ltr'><strong>curiosius</strong></span> <span class='ocrx_word' id='word_1_30' title='bbox 1177 744 1355 844; x_wconf 84' lang='lat' dir='ltr'><strong>immorer,</strong></span> 
     </span>
     <span class='ocr_line' id='line_1_5' title="bbox 275 867 1356 962; baseline -0.002 -22"><span class='ocrx_word' id='word_1_31' title='bbox 275 872 429 942; x_wconf 88' lang='lat' dir='ltr'><strong>breviter</strong></span> <span class='ocrx_word' id='word_1_32' title='bbox 450 871 499 942; x_wconf 90' lang='lat' dir='ltr'><strong>sic</strong></span> <span class='ocrx_word' id='word_1_33' title='bbox 519 869 630 940; x_wconf 85' lang='lat' dir='ltr'>habe:</span> <span class='ocrx_word' id='word_1_34' title='bbox 658 868 825 962; x_wconf 91' lang='lat' dir='ltr'><strong>quicquid</strong></span> <span class='ocrx_word' id='word_1_35' title='bbox 846 889 910 938; x_wconf 88' lang='lat' dir='ltr'><strong>seu</strong></span> <span class='ocrx_word' id='word_1_36' title='bbox 932 869 965 937; x_wconf 91' lang='lat' dir='ltr'><strong>iu</strong></span> <span class='ocrx_word' id='word_1_37' title='bbox 988 869 1090 937; x_wconf 88' lang='lat' dir='ltr'><strong>terris</strong></span> <span class='ocrx_word' id='word_1_38' title='bbox 1113 889 1175 937; x_wconf 89' lang='lat' dir='ltr'><strong>seu</strong></span> <span class='ocrx_word' id='word_1_39' title='bbox 1201 867 1236 936; x_wconf 95' lang='lat' dir='ltr'><strong>in</strong></span> <span class='ocrx_word' id='word_1_40' title='bbox 1257 868 1356 960; x_wconf 90' lang='lat' dir='ltr'><strong>aquis</strong></span> 
     </span>
     <span class='ocr_line' id='line_1_6' title="bbox 274 988 1358 1082; baseline -0.005 -18"><span class='ocrx_word' id='word_1_41' title='bbox 274 995 438 1076; x_wconf 88' lang='lat' dir='ltr'><strong>nascitur,</strong></span> <span class='ocrx_word' id='word_1_42' title='bbox 462 993 517 1064; x_wconf 92' lang='lat' dir='ltr'><strong>hic</strong></span> <span class='ocrx_word' id='word_1_43' title='bbox 539 994 605 1063; x_wconf 86' lang='lat' dir='ltr'><strong>tale</strong></span> <span class='ocrx_word' id='word_1_44' title='bbox 630 1013 711 1062; x_wconf 88' lang='lat' dir='ltr'><strong>esse</strong></span> <span class='ocrx_word' id='word_1_45' title='bbox 735 1002 771 1062; x_wconf 89' lang='lat' dir='ltr'><strong>nt</strong></span> <span class='ocrx_word' id='word_1_46' title='bbox 792 990 826 1060; x_wconf 93' lang='lat' dir='ltr'><strong>in</strong></span> <span class='ocrx_word' id='word_1_47' title='bbox 848 989 1011 1082; x_wconf 85' lang='lat' dir='ltr'><strong>paradiso</strong></span> <span class='ocrx_word' id='word_1_48' title='bbox 1031 988 1249 1074; x_wconf 89' lang='lat' dir='ltr'><strong>deliciarum,</strong></span> <span class='ocrx_word' id='word_1_49' title='bbox 1270 990 1358 1062; x_wconf 89' lang='lat' dir='ltr'><strong>sicut</strong></span> 
     </span>
     <span class='ocr_line' id='line_1_7' title="bbox 275 1113 1358 1210; baseline -0.006 -22"><span class='ocrx_word' id='word_1_50' title='bbox 275 1120 439 1209; x_wconf 83' lang='lat' dir='ltr'><strong>Theologi</strong></span> <span class='ocrx_word' id='word_1_51' title='bbox 461 1120 657 1210; x_wconf 90' lang='lat' dir='ltr'><strong>loquuntur,</strong></span> <span class='ocrx_word' id='word_1_52' title='bbox 678 1116 752 1184; x_wconf 87' lang='lat' dir='ltr'><strong>sive</strong></span> <span class='ocrx_word' id='word_1_53' title='bbox 771 1122 808 1184; x_wconf 91' lang='lat' dir='ltr'><strong>ut</strong></span> <span class='ocrx_word' id='word_1_54' title='bbox 825 1122 945 1205; x_wconf 88' lang='lat' dir='ltr'><strong>poetae,</strong></span> <span class='ocrx_word' id='word_1_55' title='bbox 961 1113 996 1182; x_wconf 90' lang='lat' dir='ltr'><strong>in</strong></span> <span class='ocrx_word' id='word_1_56' title='bbox 1010 1113 1142 1204; x_wconf 89' lang='lat' dir='ltr'><strong>campis</strong></span> <span class='ocrx_word' id='word_1_57' title='bbox 1156 1113 1286 1207; x_wconf 75' lang='lat' dir='ltr'><strong>Elysiis</strong></span> <span class='ocrx_word' id='word_1_58' title='bbox 1300 1134 1358 1182; x_wconf 89' lang='lat' dir='ltr'><strong>na·</strong></span> 
     </span>
     <span class='ocr_line' id='line_1_8' title="bbox 276 1234 1359 1334; baseline -0.006 -22"><span class='ocrx_word' id='word_1_59' title='bbox 276 1251 346 1312; x_wconf 90' lang='lat' dir='ltr'><strong>tum</strong></span> <span class='ocrx_word' id='word_1_60' title='bbox 369 1251 493 1334; x_wconf 78' lang='lat' dir='ltr'><strong>putes3</strong></span> <span class='ocrx_word' id='word_1_61' title='bbox 516 1239 545 1308; x_wconf 88' lang='lat' dir='ltr'><strong>si</strong></span> <span class='ocrx_word' id='word_1_62' title='bbox 567 1236 651 1330; x_wconf 89' lang='lat' dir='ltr'><strong>quid</strong></span> <span class='ocrx_word' id='word_1_63' title='bbox 671 1258 765 1319; x_wconf 90' lang='lat' dir='ltr'><strong>vero,</strong></span> <span class='ocrx_word' id='word_1_64' title='bbox 790 1247 827 1306; x_wconf 92' lang='lat' dir='ltr'><strong>ut</strong></span> <span class='ocrx_word' id='word_1_65' title='bbox 847 1243 902 1306; x_wconf 87' lang='lat' dir='ltr'><strong>&#39;est</strong></span> <span class='ocrx_word' id='word_1_66' title='bbox 922 1235 1061 1306; x_wconf 91' lang='lat' dir='ltr'><strong>animus</strong></span> <span class='ocrx_word' id='word_1_67' title='bbox 1083 1234 1242 1318; x_wconf 89' lang='lat' dir='ltr'><strong>hominis,</strong></span> <span class='ocrx_word' id='word_1_68' title='bbox 1264 1255 1359 1328; x_wconf 86' lang='lat' dir='ltr'><strong>saepc</strong></span> 
     </span>
     <span class='ocr_line' id='line_1_9' title="bbox 275 1357 1359 1456; baseline -0.004 -23"><span class='ocrx_word' id='word_1_69' title='bbox 275 1363 515 1456; x_wconf 84' lang='lat' dir='ltr'><strong>voluptuosior</strong></span> <span class='ocrx_word' id='word_1_70' title='bbox 547 1381 652 1452; x_wconf 89' lang='lat' dir='ltr'><strong>quam</strong></span> <span class='ocrx_word' id='word_1_71' title='bbox 680 1369 829 1452; x_wconf 78' lang='lat' dir='ltr'><strong>oportet,</strong></span> <span class='ocrx_word' id='word_1_72' title='bbox 856 1358 988 1449; x_wconf 83' lang='lat' dir='ltr'><strong>exigno</strong></span> <span class='ocrx_word' id='word_1_73' title='bbox 1021 1359 1094 1429; x_wconf 92' lang='lat' dir='ltr'><strong>ruri</strong></span> <span class='ocrx_word' id='word_1_74' title='bbox 1120 1357 1227 1442; x_wconf 84' lang='lat' dir='ltr'><strong>desit,</strong></span> <span class='ocrx_word' id='word_1_75' title='bbox 1260 1357 1359 1430; x_wconf 82' lang='lat' dir='ltr'><strong>tacite</strong></span> 
     </span>
     <span class='ocr_line' id='line_1_10' title="bbox 276 1480 1360 1575; baseline -0.002 -19"><span class='ocrx_word' id='word_1_76' title='bbox 276 1486 500 1556; x_wconf 85' lang='lat' dir='ltr'><strong>finitimorum</strong></span> <span class='ocrx_word' id='word_1_77' title='bbox 522 1485 676 1554; x_wconf 88' lang='lat' dir='ltr'><strong>locorum</strong></span> <span class='ocrx_word' id='word_1_78' title='bbox 696 1481 852 1552; x_wconf 87' lang='lat' dir='ltr'><strong>ubertate</strong></span> <span class='ocrx_word' id='word_1_79' title='bbox 872 1480 1100 1575; x_wconf 87' lang='lat' dir='ltr'><strong>supplebitur.</strong></span> <span class='ocrx_word' id='word_1_80' title='bbox 1117 1483 1300 1552; x_wconf 89' lang='lat' dir='ltr'><strong>Postremo</strong></span> <span class='ocrx_word' id='word_1_81' title='bbox 1317 1505 1360 1554; x_wconf 90' lang='lat' dir='ltr'><strong>nc</strong></span> 
     </span>
     <span class='ocr_line' id='line_1_11' title="bbox 277 1584 1359 1702; baseline -0.003 -24"><span class='ocrx_word' id='word_1_82' title='bbox 277 1584 415 1700; x_wconf 82' lang='lat' dir='ltr'><strong>singula</strong></span> <span class='ocrx_word' id='word_1_83' title='bbox 447 1627 652 1702; x_wconf 89' lang='lat' dir='ltr'><strong>prosequar,</strong></span> <span class='ocrx_word' id='word_1_84' title='bbox 680 1604 735 1674; x_wconf 91' lang='lat' dir='ltr'><strong>hic</strong></span> <span class='ocrx_word' id='word_1_85' title='bbox 762 1602 822 1674; x_wconf 92' lang='lat' dir='ltr'><strong>tibi</strong></span> <span class='ocrx_word' id='word_1_86' title='bbox 845 1604 951 1696; x_wconf 86' lang='lat' dir='ltr'><strong>¹quies</strong></span> <span class='ocrx_word' id='word_1_87' title='bbox 984 1612 1148 1695; x_wconf 86' lang='lat' dir='ltr'><strong>exoptata</strong></span> <span class='ocrx_word' id='word_1_88' title='bbox 1181 1614 1217 1675; x_wconf 89' lang='lat' dir='ltr'><strong>et</strong></span> <span class='ocrx_word' id='word_1_89' title='bbox 1244 1605 1359 1676; x_wconf 85' lang='lat' dir='ltr'><strong>votiva</strong></span> 
     </span>
     <span class='ocr_line' id='line_1_12' title="bbox 278 1725 1402 1823; baseline -0.004 -22"><span class='ocrx_word' id='word_1_90' title='bbox 278 1731 515 1823; x_wconf 73' lang='lat' dir='ltr'><strong>tranquillitas</strong></span> <span class='ocrx_word' id='word_1_91' title='bbox 529 1737 564 1799; x_wconf 90' lang='lat' dir='ltr'><strong>et</strong></span> <span class='ocrx_word' id='word_1_92' title='bbox 578 1748 658 1821; x_wconf 82' lang='lat' dir='ltr'><strong>quae</strong></span> <span class='ocrx_word' id='word_1_93' title='bbox 679 1729 783 1799; x_wconf 86' lang='lat' dir='ltr'><strong>nullae</strong></span> <span class='ocrx_word' id='word_1_94' title='bbox 802 1725 959 1798; x_wconf 88' lang='lat' dir='ltr'><strong>studioso</strong></span> <span class='ocrx_word' id='word_1_95' title='bbox 977 1725 1092 1796; x_wconf 86' lang='lat' dir='ltr'><strong>animo</strong></span> <span class='ocrx_word' id='word_1_96' title='bbox 1106 1725 1239 1798; x_wconf 86' lang='lat' dir='ltr'><strong>divitiae</strong></span> <span class='ocrx_word' id='word_1_97' title='bbox 1251 1727 1360 1798; x_wconf 90' lang='lat' dir='ltr'><strong>cario·</strong></span> <span class='ocrx_word' id='word_1_98' title='bbox 1399 1729 1402 1737; x_wconf 81' lang='grc'><em>“</em></span> 
     </span>
     <span class='ocr_line' id='line_1_13' title="bbox 277 1847 1360 1941; baseline 0.001 -20"><span class='ocrx_word' id='word_1_99' title='bbox 277 1874 344 1934; x_wconf 80' lang='lat' dir='ltr'><strong>reS,</strong></span> <span class='ocrx_word' id='word_1_100' title='bbox 368 1850 534 1921; x_wconf 92' lang='lat' dir='ltr'><strong>librorum</strong></span> <span class='ocrx_word' id='word_1_101' title='bbox 552 1849 649 1941; x_wconf 88' lang='lat' dir='ltr'><strong>copia</strong></span> <span class='ocrx_word' id='word_1_102' title='bbox 668 1849 792 1940; x_wconf 84' lang='lat' dir='ltr'><strong>ingens</strong></span> <span class='ocrx_word' id='word_1_103' title='bbox 810 1849 918 1932; x_wconf 87' lang='lat' dir='ltr'><strong>adest,</strong></span> <span class='ocrx_word' id='word_1_104' title='bbox 939 1847 1163 1941; x_wconf 86' lang='lat' dir='ltr'><strong>fideliumque</strong></span> <span class='ocrx_word' id='word_1_105' title='bbox 1179 1849 1360 1922; x_wconf 88' lang='lat' dir='ltr'><strong>convictus</strong></span> 
     </span>
     <span class='ocr_line' id='line_1_14' title="bbox 277 1970 1360 2065; baseline -0.002 -21"><span class='ocrx_word' id='word_1_106' title='bbox 277 1984 380 2065; x_wconf 86' lang='lat' dir='ltr'><strong>atque</strong></span> <span class='ocrx_word' id='word_1_107' title='bbox 415 1970 622 2063; x_wconf 85' lang='lat' dir='ltr'><strong>obsequium</strong></span> <span class='ocrx_word' id='word_1_108' title='bbox 648 1970 849 2042; x_wconf 89' lang='lat' dir='ltr'><strong>amicorum.</strong></span> <span class='ocrx_word' id='word_1_109' title='bbox 882 1970 1087 2042; x_wconf 89' lang='lat' dir='ltr'><strong>Versaberis</strong></span> <span class='ocrx_word' id='word_1_110' title='bbox 1117 1992 1197 2041; x_wconf 88' lang='lat' dir='ltr'><strong>curn</strong></span> <span class='ocrx_word' id='word_1_111' title='bbox 1232 1971 1360 2042; x_wconf 89' lang='lat' dir='ltr'><strong>sanctis</strong></span> 
     </span>
     <span class='ocr_line' id='line_1_15' title="bbox 277 2093 1361 2188; baseline 0.002 -23"><span class='ocrx_word' id='word_1_112' title='bbox 277 2118 356 2165; x_wconf 91' lang='lat' dir='ltr'><strong>cum</strong></span> <span class='ocrx_word' id='word_1_113' title='bbox 371 2093 595 2187; x_wconf 88' lang='lat' dir='ltr'><strong>pbilosophis,</strong></span> <span class='ocrx_word' id='word_1_114' title='bbox 610 2116 689 2165; x_wconf 88' lang='lat' dir='ltr'><strong>cnm</strong></span> <span class='ocrx_word' id='word_1_115' title='bbox 703 2097 824 2188; x_wconf 89' lang='lat' dir='ltr'><strong>poetis,</strong></span> <span class='ocrx_word' id='word_1_116' title='bbox 840 2117 919 2166; x_wconf 88' lang='lat' dir='ltr'><strong>cum</strong></span> <span class='ocrx_word' id='word_1_117' title='bbox 938 2094 1144 2178; x_wconf 89' lang='lat' dir='ltr'><strong>oratoribus,</strong></span> <span class='ocrx_word' id='word_1_118' title='bbox 1159 2117 1238 2166; x_wconf 90' lang='lat' dir='ltr'><strong>cum</strong></span> <span class='ocrx_word' id='word_1_119' title='bbox 1254 2095 1361 2167; x_wconf 90' lang='lat' dir='ltr'><strong>bisto-</strong></span> 
     </span>
     <span class='ocr_line' id='line_1_16' title="bbox 278 2214 1360 2309; baseline 0.002 -23"><span class='ocrx_word' id='word_1_120' title='bbox 278 2217 369 2287; x_wconf 90' lang='lat' dir='ltr'><strong>ricis.</strong></span> <span class='ocrx_word' id='word_1_121' title='bbox 392 2217 462 2287; x_wconf 92' lang='lat' dir='ltr'><strong>Nos</strong></span> <span class='ocrx_word' id='word_1_122' title='bbox 480 2214 564 2298; x_wconf 90' lang='lat' dir='ltr'><strong>dno,</strong></span> <span class='ocrx_word' id='word_1_123' title='bbox 583 2228 750 2309; x_wconf 91' lang='lat' dir='ltr'><strong>quantum</strong></span> <span class='ocrx_word' id='word_1_124' title='bbox 771 2217 846 2288; x_wconf 91' lang='lat' dir='ltr'><strong>siue</strong></span> <span class='ocrx_word' id='word_1_125' title='bbox 868 2217 1025 2288; x_wconf 88' lang='lat' dir='ltr'><strong>satietate</strong></span> <span class='ocrx_word' id='word_1_126' title='bbox 1046 2227 1104 2288; x_wconf 91' lang='lat' dir='ltr'><strong>tua</strong></span> <span class='ocrx_word' id='word_1_127' title='bbox 1129 2217 1241 2298; x_wconf 84' lang='lat' dir='ltr'><strong>tuerit,</strong></span> <span class='ocrx_word' id='word_1_128' title='bbox 1269 2220 1360 2289; x_wconf 90' lang='lat' dir='ltr'><strong>latus</strong></span> 
     </span>
     <span class='ocr_line' id='line_1_17' title="bbox 278 2338 1361 2430; baseline 0 -20"><span class='ocrx_word' id='word_1_129' title='bbox 278 2340 339 2410; x_wconf 90' lang='lat' dir='ltr'><strong>tibi</strong></span> <span class='ocrx_word' id='word_1_130' title='bbox 362 2349 549 2430; x_wconf 89' lang='lat' dir='ltr'><strong>utrumque</strong></span> <span class='ocrx_word' id='word_1_131' title='bbox 569 2339 773 2430; x_wconf 82' lang='lat' dir='ltr'><strong>cingemus3</strong></span> <span class='ocrx_word' id='word_1_132' title='bbox 795 2360 858 2410; x_wconf 94' lang='lat' dir='ltr'><strong>nos</strong></span> <span class='ocrx_word' id='word_1_133' title='bbox 878 2338 938 2408; x_wconf 88' lang='lat' dir='ltr'><strong>tibi</strong></span> <span class='ocrx_word' id='word_1_134' title='bbox 960 2339 1028 2410; x_wconf 88' lang='lat' dir='ltr'><strong>iam</strong></span> <span class='ocrx_word' id='word_1_135' title='bbox 1050 2361 1142 2410; x_wconf 93' lang='lat' dir='ltr'><strong>nunc</strong></span> <span class='ocrx_word' id='word_1_136' title='bbox 1162 2339 1286 2410; x_wconf 89' lang='lat' dir='ltr'><strong>animis</strong></span> <span class='ocrx_word' id='word_1_137' title='bbox 1304 2360 1361 2410; x_wconf 90' lang='lat' dir='ltr'><strong>oc-</strong></span> 
     </span>
     <span class='ocr_line' id='line_1_18' title="bbox 277 2460 1360 2556; baseline -0.004 -23"><span class='ocrx_word' id='word_1_138' title='bbox 277 2461 468 2545; x_wconf 88' lang='lat' dir='ltr'><strong>currimus,</strong></span> <span class='ocrx_word' id='word_1_139' title='bbox 490 2471 527 2532; x_wconf 89' lang='lat' dir='ltr'><strong>et</strong></span> <span class='ocrx_word' id='word_1_140' title='bbox 545 2461 591 2532; x_wconf 88' lang='lat' dir='ltr'><strong>ab</strong></span> <span class='ocrx_word' id='word_1_141' title='bbox 610 2473 790 2554; x_wconf 83' lang='lat' dir='ltr'><strong>occupatae</strong></span> <span class='ocrx_word' id='word_1_142' title='bbox 810 2465 893 2533; x_wconf 85' lang='lat' dir='ltr'><strong>vitae</strong></span> <span class='ocrx_word' id='word_1_143' title='bbox 915 2460 1177 2556; x_wconf 85' lang='lat' dir='ltr'><strong>tempestatibus</strong></span> <span class='ocrx_word' id='word_1_144' title='bbox 1203 2461 1360 2532; x_wconf 89' lang='lat' dir='ltr'><strong>redeunti</strong></span> 
     </span>
     <span class='ocr_line' id='line_1_19' title="bbox 280 2583 1360 2680; baseline -0.002 -24"><span class='ocrx_word' id='word_1_145' title='bbox 280 2595 414 2677; x_wconf 87' lang='lat' dir='ltr'><strong>portum</strong></span> <span class='ocrx_word' id='word_1_146' title='bbox 434 2584 527 2655; x_wconf 92' lang='lat' dir='ltr'><strong>hunc</strong></span> <span class='ocrx_word' id='word_1_147' title='bbox 543 2583 798 2677; x_wconf 88' lang='lat' dir='ltr'><strong>quietissimum</strong></span> <span class='ocrx_word' id='word_1_148' title='bbox 818 2605 1069 2680; x_wconf 78' lang='lat' dir='ltr'><strong>praepararnus</strong></span> <span class='ocrx_word' id='word_1_149' title='bbox 1087 2583 1229 2656; x_wconf 87' lang='lat' dir='ltr'><strong>Genitor</strong></span> <span class='ocrx_word' id='word_1_150' title='bbox 1246 2595 1360 2654; x_wconf 86' lang='lat' dir='ltr'><strong>autem</strong></span> 
     </span>
     <span class='ocr_line' id='line_1_20' title="bbox 279 2707 1363 2801; baseline 0 -24"><span class='ocrx_word' id='word_1_151' title='bbox 279 2717 360 2778; x_wconf 89' lang='lat' dir='ltr'><strong>tuns</strong></span> <span class='ocrx_word' id='word_1_152' title='bbox 388 2707 515 2778; x_wconf 84' lang='lat' dir='ltr'><strong>interca</strong></span> <span class='ocrx_word' id='word_1_153' title='bbox 549 2708 637 2779; x_wconf 88' lang='lat' dir='ltr'><strong>llens</strong></span> <span class='ocrx_word' id='word_1_154' title='bbox 670 2719 779 2801; x_wconf 81' lang='lat' dir='ltr'><strong>atque</strong></span> <span class='ocrx_word' id='word_1_155' title='bbox 800 2709 930 2780; x_wconf 78' lang='lat' dir='ltr'><strong>anxius</strong></span> <span class='ocrx_word' id='word_1_156' title='bbox 961 2708 1007 2780; x_wconf 84' lang='lat' dir='ltr'><strong>ad</strong></span> <span class='ocrx_word' id='word_1_157' title='bbox 1037 2716 1071 2779; x_wconf 87' lang='lat' dir='ltr'><strong>te</strong></span> <span class='ocrx_word' id='word_1_158' title='bbox 1097 2709 1214 2791; x_wconf 87' lang='lat' dir='ltr'><strong>venit,</strong></span> <span class='ocrx_word' id='word_1_159' title='bbox 1241 2719 1277 2778; x_wconf 86' lang='lat' dir='ltr'><strong>et</strong></span> <span class='ocrx_word' id='word_1_160' title='bbox 1301 2728 1363 2801; x_wconf 90' lang='lat' dir='ltr'><strong>per</strong></span> 
     </span>
     <span class='ocr_line' id='line_1_21' title="bbox 279 2826 1362 2922; baseline -0.004 -20"><span class='ocrx_word' id='word_1_161' title='bbox 279 2832 436 2922; x_wconf 83' lang='lat' dir='ltr'><strong>singulos</strong></span> <span class='ocrx_word' id='word_1_162' title='bbox 469 2852 597 2922; x_wconf 86' lang='lat' dir='ltr'><strong>passus</strong></span> <span class='ocrx_word' id='word_1_163' title='bbox 631 2829 834 2901; x_wconf 84' lang='lat' dir='ltr'><strong>Dauidicurn</strong></span> <span class='ocrx_word' id='word_1_164' title='bbox 866 2830 951 2903; x_wconf 93' lang='lat' dir='ltr'><strong>illud</strong></span> <span class='ocrx_word' id='word_1_165' title='bbox 975 2831 1178 2922; x_wconf 80' lang='lat' dir='ltr'><strong>ingeminat,</strong></span> <span class='ocrx_word' id='word_1_166' title='bbox 1207 2832 1280 2921; x_wconf 81' lang='lat' dir='ltr'><strong>quir</strong></span> <span class='ocrx_word' id='word_1_167' title='bbox 1304 2826 1362 2898; x_wconf 85' lang='lat' dir='ltr'><strong>du-</strong></span> 
     </span>
     <span class='ocr_line' id='line_1_22' title="bbox 280 2927 1359 3044; baseline 0 -22"><span class='ocrx_word' id='word_1_168' title='bbox 280 2956 325 3022; x_wconf 82' lang='lat' dir='ltr'><strong>bit</strong></span> <span class='ocrx_word' id='word_1_169' title='bbox 345 2954 427 3022; x_wconf 84' lang='lat' dir='ltr'><strong>mibi</strong></span> <span class='ocrx_word' id='word_1_170' title='bbox 445 2973 578 3044; x_wconf 82' lang='lat' dir='ltr'><strong>penum</strong></span> <span class='ocrx_word' id='word_1_171' title='bbox 602 2954 687 3022; x_wconf 77' lang='lat' dir='ltr'><strong>sicut</strong></span> <span class='ocrx_word' id='word_1_172' title='bbox 713 2955 868 3022; x_wconf 81' lang='lat' dir='ltr'><strong>cotumtae</strong></span> <span class='ocrx_word' id='word_1_173' title='bbox 894 2964 924 3022; x_wconf 88' lang='lat' dir='ltr'><strong>ct</strong></span> <span class='ocrx_word' id='word_1_174' title='bbox 950 2953 1065 3023; x_wconf 84' lang='lat' dir='ltr'><strong>volabo</strong></span> <span class='ocrx_word' id='word_1_175' title='bbox 1090 2963 1121 3022; x_wconf 84' lang='lat' dir='ltr'><strong>ct</strong></span> <span class='ocrx_word' id='word_1_176' title='bbox 1145 2927 1359 3042; x_wconf 75' lang='lat' dir='ltr'><strong>requiescum,</strong></span> 
     </span>
     <span class='ocr_line' id='line_1_23' title="bbox 278 3071 1361 3168; baseline 0.003 -24"><span class='ocrx_word' id='word_1_177' title='bbox 278 3074 336 3144; x_wconf 93' lang='lat' dir='ltr'><strong>ubi</strong></span> <span class='ocrx_word' id='word_1_178' title='bbox 356 3073 487 3144; x_wconf 88' lang='lat' dir='ltr'><strong>scilicet</strong></span> <span class='ocrx_word' id='word_1_179' title='bbox 508 3071 615 3144; x_wconf 89' lang='lat' dir='ltr'><strong>lilium</strong></span> <span class='ocrx_word' id='word_1_180' title='bbox 638 3095 752 3145; x_wconf 87' lang='lat' dir='ltr'><strong>meum</strong></span> <span class='ocrx_word' id='word_1_181' title='bbox 777 3074 1059 3168; x_wconf 81' lang='lat' dir='ltr'><strong>primogenitum,</strong></span> <span class='ocrx_word' id='word_1_182' title='bbox 1082 3097 1185 3168; x_wconf 89' lang='lat' dir='ltr'><strong>quem</strong></span> <span class='ocrx_word' id='word_1_183' title='bbox 1208 3076 1291 3146; x_wconf 90' lang='lat' dir='ltr'><strong>mibi</strong></span> <span class='ocrx_word' id='word_1_184' title='bbox 1316 3076 1361 3147; x_wconf 90' lang='lat' dir='ltr'><strong>de</strong></span> 
     </span>
     <span class='ocr_line' id='line_1_24' title="bbox 279 3195 1360 3291; baseline 0.001 -26"><span class='ocrx_word' id='word_1_185' title='bbox 279 3195 348 3267; x_wconf 85' lang='lat' dir='ltr'><strong>filio</strong></span> <span class='ocrx_word' id='word_1_186' title='bbox 368 3206 499 3287; x_wconf 87' lang='lat' dir='ltr'><strong>patrem</strong></span> <span class='ocrx_word' id='word_1_187' title='bbox 517 3195 580 3265; x_wconf 86' lang='lat' dir='ltr'><strong>leci</strong></span> <span class='ocrx_word' id='word_1_188' title='bbox 596 3196 772 3289; x_wconf 87' lang='lat' dir='ltr'><strong>sospitem,</strong></span> <span class='ocrx_word' id='word_1_189' title='bbox 789 3198 889 3269; x_wconf 88' lang='lat' dir='ltr'><strong>laetus</strong></span> <span class='ocrx_word' id='word_1_190' title='bbox 909 3219 1094 3291; x_wconf 80' lang='lat' dir='ltr'><strong>aspexero.</strong></span> <span class='ocrx_word' id='word_1_191' title='bbox 1111 3199 1182 3268; x_wconf 90' lang='lat' dir='ltr'><strong>Nos</strong></span> <span class='ocrx_word' id='word_1_192' title='bbox 1199 3218 1285 3268; x_wconf 89' lang='lat' dir='ltr'><strong>vero</strong></span> <span class='ocrx_word' id='word_1_193' title='bbox 1303 3197 1360 3288; x_wconf 88' lang='lat' dir='ltr'><strong>qui</strong></span> 
     </span>
     <span class='ocr_line' id='line_1_25' title="bbox 279 3291 1363 3412; baseline -0.001 -21"><span class='ocrx_word' id='word_1_194' title='bbox 279 3330 311 3391; x_wconf 83' lang='lat' dir='ltr'><strong>te</strong></span> <span class='ocrx_word' id='word_1_195' title='bbox 338 3291 474 3390; x_wconf 83' lang='lat' dir='ltr'><strong>summo</strong></span> <span class='ocrx_word' id='word_1_196' title='bbox 498 3341 577 3390; x_wconf 91' lang='lat' dir='ltr'><strong>cum</strong></span> <span class='ocrx_word' id='word_1_197' title='bbox 603 3318 779 3390; x_wconf 85' lang='lat' dir='ltr'><strong>desiderio</strong></span> <span class='ocrx_word' id='word_1_198' title='bbox 810 3323 1070 3412; x_wconf 89' lang='lat' dir='ltr'><strong>praestolamur,</strong></span> <span class='ocrx_word' id='word_1_199' title='bbox 1098 3319 1243 3391; x_wconf 82' lang='lat' dir='ltr'><strong>facimus</strong></span> <span class='ocrx_word' id='word_1_200' title='bbox 1269 3316 1363 3411; x_wconf 91' lang='lat' dir='ltr'><strong>qnod</strong></span> 
     </span>
     <span class='ocr_line' id='line_1_26' title="bbox 278 3440 1364 3532; baseline -0.004 -19"><span class='ocrx_word' id='word_1_201' title='bbox 278 3452 436 3513; x_wconf 86' lang='lat' dir='ltr'><strong>amantes</strong></span> <span class='ocrx_word' id='word_1_202' title='bbox 463 3443 594 3513; x_wconf 87' lang='lat' dir='ltr'><strong>solent:</strong></span> <span class='ocrx_word' id='word_1_203' title='bbox 622 3442 780 3532; x_wconf 79' lang='lat' dir='ltr'><strong>singulos</strong></span> <span class='ocrx_word' id='word_1_204' title='bbox 806 3441 883 3512; x_wconf 84' lang='lat' dir='ltr'><strong>(lies</strong></span> <span class='ocrx_word' id='word_1_205' title='bbox 905 3440 1038 3513; x_wconf 89' lang='lat' dir='ltr'><strong>solicite</strong></span> <span class='ocrx_word' id='word_1_206' title='bbox 1065 3461 1304 3523; x_wconf 68' lang='lat' dir='ltr'><strong>numeramus</strong></span> <span class='ocrx_word' id='word_1_207' title='bbox 1328 3450 1364 3510; x_wconf 85' lang='lat' dir='ltr'><strong>et</strong></span> 
     </span>
     <span class='ocr_line' id='line_1_27' title="bbox 278 3560 1362 3668; baseline -0.005 -32"><span class='ocrx_word' id='word_1_208' title='bbox 278 3565 403 3636; x_wconf 89' lang='lat' dir='ltr'><strong>erectis</strong></span> <span class='ocrx_word' id='word_1_209' title='bbox 430 3562 574 3636; x_wconf 91' lang='lat' dir='ltr'><strong>auribus</strong></span> <span class='ocrx_word' id='word_1_210' title='bbox 598 3573 732 3635; x_wconf 87' lang='lat' dir='ltr'><strong>stamus</strong></span> <span class='ocrx_word' id='word_1_211' title='bbox 748 3563 796 3668; x_wconf 24' lang='lat' dir='ltr'><strong>‘si-</strong></span> <span class='ocrx_word' id='word_1_212' title='bbox 822 3562 907 3655; x_wconf 91' lang='lat' dir='ltr'><strong>quid</strong></span> <span class='ocrx_word' id='word_1_213' title='bbox 945 3564 990 3636; x_wconf 88' lang='lat' dir='ltr'><strong>de</strong></span> <span class='ocrx_word' id='word_1_214' title='bbox 1024 3575 1056 3634; x_wconf 88' lang='lat' dir='ltr'><strong>te</strong></span> <span class='ocrx_word' id='word_1_215' title='bbox 1095 3563 1196 3635; x_wconf 90' lang='lat' dir='ltr'><strong>nobis</strong></span> <span class='ocrx_word' id='word_1_216' title='bbox 1228 3560 1362 3634; x_wconf 82' lang='lat' dir='ltr'><strong>felicius</strong></span> 
     </span>
     <span class='ocr_line' id='line_1_28' title="bbox 278 3681 1364 3781; baseline -0.006 -23"><span class='ocrx_word' id='word_1_217' title='bbox 278 3687 464 3760; x_wconf 88' lang='lat' dir='ltr'><strong>nuntietur.</strong></span> <span class='ocrx_word' id='word_1_218' title='bbox 483 3688 575 3758; x_wconf 87' lang='lat' dir='ltr'><strong>luter</strong></span> <span class='ocrx_word' id='word_1_219' title='bbox 597 3700 732 3758; x_wconf 88' lang='lat' dir='ltr'><strong>tuorum</strong></span> <span class='ocrx_word' id='word_1_220' title='bbox 758 3696 836 3758; x_wconf 90' lang='lat' dir='ltr'><strong>vota</strong></span> <span class='ocrx_word' id='word_1_221' title='bbox 856 3685 976 3778; x_wconf 81' lang='lat' dir='ltr'><strong>igitur,</strong></span> <span class='ocrx_word' id='word_1_222' title='bbox 996 3695 1095 3781; x_wconf 86' lang='lat' dir='ltr'><strong>pater</strong></span> <span class='ocrx_word' id='word_1_223' title='bbox 1116 3683 1289 3767; x_wconf 87' lang='lat' dir='ltr'><strong>amabilis,</strong></span> <span class='ocrx_word' id='word_1_224' title='bbox 1309 3681 1364 3752; x_wconf 85' lang='lat' dir='ltr'><strong>vi-</strong></span> 
     </span>
     <span class='ocr_line' id='line_1_29' title="bbox 280 3807 1361 3904; baseline -0.007 -22"><span class='ocrx_word' id='word_1_225' title='bbox 280 3833 338 3896; x_wconf 91' lang='lat' dir='ltr'><strong>ve,</strong></span> <span class='ocrx_word' id='word_1_226' title='bbox 357 3831 433 3895; x_wconf 90' lang='lat' dir='ltr'><strong>oro,</strong></span> <span class='ocrx_word' id='word_1_227' title='bbox 455 3810 610 3893; x_wconf 80' lang='lat' dir='ltr'><strong>feliciter,</strong></span> <span class='ocrx_word' id='word_1_228' title='bbox 632 3821 667 3880; x_wconf 90' lang='lat' dir='ltr'><strong>et</strong></span> <span class='ocrx_word' id='word_1_229' title='bbox 687 3811 765 3880; x_wconf 85' lang='lat' dir='ltr'><strong>vale</strong></span> <span class='ocrx_word' id='word_1_230' title='bbox 785 3823 821 3880; x_wconf 88' lang='lat' dir='ltr'><strong>et</strong></span> <span class='ocrx_word' id='word_1_231' title='bbox 841 3807 921 3879; x_wconf 90' lang='lat' dir='ltr'><strong>veni</strong></span> <span class='ocrx_word' id='word_1_232' title='bbox 944 3817 978 3879; x_wconf 89' lang='lat' dir='ltr'><strong>et</strong></span> <span class='ocrx_word' id='word_1_233' title='bbox 998 3831 1156 3904; x_wconf 91' lang='lat' dir='ltr'><strong>propera,</strong></span> <span class='ocrx_word' id='word_1_234' title='bbox 1181 3827 1287 3901; x_wconf 84' lang='lat' dir='ltr'><strong>supra</strong></span> <span class='ocrx_word' id='word_1_235' title='bbox 1310 3807 1361 3876; x_wconf 93' lang='lat' dir='ltr'><strong>vi-</strong></span> 
     </span>
     <span class='ocr_line' id='line_1_30' title="bbox 280 3929 1363 4024; baseline -0.001 -21"><span class='ocrx_word' id='word_1_236' title='bbox 280 3955 337 4004; x_wconf 88' lang='lat' dir='ltr'><strong>res</strong></span> <span class='ocrx_word' id='word_1_237' title='bbox 357 3933 508 4006; x_wconf 86' lang='lat' dir='ltr'><strong>animum</strong></span> <span class='ocrx_word' id='word_1_238' title='bbox 527 3935 703 4017; x_wconf 87' lang='lat' dir='ltr'><strong>attollens,</strong></span> <span class='ocrx_word' id='word_1_239' title='bbox 730 3952 771 4004; x_wconf 85' lang='lat' dir='ltr'><strong>ac</strong></span> <span class='ocrx_word' id='word_1_240' title='bbox 796 3953 892 4024; x_wconf 85' lang='lat' dir='ltr'><strong>saepe</strong></span> <span class='ocrx_word' id='word_1_241' title='bbox 919 3929 977 4002; x_wconf 91' lang='lat' dir='ltr'><strong>tibi</strong></span> <span class='ocrx_word' id='word_1_242' title='bbox 1002 3943 1038 4002; x_wconf 89' lang='lat' dir='ltr'><strong>et</strong></span> <span class='ocrx_word' id='word_1_243' title='bbox 1062 3931 1223 4003; x_wconf 90' lang='lat' dir='ltr'><strong>omnibus</strong></span> <span class='ocrx_word' id='word_1_244' title='bbox 1250 3929 1363 4002; x_wconf 89' lang='lat' dir='ltr'><strong>virtu-</strong></span> 
     </span>
     <span class='ocr_line' id='line_1_31' title="bbox 280 4053 1207 4151; baseline 0.003 -30"><span class='ocrx_word' id='word_1_245' title='bbox 280 4054 372 4126; x_wconf 90' lang='lat' dir='ltr'><strong>tibus</strong></span> <span class='ocrx_word' id='word_1_246' title='bbox 392 4056 460 4128; x_wconf 87' lang='lat' dir='ltr'><strong>luis</strong></span> <span class='ocrx_word' id='word_1_247' title='bbox 476 4057 597 4128; x_wconf 90' lang='lat' dir='ltr'><strong>dicens</strong></span> <span class='ocrx_word' id='word_1_248' title='bbox 616 4056 785 4151; x_wconf 89' lang='lat' dir='ltr'><strong>poeticum</strong></span> <span class='ocrx_word' id='word_1_249' title='bbox 808 4054 892 4126; x_wconf 93' lang='lat' dir='ltr'><strong>illud</strong></span> <span class='ocrx_word' id='word_1_250' title='bbox 911 4053 1207 4126; x_wconf 82' lang='lat' dir='ltr'><strong>famosissimum:</strong></span> 
     </span>
    </p>
   </div>
   <div class='ocr_carea' id='block_1_3' title="bbox 473 4193 1178 4258">
    <p class='ocr_par' dir='ltr' id='par_1_3' title="bbox 473 4193 1178 4258">
     <span class='ocr_line' id='line_1_32' title="bbox 473 4193 1178 4258; baseline 0.004 -5"><span class='ocrx_word' id='word_1_251' title='bbox 473 4194 582 4256; x_wconf 81' lang='lat' dir='ltr'><strong>llrrrate</strong></span> <span class='ocrx_word' id='word_1_252' title='bbox 601 4204 630 4257; x_wconf 85' lang='lat' dir='ltr'><strong>et</strong></span> <span class='ocrx_word' id='word_1_253' title='bbox 647 4202 767 4258; x_wconf 87' lang='lat' dir='ltr'><strong>vosmet</strong></span> <span class='ocrx_word' id='word_1_254' title='bbox 784 4195 876 4258; x_wconf 91' lang='lat' dir='ltr'><strong>rebus</strong></span> <span class='ocrx_word' id='word_1_255' title='bbox 894 4201 1013 4257; x_wconf 86' lang='lat' dir='ltr'><strong>servate</strong></span> <span class='ocrx_word' id='word_1_256' title='bbox 1030 4193 1178 4257; x_wconf 85' lang='lat' dir='ltr'><strong>secundis.</strong></span> 
     </span>
    </p>
   </div>
   <div class='ocr_carea' id='block_1_4' title="bbox 782 4335 861 4343">
    <p class='ocr_par' dir='ltr' id='par_1_4' title="bbox 782 4335 861 4343">
     <span class='ocr_line' id='line_1_33' title="bbox 782 4335 861 4343; baseline 0.013 -1"><span class='ocrx_word' id='word_1_257' title='bbox 782 4335 861 4343; x_wconf 52' lang='grc'><strong>,-</strong></span> 
     </span>
    </p>
   </div>
   <div class='ocr_carea' id='block_1_5' title="bbox 0 0 1555 4798">
    <p class='ocr_par' dir='ltr' id='par_1_5' title="bbox 0 0 1555 4798">
     <span class='ocr_line' id='line_1_34' title="bbox 0 0 1555 4798; baseline 0 0"><span class='ocrx_word' id='word_1_258' title='bbox 0 0 1555 4798; x_wconf 95' lang='lat' dir='ltr'><strong> </strong></span> 
     </span>
    </p>
   </div>
  </div>
 </body>
</html>
