3002 4794
414 345 507 394 menn
529 344 676 396 uncinus
689 363 725 376 -
738 343 892 394 nmsrom
915 345 934 391 ι.
1175 329 1214 390 dd

138 498 152 532 o
179 469 236 540 bili
269 469 403 540 virtute
436 467 642 561 impendens
676 467 905 558 mihi-iugum
931 467 1216 560 Carthaginiense

138 620 152 654 r
177 590 357 664 discussit.
385 592 513 683 Magne
538 613 596 662 res
621 590 657 662 in
682 589 804 685 primis
835 598 869 660 et
894 589 1037 685 periculi
1063 589 1216 662 novitate

137 741 150 777 l
176 713 425 797 memorabilis,
447 713 577 785 nostris
598 711 812 797 ardentibus
833 711 987 783 hostium
1008 710 1097 784 lines
1118 713 1217 784 inva-

138 834 277 920 ndere,
309 843 346 905 et
369 834 598 908 Hannibalem
629 834 738 906 ltaliae
767 843 849 907 tunc
886 834 1144 927 Galliarumque
1181 844 1217 906 et

136 987 149 1022 s
176 956 356 1052 Hispaniae
377 956 555 1042 victorem,
579 979 620 1029 ae
640 958 707 1028 iam
731 958 836 1030 totius
857 956 953 1029 orbis
974 956 1155 1050 imperium
1174 957 1216 1027 ti-

136 1109 150 1146 »
175 1079 305 1152 menda
327 1088 444 1150 mente
465 1089 681 1165 versantem,
704 1079 785 1152 hinc
806 1079 841 1150 vi
862 1079 1050 1164 deiectum,
1072 1079 1140 1150 illic
1160 1099 1217 1151 ar-

136 1231 149 1264 »
176 1203 243 1273 mis
265 1201 420 1272 vincere.
443 1200 519 1272 Tibi
538 1203 633 1273 nulla
652 1200 793 1294 quidem
815 1201 1026 1274 transeunda
1044 1210 1127 1272 sunt
1143 1222 1217 1272 ma-

136 1351 149 1387 r
174 1324 238 1411 ria,
261 1325 380 1394 nullus
394 1323 564 1396 Hannibal
585 1322 792 1406 vincendum
807 1343 953 1415 pronum
970 1322 1043 1408 iter,
1062 1324 1218 1416 planant

136 1474 150 1508 l
176 1454 298 1540 aperta
310 1456 393 1516 sunt
403 1445 531 1528 omnim
546 1465 627 1538 quae
639 1444 732 1516 enim
746 1443 908 1534 obturata
920 1444 1061 1538 quidem
1078 1452 1213 1539 putant,

136 1595 149 1631 l
175 1567 377 1660 praesentiae
392 1577 429 1638 tu
442 1567 615 1639 aetonitrui
630 1575 820 1661 patescent.
835 1569 972 1660 Ingens,
987 1565 1054 1638 nisi
1067 1567 1213 1658 respuis,

136 1717 149 1754 r
175 1711 282 1763 novae
303 1689 364 1762 tibi
386 1689 507 1782 gloriae
521 1711 665 1784 campus
679 1689 886 1762 ostenditur.
913 1688 1101 1782 ingredere
1120 1688 1216 1760 sorti-

135 1839 149 1873 r
176 1822 241 1897 ter,
263 1811 447 1905 intrepide.
473 1813 648 1883 lustorum
669 1833 787 1884 comcs
808 1823 844 1884 ct
863 1813 1000 1884 adiutor
1021 1812 1214 1909 principum

136 1959 149 1994 r
173 1935 270 2004 Deus
296 1932 428 2016 aderit,
456 1933 604 2006 ederunt
629 1943 774 2006 armatae
799 1932 968 2006 bonerum
995 1935 1100 2018 acies,
1128 1933 1216 2006 duce

135 2082 147 2117 r
177 2065 218 2141 te,
239 2054 436 2126 libertatem
458 2055 628 2148 perditam
650 2065 882 2150 reposcentes.
903 2057 1048 2128 Possem
1071 2064 1103 2124 te
1124 2077 1216 2126 nunc

135 2178 350 2273 »exemplis
384 2176 566 2250 sollicitare
598 2177 795 2262 contrariis,
823 2197 945 2248 eorum
971 2177 1031 2270 qui
1064 2175 1216 2268 gloriosa

135 2328 148 2364 s
175 2300 367 2394 primordia
389 2321 452 2372 seu
470 2300 591 2371 mortis
611 2321 675 2370 seu
693 2298 839 2390 insignis
858 2299 1050 2392 cuiuspiam
1070 2297 1216 2393 impedi-

134 2450 148 2485 r
174 2423 285 2494 menti
308 2423 406 2494 obice
428 2444 646 2516 nequaquam
664 2422 709 2495 ad
727 2421 861 2494 exitum
879 2421 1128 2516 penluxerunt.
1148 2424 1215 2496 Sed
1236 2501 1239 2506 ,

134 2543 236 2616 ruhi
270 2545 460 2617 domestica
493 2554 697 2640 suppetunt,
725 2551 874 2616 externa
907 2565 977 2616 non
1002 2544 1215 2637 quaerimus:

134 2693 147 2728 n
174 2667 270 2738 unde
288 2666 347 2737 tibi
369 2691 437 2739 non
458 2671 592 2762 procul,
620 2689 690 2740 non
718 2689 765 2738 ex
790 2667 973 2740 annalibus
1004 2668 1216 2760 quaerendus

134 2817 147 2852 r
174 2812 270 2860 unus
292 2789 351 2860 tibi
372 2812 436 2884 pro
457 2789 618 2862 omnibus
641 2788 727 2862 satis
744 2789 810 2861 erit
827 2791 998 2862 Henricus
1017 2791 1091 2875 Vll,
1114 2801 1216 2860 aeter-

133 2938 146 2973 r
173 2931 231 2980 nae
252 2912 431 2982 memoriae
458 2912 707 2983 serenissimus
728 2934 817 2984 avus
840 2919 934 2994 tuus,
958 2910 1013 2984 cui
1033 2911 1062 2982 si
1083 2912 1128 2983 ad
1152 2934 1217 2984 ex-

133 3061 146 3097 o
174 3033 302 3128 plenda
334 3053 415 3127 quae
441 3045 681 3109 sacramente
706 3046 912 3130 conceperat
944 3033 1027 3106 vitae
1065 3032 1215 3131 spatium

134 3183 146 3218 r
177 3155 384 3243 suffecisset,
407 3179 512 3229 verse
532 3179 649 3229 rerum
672 3165 778 3242 sorte,
801 3166 837 3226 et
853 3157 999 3230 afflictos
1021 3157 1155 3241 hostes,
1182 3164 1217 3228 et

132 3303 145 3340 r
174 3299 231 3348 me
254 3287 459 3370 regnantem
484 3287 520 3349 et
546 3278 741 3350 liberrimus
767 3278 875 3350 ltaliae
901 3281 1048 3374 populos
1074 3300 1117 3350 ac
1140 3277 1218 3348 ieli-

132 3399 337 3472 rcissimos
370 3401 581 3495 reliquisset.
617 3401 790 3494 Expectat
825 3423 918 3472 nune
953 3401 1010 3473 ille
1048 3402 1215 3474 coelerum

132 3552 146 3588 ι»
173 3535 367 3617 perpetuus
389 3522 506 3608 incola,
525 3523 623 3594 eleb
641 3525 711 3594 alto
732 3523 929 3596 considerat
952 3544 1099 3616 gressus
1120 3532 1213 3596 tuos:

134 3673 147 3708 o
174 3645 252 3718 dies
279 3653 469 3738 computat,
497 3645 673 3739 horasque
705 3644 918 3742 dinumerat,
948 3655 1052 3738 teque
1077 3665 1214 3715 meeum

133 3791 146 3828 r
174 3766 388 3860 increpitans
414 3767 608 3859 alloquitur.

282 3915 299 3954 r>
339 3888 456 3980 Nepos
497 3890 753 3973 amantissime,
792 3912 863 3984 quo
909 3887 1116 3983 superstite,
1150 3910 1215 3961 nee

132 4009 349 4083 »honorum
392 4031 490 4104 spes,
537 4033 600 4083 nec
641 4033 707 4104 ego
753 4019 845 4084 totus
890 4010 1022 4098 interii,
1067 4012 1213 4084 Romam

137 4158 153 4193 u
181 4141 338 4206 nostram
375 4139 479 4225 atque
514 4133 604 4206 illius
638 4134 798 4207 lacrimas
829 4155 1021 4229 precesque
1051 4136 1217 4230 dignissi-
