3002 4794
494 355 935 436 nrnnnuonus.-nn1snont
960 359 979 406 r.
1248 345 1267 406 3

189 511 298 593 atque
314 497 435 570 affecto
451 497 530 570 licet
550 497 585 568 in
610 519 763 594 corpore,
779 520 887 572 sanus
912 500 1082 596 apparuit,
1109 503 1267 596 intraque

189 625 350 697 dolorum
370 645 511 695 morsus
528 633 564 694 et
582 623 618 694 in
638 624 715 716 ipsa
731 635 848 708 morte,
871 627 1002 696 clarum
1018 625 1116 698 dedit
1128 626 1267 722 experi-

191 757 345 819 mentum
365 768 471 841 posse
489 745 682 818 felicitatem
702 746 739 816 in
759 745 814 817 his
836 745 921 841 ipsis
940 767 1019 839 quae
1038 749 1189 821 miseriae
1205 771 1268 822 vo-

191 880 314 942 cantur
337 870 505 954 existere,
539 890 728 964 veramque
759 869 864 940 animi
895 869 1060 942 virtutem
1092 874 1267 965 corporeis

192 991 412 1087 passionibus
433 993 686 1064 inconcussam.
706 991 763 1065 Ad
774 1001 971 1065 extremum
983 993 1182 1066 memineris
1194 995 1269 1066 ani-

194 1115 245 1186 mi
269 1115 422 1189 habitum
455 1115 500 1188 ad
529 1124 713 1209 utramque
746 1127 880 1208 partem
913 1115 1049 1209 corpori
1080 1117 1267 1209 plurimum

191 1239 349 1310 conferre
367 1237 519 1323 solitum,
546 1247 582 1308 et
600 1257 681 1310 esse
700 1237 770 1330 qui,
793 1259 895 1310 sunm
908 1260 968 1309 cor
979 1239 1171 1310 clanculum
1184 1259 1270 1310 exe-

190 1359 326 1444 dentes,
345 1361 458 1432 aetatis
473 1359 577 1433 iustae
590 1369 728 1453 tempus
742 1359 957 1454 abrumpant,
972 1381 1041 1452 qua
1053 1362 1147 1432 nulla
1161 1360 1270 1432 maior

192 1481 327 1554 insania
348 1482 432 1576 fingi
448 1493 567 1578 queat3
587 1505 668 1556 esse
688 1483 748 1578 qui
772 1484 919 1555 honesto
950 1482 1080 1574 gaudio
1104 1482 1268 1555 florentes

191 1627 302 1678 annos
321 1616 517 1700 prorogent,
552 1618 698 1680 mortem
727 1629 768 1680 ac
800 1606 937 1678 senium
970 1605 1184 1688 differentes
1212 1607 1269 1678 illa

189 1751 341 1822 quoque,
355 1752 433 1801 eum
447 1741 582 1804 naturae
599 1733 677 1824 lege
690 1731 922 1824 pervenerint,
935 1730 1013 1802 lorti
1026 1731 1141 1802 animo
1153 1731 1267 1802 laturi.

191 1855 322 1925 Horum
342 1855 486 1927 consilio
506 1865 546 1926 ut
565 1855 711 1928 accedas
738 1855 858 1938 velim3
879 1853 1015 1946 depone
1034 1853 1190 1926 inutilem
1206 1853 1270 1926 do·

191 1977 314 2062 lorem,
335 1980 424 2071 pelle
445 2001 548 2052 curas
569 2000 817 2072 supervacuas,
838 1977 975 2050 discute
994 1976 1183 2049 damnosas
1196 1978 1271 2049 ani·

192 2097 242 2168 mi
260 2097 417 2172 nebulas.
436 2101 481 2173 Et
497 2100 542 2172 ed
562 2121 742 2184 summam,
765 2097 935 2192 quidquid
952 2097 1075 2190 premit
1088 2106 1148 2168 aut
1173 2107 1269 2170 tran-

190 2220 394 2314 quillitatem
415 2222 532 2294 turbat
552 2222 702 2307 abiicitu,
724 2221 808 2292 utile
821 2217 952 2290 bomini
965 2218 1055 2288 inter
1067 2219 1151 2290 vitae
1163 2219 1269 2293 huius

192 2345 359 2437 procellas
379 2355 415 2418 et
436 2345 471 2417 in
492 2345 559 2418 hoc
578 2345 684 2420 exilio
705 2365 799 2436 saepe
818 2339 1090 2414 famosissimum
1115 2340 1270 2434 virgilie·-

191 2489 275 2538 num
296 2467 380 2541 illud
399 2449 615 2542 exclamans:

366 2639 479 2702 Durate
495 2646 524 2702 et
542 2647 662 2704 vosmet
678 2641 772 2704 rebus
788 2645 908 2704 servate
924 2637 1071 2702 secundis.

188 2797 277 2868 Vive
298 2806 334 2868 et
354 2799 445 2880 vale,
468 2798 577 2870 nostri
597 2819 738 2870 memor.

274 2995 280 3010 .
332 2953 372 3010 111
388 2953 450 3010 Kal.
467 2956 594 3027 Augusti.

695 3135 770 3146 auu——

536 3311 540 3321 ·
615 3300 791 3366 EPISTOLA
812 3301 844 3364 ll.

350 3455 546 3508 sntucrscns
566 3455 734 3506 nnnnrncn
755 3455 889 3506 socnam
909 3458 969 3508 sno
990 3460 1015 3508 s.
1039 3460 1067 3508 n.
1090 3460 1120 3508 n.

188 3579 231 3636 De
253 3580 378 3652 plurium
400 3580 552 3636 amicorum
575 3597 690 3636 suorum
711 3586 801 3636 morte
825 3581 1021 3654 conqueritur:
1055 3585 1082 3635 el
1113 3580 1265 3648 Socratem,

298 3667 333 3723 de
355 3668 435 3724 cuius
461 3668 565 3748 origine
586 3673 614 3722 et
627 3667 751 3724 moribus
769 3668 857 3724 multa
875 3672 1086 3736 commemorat,
1107 3667 1136 3720 in
1159 3663 1267 3719 Italiam

298 3758 422 3812 arcessit.

291 3933 338 4004 Te
373 3933 584 4029 compressis
622 3932 806 4028 aliqnando
838 3931 1025 4025 gemitibus
1066 3929 1267 4024 sedatisque

188 4059 353 4152 suspiriis
371 4071 474 4154 atque
493 4060 597 4132 animi
618 4059 828 4146 turbinibus
851 4059 995 4132 infracta
1027 4080 1114 4132 voce
1148 4058 1267 4130 siccis-

186 4205 259 4276 que
280 4184 390 4254 ccnlis
412 4187 576 4278 alloquor.
596 4184 650 4254 Sic
667 4206 721 4255 me
738 4181 859 4254 audies
880 4183 980 4276 quasi
994 4182 1165 4256 hominem
1183 4202 1267 4252 nau-
