2958 4804
267 383 326 444 tlt
610 395 651 442 nu
673 394 773 442 nunus
794 393 1017 442 annumnnmus

267 553 287 599 a
321 529 477 622 pluribus
511 550 571 621 spe
605 550 717 622 quam·
745 527 860 598 studio
885 528 965 611 coli,
995 527 1198 598 existimare
1231 531 1343 622 plures

267 675 371 745 quam
405 652 565 743 diligere,
598 652 707 744 pluris
736 654 908 723 fortunam
936 671 1034 720 suam
1062 673 1165 743 quam
1193 672 1231 719 se
1258 650 1341 734 fieri,

269 777 386 848 multis
410 776 624 859 horribilem,
647 776 766 867 paucis
788 772 969 846 amabilem
997 783 1032 845 et
1057 797 1077 844 a
1103 775 1231 867 quibus
1256 797 1343 846 ame-

269 909 324 969 tur
356 899 573 991 ambiguum,
609 899 691 990 quia
723 897 807 970 illud
837 899 981 991 Hispani
1013 901 1103 970 vatis
1135 922 1260 970 verum
1286 899 1343 969 sit:

266 1023 352 1112 felino
364 1024 423 1104 sit,·
438 1024 540 1092 nescit
552 1022 670 1090 amori.
687 1022 781 1092 Scire
798 1032 967 1113 praeterea
984 1031 1130 1093 mortem
1145 1044 1245 1093 suam
1258 1023 1345 1099 volis

269 1143 392 1235 optari,
415 1144 658 1215 haereditatem
679 1143 809 1237 appeti,
832 1144 908 1215 dies
930 1146 1116 1230 numerari,
1138 1145 1274 1240 pigram
1297 1146 1345 1214 fu-

269 1287 348 1355 gam
368 1267 532 1358 temporis
561 1265 682 1350 videri,
705 1287 833 1337 vacare
853 1277 956 1359 putes
977 1267 1153 1360 periculo?
1177 1265 1256 1337 Tria
1276 1268 1347 1360 qui-

268 1385 364 1470 dem,
393 1387 421 1457 si
449 1389 605 1473 memini,
633 1387 775 1460 vitanda
801 1388 835 1458 in
862 1389 996 1482 primis,
1026 1399 1064 1459 ut
1094 1391 1169 1462 sine
1195 1391 1348 1461 molestia

269 1509 431 1586 vivamus
453 1510 693 1603 philosophica
712 1510 929 1581 institutione
949 1511 1040 1582 docti
1063 1533 1201 1596 sumus;
1220 1511 1347 1595 odium,

268 1629 449 1711 invidiam,
474 1639 720 1722 contemptum.
748 1633 879 1700 Horum
902 1640 947 1714 tu,
970 1633 1083 1716 Pater,
1107 1633 1151 1702 ab
1171 1632 1294 1702 ultimo
1313 1633 1351 1701 li-

268 1750 333 1820 ber
355 1772 407 1833 es
431 1773 451 1820 a
473 1772 543 1842 quo
566 1759 598 1821 te
617 1773 716 1845 opes,
741 1753 907 1844 potentia,
928 1753 1094 1844 dignitas,
1115 1753 1271 1837 seientia,
1294 1775 1351 1824 nc

268 1869 399 1955 bilitas,
434 1872 547 1942 virtus
585 1872 775 1943 immunem
809 1884 988 1966 praestant.
1022 1873 1052 1943 A
1089 1874 1210 1966 primis
1238 1884 1351 1945 autem

269 1992 409 2063 duobus
441 1993 569 2086 quibus
603 2005 637 2064 te
668 1995 802 2066 artibus
835 1996 1029 2090 expedias?
1052 1993 1234 2078 Quomodo
1264 1998 1351 2068 enim

269 2113 346 2186 fieri
367 2116 490 2210 poluit,
513 2116 598 2209 quin
618 2139 714 2212 saepe
735 2119 863 2188 multos
890 2117 1089 2202 offenderis,
1116 2118 1172 2188 eui
1199 2121 1354 2213 proposi-

270 2249 343 2310 tum
378 2261 518 2333 semper
542 2241 617 2322 fuit,
645 2251 827 2332 patronum
857 2251 889 2311 tc
913 2240 1066 2311 desertae
1086 2240 1229 2311 iustitiae
1257 2243 1355 2312 exhi-

269 2361 376 2433 beret
396 2384 542 2434 neeesse
567 2374 618 2434 est
641 2372 772 2446 autem,
801 2363 859 2453 qui
886 2361 1052 2432 iustitiam
1079 2370 1186 2447 amat,
1214 2363 1356 2435 iustitiae

270 2483 430 2555 hostibus
452 2486 594 2556 odiosus
617 2486 670 2555 sit.
695 2488 732 2556 ln
754 2494 848 2554 tanto
865 2493 1035 2578 praeterea
1053 2485 1171 2555 favore
1189 2487 1352 2569 fortuma,

269 2604 304 2674 in
323 2615 417 2676 tauta
435 2608 560 2697 gloria,
578 2607 751 2700 tantisque
768 2607 962 2698 fulgoribus
980 2605 1165 2691 honorum,
1179 2609 1354 2700 quomodo

270 2724 345 2796 fieri
376 2737 491 2820 potest
519 2739 648 2800 utnon
675 2729 799 2818 aliquis
826 2739 858 2798 te
884 2729 1073 2799 luminibus
1099 2729 1294 2801 insectetur
1317 2729 1355 2800 li-

269 2853 358 2920 vor‘l
371 2861 495 2922 cuneta
509 2850 605 2942 prius
620 2849 716 2934 fient,
733 2871 836 2942 qoam
851 2851 994 2921 felicitas
1008 2850 1158 2922 declinet
1175 2851 1352 2924 invidiam.

270 2968 370 3040 Adde
391 2972 446 3040 his
467 2971 689 3042 conscientiae
706 2972 860 3054 aeoleoS,
880 2971 1230 3066 perturbationesque
1251 2976 1353 3046 animi

270 3091 402 3175 variam,
418 3090 602 3182 pudorem,
619 3093 870 3186 poenitentiam,
887 3115 981 3186 spes
998 3096 1152 3180 dolores,
1168 3106 1353 3191 metusque

269 3210 419 3294 abditos,
443 3235 521 3282 cum
542 3214 712 3299 omnium,
735 3223 808 3284 tum
834 3216 1008 3310 praecipue
1034 3218 1226 3312 principum
1257 3220 1355 3291 fami-

270 3333 355 3404 liare
380 3342 602 3405 tormentum.
626 3337 696 3408 Has
722 3336 813 3408 inter
837 3337 1057 3410 difficultates
1083 3339 1274 3412 vivendum
1302 3350 1354 3412 est

271 3460 446 3542 omnibus,
469 3458 512 3528 iis
537 3460 747 3551 praesertim,
770 3461 828 3553 qui
852 3462 920 3530 alto
941 3461 1016 3532 loco
1043 3463 1099 3532 siti
1126 3473 1220 3548 sunt,
1249 3485 1353 3558 quos-

271 3604 340 3674 que
361 3584 417 3651 vel
438 3584 575 3652 fortuna
596 3584 654 3664 vel
672 3583 784 3663 virtus
803 3583 967 3653 illustrat:
990 3606 1169 3675 quaecum
1191 3584 1353 3655 omnibus

270 3705 439 3787 molestae,
463 3713 535 3772 tum
557 3702 731 3795 praecipue
758 3714 816 3772 tuo
841 3704 1019 3798 proposito
1046 3706 1229 3776 contrariae
1257 3715 1352 3788 sunt3

271 3824 453 3894 retrahunt
477 3823 567 3895 enim
590 3825 635 3896 ad
658 3826 798 3895 meliora
823 3822 1030 3919 dispositum
1065 3827 1230 3898 animum.
1265 3829 1354 3900 Novi

271 3967 352 4035 ego,
375 3968 463 4038 quos
486 3959 524 4016 ut
543 3967 683 4019 nossem
705 3947 859 4032 voluisti,
882 3949 1147 4020 ardentissimos
1174 3950 1281 4021 animi
1308 3952 1355 4021 tui

272 4073 388 4135 motus
427 4087 599 4159 curasque
639 4068 908 4160 pulcherrimas,
952 4070 1104 4141 studium
1142 4071 1353 4155 litterarum,

272 4185 478 4256 exercitium
512 4187 659 4278 ingenii,
695 4173 940 4263 mediocritatis
973 4215 1142 4278 amorem,
1176 4194 1354 4285 religionis
