3002 4794
443 423 535 472 uranu
557 421 918 474 uncinus-nmmum
941 426 980 474 rv.
1211 415 1249 474 83

59 627 63 634 ,
165 556 248 642 dici,
273 556 361 649 quid
386 556 454 627 nisi
479 555 653 652 poeticum
677 561 754 628 esti
778 556 870 630 Mille
896 559 977 630 talia
1003 559 1037 628 in
1064 560 1249 654 Scripturis

165 680 276 753 sacris
303 679 478 765 invenies,
505 666 592 773 quae
610 681 773 774 persequi
799 681 939 774 longum
966 693 1030 753 est.
1052 681 1144 766 Quid
1164 706 1250 756 vero

165 803 261 877 aliud
281 803 459 898 parabole
480 803 670 876 Salvatoris
688 803 723 874 in
740 802 935 896 Evangelio
949 817 1080 890 sonant,
1096 806 1163 877 nisi
1178 829 1251 878 ser-

164 948 309 999 monem
331 948 351 996 a
373 923 536 997 sensibus
558 925 723 1010 alienum,
748 925 838 1011 sive,
861 933 900 997 ut
919 948 989 998 uno
1005 926 1116 998 verbo
1133 929 1251 1022 expri-

164 1071 270 1134 mam,
281 1047 549 1141 alieniloquium,
561 1070 665 1142 quam
680 1048 880 1140 allegoriam
894 1049 1066 1121 usitatiori
1079 1045 1250 1122 vocabulo

165 1173 434 1264 nuncupamus?
454 1169 558 1264 Atqui
580 1193 627 1242 ex
652 1169 797 1244 huiusne
818 1173 988 1244 sermonis
1015 1193 1143 1265 genere
1168 1195 1251 1266 poe-

167 1293 232 1364 tica
253 1293 369 1363 omnis
395 1293 528 1364 intexta
549 1303 614 1365 est.
641 1294 710 1365 Sed
733 1293 925 1366 subiectum
947 1294 1051 1367 aliud.
1078 1295 1164 1380 Quis
1190 1319 1252 1368 ne-

168 1417 252 1508 gat?
273 1416 346 1486 lllio
366 1413 410 1486 de
431 1416 504 1488 Deo
521 1425 627 1509 atque
646 1415 785 1502 divinis,
808 1416 865 1489 hio
884 1419 929 1490 de
946 1417 1013 1489 diis
1035 1418 1251 1490 hominibus-

167 1559 236 1631 que
259 1548 441 1620 traotatur3
460 1537 607 1612 undeet
626 1537 719 1633 apud
736 1537 955 1612 Aristotelem
973 1542 1102 1634 primos
1120 1541 1252 1612 theolo-

168 1663 329 1754 gizantes
349 1670 469 1756 poetas
496 1661 655 1752 legimus.
683 1664 782 1748 Quod
808 1664 856 1736 ita
880 1686 961 1738 esse
985 1666 1099 1762 ipsum
1126 1689 1250 1738 nomen

167 1775 295 1858 indicio
316 1797 381 1857 est.
403 1787 596 1870 Quaesitum
618 1788 709 1859 enim
729 1797 784 1860 est
806 1789 896 1860 unde
918 1799 1031 1882 poetae
1048 1814 1173 1862 nomen
1191 1792 1252 1863 de-

170 1911 336 1982 scendet:
357 1919 392 1981 et
411 1933 622 2004 quamquam
640 1913 740 1984 varia
753 1915 915 1998 serantur,
931 1915 986 1986 illa
1000 1925 1116 1987 tamen
1128 1916 1251 1986 olarior

170 2032 342 2104 sententia
354 2043 416 2117 est,
427 2031 521 2126 quod
535 2055 613 2104 oum
629 2032 709 2106 olim
724 2034 827 2105 rudes
841 2035 999 2106 homines
1012 2036 1075 2106 sed
1085 2035 1250 2107 noscendi

169 2157 243 2229 veri
275 2158 521 2250 praecipueque
542 2157 762 2248 vestigandas
782 2155 973 2228 divinitatis
996 2155 1128 2241 studio,
1156 2156 1251 2248 quod

169 2281 372 2352 naturaliter
392 2280 485 2352 inest
504 2277 647 2365 homini,
669 2279 874 2370 flagrantes,
893 2278 1046 2370 cogitare
1063 2277 1251 2372 ooepissent

169 2425 249 2475 esse
272 2403 485 2496 superiorem
505 2402 654 2496 aliquam
676 2411 883 2495 potestatem
910 2423 972 2494 per
998 2423 1103 2493 quam
1125 2411 1251 2472 morta-

169 2527 213 2597 lia
233 2533 455 2618 regerentur3
477 2526 622 2618 dignum
642 2525 707 2597 rati
730 2535 817 2609 sunt,
841 2525 933 2594 illam
955 2524 1048 2596 omni
1066 2527 1250 2618 plusquam

169 2649 323 2720 humano
340 2649 508 2742 obsequio
529 2659 564 2720 et
583 2651 677 2720 cultu
703 2650 905 2741 augustiore
931 2647 1102 2720 venerari.
1130 2648 1250 2740 ltaque

170 2783 207 2844 ut
226 2772 324 2844 aedes
345 2773 579 2868 amplissimas
601 2773 756 2845 meditati
778 2784 871 2857 sunt,
896 2794 984 2866 quas
1006 2774 1133 2864 templa
1150 2770 1251 2841 dixe-

170 2905 258 2979 runt,
272 2906 308 2967 et
321 2895 498 2966 ministros
513 2916 631 2966 sacros
645 2917 734 2987 quos
749 2897 948 2967 sacerdotes
969 2892 1035 2966 disi
1055 2891 1194 2985 placuit,
1216 2901 1251 2960 et

172 3017 374 3111 magnificas
386 3027 518 3090 statuas
532 3028 567 3088 et
579 3039 666 3089 vasa
679 3041 786 3098 aurea
798 3028 833 3090 et
842 3039 1055 3091 marmoreas
1066 3037 1207 3087 mensas
1216 3024 1251 3086 et

169 3161 366 3235 purpureos
379 3140 543 3224 amiotus;
557 3141 616 3227 sio,
630 3163 674 3212 ne
687 3151 806 3213 mutus
820 3143 931 3213 honos
946 3140 1052 3226 fieret,
1067 3139 1181 3210 visum
1195 3149 1251 3210 est

169 3273 204 3333 et
230 3264 350 3335 verbis
384 3263 540 3337 altisonis
572 3263 789 3336 divinitatem
821 3265 974 3358 placare,
1002 3273 1038 3336 et
1061 3264 1181 3356 procul
1207 3261 1251 3333 ab

169 3387 263 3474 omni
288 3387 424 3479 plebeio
449 3409 489 3458 ao
514 3363 652 3479 publico
676 3387 838 3480 loquendi
864 3386 943 3458 stilo
969 3407 1087 3457 saoras
1115 3384 1250 3478 superis

171 3508 298 3581 inlerre
319 3509 522 3595 blanditias,
545 3511 700 3581 numeris
717 3511 861 3604 insuper
878 3508 1050 3592 adhibitis,
1071 3508 1199 3601 quibus
1214 3517 1251 3577 et

170 3634 354 3705 amoenitas
380 3634 512 3704 inesset
536 3644 572 3705 et
604 3632 707 3704 taedia
739 3637 958 3728 pellerentur.
989 3633 1028 3704 ld
1062 3653 1147 3702 sane
1180 3649 1250 3698 non

170 3755 309 3847 vulgari
344 3758 452 3828 forma
479 3757 542 3828 sed
568 3755 752 3829 artificiosa
777 3757 929 3850 quadam
953 3767 989 3827 et
1013 3753 1191 3846 exquisita
1216 3762 1251 3822 et

171 3901 261 3950 nova
275 3878 351 3950 fieri
363 3879 530 3974 oportuit:
541 3901 620 3972 quae
633 3880 796 3974 quoniam
807 3899 921 3971 graeco
936 3898 1096 3949 sermone
1105 3875 1249 3969 poetices

170 4000 262 4072 dicta
281 4011 350 4086 est,
373 4023 434 4072 eos
455 4023 593 4094 quoque
614 4001 673 4095 qui
694 4001 760 4070 bao
779 3997 984 4082 utebantur,
1006 4007 1128 4090 poetas
1150 3997 1249 4067 dixe-

171 4135 262 4194 runt.
277 4123 456 4208 Quisnam,
471 4123 616 4216 inquies,
631 4125 756 4196 horum
770 4129 826 4192 est
842 4123 983 4192 auotor‘?
1001 4123 1161 4204 Poteras,
1183 4122 1251 4190 lra-

173 4253 236 4329 ter,
259 4244 394 4337 absque
417 4241 679 4316 fideiussoribus
702 4243 782 4316 fidoi
805 4265 895 4316 meae
917 4253 1018 4315 stare.
1036 4243 1145 4316 Merui
1164 4245 1252 4314 sorte
