2958 4804
239 338 297 397 all]
578 347 618 394 nn
640 348 740 395 nunus
761 346 983 394 viruvurnnrnus

239 496 299 557 ant
316 487 502 578 scalprum
524 482 741 553 adamantina
760 494 823 552 est.
847 483 932 552 Cum
954 483 1060 551 multa
1083 480 1222 572 quidem
1237 504 1322 552 con·

239 614 387 699 gregem
409 604 565 698 occupati
593 603 772 686 homines,
796 613 935 695 tempus
962 601 1153 686 effundunt,
1175 612 1210 673 et
1236 627 1316 675 cum

239 752 344 822 agere
366 751 503 820 semper
523 726 716 810 videantur,
741 749 848 796 unuur
866 726 968 818 idque
988 725 1156 818 optimum
1179 749 1318 820 semper

239 851 414 921 omittunt:
429 849 561 920 vivere.
577 847 710 939 Ubique
725 857 814 932 sunt,
830 858 1073 939 praeterquam
1087 849 1180 940 apud
1194 857 1319 918 semet-

237 950 351 1066 l'psosz
381 974 569 1064 loquuntur
590 991 684 1062 saepe
701 992 778 1040 curn
798 969 888 1053 aliis,
907 990 1083 1060 nunquam
1102 991 1234 1038 secum.
1253 970 1319 1039 Fe-

236 1096 353 1166 licitati
377 1094 546 1165 contraria
572 1102 653 1163 sunt
683 1091 772 1175 baec,
808 1113 888 1184 quae
921 1092 1030 1162 felicia
1054 1093 1182 1181 vulgus
1205 1102 1315 1172 vocat,

236 1239 348 1308 coque
362 1216 473 1306 magis
492 1237 561 1307 quo
579 1215 689 1285 minor
707 1213 933 1285 finiendarum
953 1211 1218 1283 sollicitudinum
1235 1234 1318 1305 spes

236 1346 389 1432 apparet.
411 1338 455 1407 Ut
474 1338 565 1438 enim
587 1338 808 1428 asperitatem
831 1336 985 1426 supplicii
1013 1335 1165 1406 brevitas
1191 1357 1317 1406 conso·

236 1463 338 1542 latur,
363 1459 413 1531 sic
434 1458 605 1530 infinitum
631 1462 758 1530 malum
783 1462 889 1531 fortes
909 1459 1012 1530 etiam
1033 1457 1167 1530 animos
1195 1459 1318 1530 sternit

239 1606 279 1654 ac
299 1581 445 1655 conficit.
467 1582 618 1653 Laborat
637 1582 798 1674 equidem
821 1582 896 1653 dun
921 1581 1015 1666 belli,
1039 1581 1172 1652 laborat
1191 1590 1227 1653 et
1251 1581 1317 1652 rni-

236 1709 304 1790 les3
327 1705 391 1777 sed
412 1705 466 1774 ille
485 1703 665 1776 victoriam
683 1726 723 1776 ac
741 1702 953 1796 triumphum
971 1705 1122 1798 respicit,
1145 1705 1202 1776 bic
1221 1728 1318 1776 eme-

237 1828 313 1898 ritae
334 1827 464 1897 militiae
487 1825 673 1920 stipendia,
697 1827 845 1898 reditum
866 1827 910 1898 ad
936 1838 1093 1920 penates,
1110 1835 1146 1898 et
1162 1827 1316 1919 quietem

238 1958 363 2043 sperat.
386 1949 538 2021 Laborat
558 1949 723 2042 agricola3
746 1949 809 2020 sed
841 1949 1001 2044 hyemem
1021 1951 1149 2042 cogitat
1172 1971 1212 2022 ac
1238 1950 1315 2022 dies

236 2078 343 2146 festos
367 2084 404 2144 et
428 2073 639 2146 exundantis
661 2074 774 2146 horrei
798 2077 1024 2166 voluptatem:
1050 2074 1185 2145 laborat
1209 2083 1316 2146 nauta

236 2199 361 2281 dorm,
385 2197 518 2270 laborat
538 2196 683 2291 impiger
706 2199 831 2280 viator3
854 2197 917 2268 sed
944 2207 1128 2290 utrumque
1154 2206 1316 2291 speratus

236 2323 304 2394 viae
327 2323 494 2394 terminus
515 2321 608 2413 cogit
627 2321 853 2413 praesentium
874 2318 1030 2390 laborum
1047 2318 1224 2390 molestias
1245 2341 1315 2390 non

236 2445 364 2516 sentire
381 2472 388 2513 :
411 2445 542 2516 laborat
559 2444 635 2514 auri
652 2445 766 2515 fossor
786 2441 994 2524 absconditi3
1014 2440 1077 2513 sed
1094 2441 1183 2512 inter
1199 2463 1313 2514 caecas

234 2577 270 2637 et
289 2567 473 2637 horribiles
494 2588 663 2638 cavernas
681 2566 790 2638 breve
806 2563 1060 2636 incommodum
1079 2587 1205 2656 magna
1226 2566 1314 2637 lucri
1336 2611 1347 2629 .

236 2711 297 2784 spe
319 2700 354 2760 et
374 2689 513 2760 odiosas
537 2688 697 2760 tenebras
727 2699 837 2780 gratae
863 2688 950 2760 lucis
972 2688 1212 2780 imaginatione
1233 2711 1314 2782 per-

234 2817 370 2886 mulcet.
393 2813 467 2883 Tibi
488 2813 581 2905 quid,
603 2834 673 2896 oro,
698 2812 771 2904 spei
800 2815 875 2882 est‘l
895 2812 970 2895 Quo
990 2813 1089 2905 plura
1108 2811 1201 2882 enim
1221 2812 1312 2884 bene

231 2936 388 3027 'gesseris
413 2958 454 3006 eo
478 2934 635 3027 pluribus
660 2933 862 3018 onerabere,
894 2935 1047 3027 iugoque
1081 2947 1113 3006 te
1148 2935 1312 3008 subiicies

234 3057 395 3148 graviori.
413 3058 561 3127 Prorsus
582 3056 670 3127 dura
691 3055 855 3142 conditio,
870 3057 1010 3148 quando
1022 3067 1058 3127 et
1078 3058 1228 3150 ignaviae
1248 3058 1311 3130 dc·

233 3180 353 3263 decus,
369 3187 405 3250 et
425 3177 614 3271 diligentiae
636 3201 769 3250 merces
790 3190 845 3251 est
866 3180 1029 3252 servitus.
1049 3182 1244 3272 lndignum,
1260 3183 1310 3254 la-

234 3313 318 3385 teor,
340 3325 381 3374 ac
401 3300 541 3373 minime
564 3303 745 3374 ferendum
765 3326 905 3384 nornen,
925 3303 1099 3397 praecipue
1124 3303 1212 3376 inter
1233 3305 1307 3376 illos

233 3446 380 3519 quorum
402 3425 473 3496 vita
499 3447 568 3496 non
596 3447 644 3496 ex
676 3426 813 3520 proprio
847 3426 910 3497 sed
942 3435 1001 3497 aut
1033 3425 1227 3521 principum
1248 3438 1308 3498 aut

233 3567 308 3618 suae
329 3547 526 3642 reipublicae
547 3547 673 3640 pendet
695 3549 847 3643 imperio.
870 3549 985 3620 Multis
1005 3571 1070 3622 sua
1088 3560 1186 3622 nocet
1206 3551 1308 3622 indu-

233 3671 332 3742 stria:
358 3669 414 3752 ita,
432 3669 519 3754 dico,
542 3679 656 3754 nocet,
679 3692 748 3741 nou
767 3669 860 3763 quod
884 3672 929 3743 ad
949 3672 1110 3762 gloriam,
1134 3671 1196 3742 sed
1212 3673 1307 3764 quod

231 3794 276 3865 ad
295 3793 401 3864 otium
420 3814 461 3863 ac
477 3793 627 3885 quietem
645 3801 788 3886 spectat,
809 3814 979 3864 summam
1001 3793 1227 3866 litteratorum
1245 3794 1307 3865 bo-

233 3916 362 3986 minum
382 3915 725 4008 inaestimabilemque
744 3913 972 3988 duloedinem.
994 3917 1182 4000 Quiescere
1207 3926 1305 4010 pote-

232 4047 284 4110 rat
303 4037 451 4121 Alcides
473 4038 540 4108 nisi
561 4061 640 4110 eum
659 4039 770 4110 virtus
788 4037 953 4110 indomita
974 4062 1042 4111 non
1064 4048 1195 4110 tantum
1217 4038 1305 4110 duo-

230 4165 328 4239 denis
349 4168 535 4251 laboribus
556 4177 593 4238 ut
610 4177 809 4252 memorant,
832 4168 893 4239 sed
908 4168 1004 4238 mille·
1020 4167 1175 4240 laborum
1197 4189 1304 4259 gene·
