2988 4800
579 339 618 384 DE
641 338 739 385 REBUS
763 334 984 383 l'nllllltltluus

669 631 846 695 EPISTULA
867 630 899 693 V.

303 835 496 885 Fulnclscus
517 832 687 882 renuntiet
709 830 874 879 Ptolomeus
896 827 1031 888 luriunt,
1053 823 1263 874 vssxltulu’sslto

412 940 572 1000 lUSTlTIAE,
594 937 780 994 POPULOQUE
802 934 1004 984 utonunrluo
1025 932 1051 980 S.
1073 933 1102 979 P.
1124 933 1154 979 Ι).

294 1140 330 1192 Se
345 1137 379 1191 ab
395 1134 476 1189 exilio
489 1129 773 1186 honorificentissimis
788 1128 887 1182 litteris
901 1133 1075 1193 reuocatum,
1090 1125 1277 1196 maximopere

401 1223 514 1294 gaudet,
530 1227 558 1275 et
573 1220 678 1274 debitas
691 1234 742 1290 pro
755 1222 831 1271 tanto
845 1215 977 1270 beneficio
992 1215 1093 1286 gratias
1108 1215 1172 1284 agit.

347 1467 417 1535 lam
439 1462 525 1534 satis
546 1481 602 1532 me
624 1459 761 1529 vixisse
793 1455 949 1539 arbitror,
985 1453 1103 1547 optimi
1135 1453 1254 1538 cives,
1291 1464 1328 1526 et

250 1593 342 1660 illam
365 1585 529 1680 sapientis
547 1581 648 1654 amici
666 1602 788 1652 vocem
809 1578 930 1651 audire
947 1577 1085 1648 videor:
1100 1599 1226 1646 morere
1246 1575 1329 1646 dum

250 1718 349 1785 laetus.
375 1733 428 1779 es:
460 1730 564 1798 neque
596 1707 686 1775 anim
711 1727 743 1773 es
768 1706 804 1772 in
830 1704 947 1772 coelum
971 1699 1197 1770 adscensurus.
1230 1701 1328 1770 Prae-

249 1833 453 1907 clarissime.
475 1831 551 1915 Quo
577 1829 669 1900 enim
695 1824 898 1897 insatiabilis
920 1823 987 1896 ista
1010 1822 1179 1919 cupiditas
1202 1822 1331 1892 viven-

249 1959 308 2029 di‘?
324 1957 469 2039 Virtute,
484 1977 551 2025 non
565 1973 736 2022 annorum
757 1970 910 2031 numero,
926 1935 1100 2018 metienda
1119 1945 1276 2029 felicitas,
1295 1957 1331 2016 et

249 2103 329 2153 cum
346 2076 549 2172 perveneris
572 2099 642 2170 quo
661 2073 842 2158 tendebas,
857 2071 1089 2144 desinendum
1102 2080 1167 2142 est.
1182 2068 1328 2140 Audebo

253 2205 394 2297 quidem
416 2202 510 2294 apud
535 2222 598 2272 vos
625 2197 826 2271 familiarius
852 2195 1000 2288 gloriari,
1028 2215 1140 2286 eoque
1166 2192 1328 2264 fidentius

250 2327 358 2423 quod,
384 2325 704 2418 quantulacumque
728 2323 783 2391 vel
810 2341 891 2391 esse
916 2321 972 2390 uel
1005 2316 1089 2408 fingi
1115 2325 1228 2409 potest
1254 2337 1329 2386 mea

251 2447 372 2537 gloria,
392 2444 540 2535 ingentis
562 2442 682 2534 gloriae
703 2453 834 2512 vestrae
862 2441 1055 2534 perexigua
1082 2437 1243 2530 quaedam
1264 2437 1328 2507 erit

252 2566 416 2638 accessio.
438 2566 623 2656 Nunquam
644 2586 730 2658 opes
748 2574 808 2635 aut
824 2565 1011 2656 potentiam
1030 2562 1159 2656 optavi,
1178 2561 1223 2631 ad
1240 2582 1326 2652 quas

251 2695 317 2766 etsi
337 2716 405 2764 non
426 2696 513 2764 sorte
532 2693 745 2788 pertingere,
771 2705 807 2766 at
832 2696 955 2766 saltem
982 2693 1159 2787 suspirare
1179 2689 1324 2784 permis-

254 2841 332 2889 sum
351 2826 440 2901 erat,
463 2815 508 2886 ab
532 2817 631 2888 annis
658 2817 786 2890 teneris
808 2839 914 2909 parva
942 2817 1077 2890 ducens
1104 2839 1184 2909 quae
1210 2811 1322 2886 multis

253 2941 407 3011 maxima
428 2938 644 3010 videbantur.
667 2939 717 3023 ld,
741 2939 832 3010 unde
854 2940 937 3010 mihi
957 2939 1098 3032 quidem
1116 2938 1248 3019 nesci03
1269 2936 1325 3006 sed

255 3085 310 3132 me
331 3083 414 3132 vera
431 3062 524 3153 loqui
558 3062 657 3132 testis
689 3074 745 3132 est
776 3063 861 3148 vita,
885 3063 984 3134 testis
1006 3062 1130 3146 oratio,
1154 3061 1252 3132 testis
1276 3070 1325 3130 ast

257 3185 393 3256 animus
415 3207 527 3257 meus.
548 3189 622 3258 Huc
647 3207 770 3258 omnes
794 3208 906 3270 ouras,
934 3207 1054 3257 omnes
1073 3185 1211 3280 vigilias
1231 3205 1323 3254 meas

255 3309 358 3394 verti,
383 3309 412 3380 si
432 3332 503 3404 quo
524 3311 639 3382 studio
660 3310 780 3382 datum
799 3319 909 3394 esset,
934 3318 972 3380 ut
991 3311 1104 3384 bonus
1122 3307 1252 3392 fierem,
1271 3316 1323 3378 aut

189 3492 195 3502 ,
257 3432 427 3503 bonorum
447 3432 685 3504 benevolentia
711 3456 779 3505 non
805 3433 979 3524 indignus.
1007 3435 1161 3518 Quorum
1182 3431 1322 3525 primum

257 3557 410 3627 nondum
431 3556 619 3648 contigisse
641 3556 724 3627 mihi
749 3558 862 3641 doleo;
890 3556 1082 3629 secundum
1109 3575 1193 3625 vero
1212 3563 1324 3623 vestro

258 3700 401 3748 munere
420 3699 524 3771 quam
542 3681 729 3763 cumulate,
751 3700 924 3772 quamque
948 3699 1053 3772 supra
1075 3698 1171 3769 spem
1194 3693 1323 3745 succes-

259 3800 353 3886 serit,
377 3803 610 3874 suavissimus
631 3803 822 3874 litterarum
843 3815 1039 3874 vestrarum
1068 3810 1165 3872 tenor
1184 3796 1322 3867 indicat:

257 3924 468 4015 exquibus,
491 3927 611 4009 fateor,
634 3948 702 3996 non
724 3927 839 3996 minus
874 3946 928 3996 me
962 3923 1113 4017 stuporis
1135 3920 1323 4014 percepisse

258 4064 362 4134 quarn
383 4045 511 4136 gaudii.
532 4048 675 4119 Gaudeo
696 4048 787 4118 enim
809 4058 923 4142 atque,
947 4057 985 4117 ut
1006 4047 1187 4116 Traianum
1210 4041 1324 4139 princi-

258 4189 336 4262 pem
368 4167 573 4239 Plutarchus
608 4171 806 4262 alloquitur,
842 4181 877 4242 et
900 4169 1020 4240 virtuti
1053 4178 1194 4240 vestrae,
1218 4174 1324 4259 gratu·
