3062 4798
388 350 481 398 LIBER
502 350 801 400 suaulllusouclnlus
814 369 853 382 ·-·
865 352 1017 401 EPISTULA
1042 357 1069 401 ll.
1235 340 1294 400 455

209 490 275 568 sio¹
318 486 470 579 vitaeque
507 486 631 579 prioris
669 486 888 559 solicitudine
921 487 1086 559 liberatus
1117 498 1182 560 est.
1216 488 1293 572 Quo

208 613 304 716 facto·
321 603 442 680 statim
459 609 591 681 amicus
617 608 673 680 ille
694 608 822 680 Christi
848 611 1012 702 antiquus
1039 621 1075 681 ot
1099 611 1154 682 bic
1179 631 1293 682 novus

208 751 337 822 magno
362 740 552 822 sanctoque
577 729 704 820 gaudio
724 732 940 816 exultantes,
966 752 1107 802 carmen
1134 731 1218 802 illud
1242 733 1258 801 f
1279 772 1294 785 -

208 851 447 926 mollissimum
467 851 580 924 leudis
599 861 635 924 et
653 852 883 924 confessionis
905 863 1036 923 mutuae
1057 853 1186 944 pariter
1205 853 1294 924 ccci-

210 986 336 1050 oerunt
355 979 440 1057 Deo,
462 975 556 1068 quod
578 997 661 1047 mox
682 979 750 1049 late
772 999 832 1070 per
852 961 976 1048 omnes
996 977 1164 1048 ccclesias
1180 976 1295 1048 divul-

209 1110 329 1192 gatum
351 1099 430 1170 bino
449 1098 633 1171 exordium
660 1101 856 1193 sumpsisse
882 1109 1100 1194 compertum
1125 1109 1191 1172 est.
1223 1101 1294 1171 lam

210 1245 304 1306 vero,
324 1221 462 1307 silibet,
480 1223 556 1316 ipsa
572 1221 617 1293 de
635 1243 674 1294 se
691 1225 865 1316 loquentis
884 1221 1072 1315 Augustini
1089 1221 1198 1294 verba
1216 1243 1295 1316 per-

210 1366 363 1427 curram;
384 1345 447 1416 vix
468 1345 559 1416 enim
580 1345 745 1437 possibile
763 1345 914 1417 dixerim
936 1355 1068 1418 tantam
1091 1345 1168 1417 talis
1189 1343 1295 1416 animi

210 1468 394 1559 procellam
412 1466 585 1538 efficacius
603 1467 679 1538 aliis
698 1469 818 1540 verbis
835 1468 1044 1562 exprimere.
1065 1498 1082 1536 ι
1101 1469 1223 1552 Multa,
1243 1467 1295 1536 in-

215 1615 230 1652 ι
257 1580 359 1683 quit‚¹
382 1589 549 1660 faciebam
570 1611 715 1682 corpore
735 1591 770 1661 in
791 1590 877 1684 ipsis
898 1592 1127 1665 cunctationis
1147 1590 1295 1662 aestibus

215 1743 229 1776 ι
260 1733 341 1804 quae
361 1711 549 1805 aliquando
570 1715 691 1784 volunt
711 1714 871 1786 homines
893 1724 929 1785 et
946 1735 1014 1786 nou
1036 1716 1166 1798 nabot,
1185 1713 1219 1784 si·
1236 1725 1296 1785 aut

216 1865 231 1898 r
257 1836 336 1928 ipso
356 1835 513 1908 membra
533 1859 601 1908 non
621 1837 786 1922 habeant,
809 1848 870 1908 aut
893 1859 935 1909 ea
958 1840 1016 1909 vel
1037 1837 1198 1928 colligata
1219 1835 1295 1906 vin-

214 1983 229 2018 n
259 1955 348 2026 culis
365 1959 422 2026 vel
439 1960 591 2029 resoluta
608 1961 777 2048 languore
793 1960 851 2030 vel
868 1959 1113 2051 quoquomodo
1131 1959 1295 2052 impedita

217 2105 231 2140 a
261 2075 340 2147 sint.
362 2075 398 2158 sl
418 2078 510 2149 vulsi
531 2078 708 2170 capillum,
732 2080 761 2150 si
790 2080 947 2171 percussi
972 2082 1134 2166 frontem,
1158 2083 1188 2151 si
1213 2101 1295 2152 con-

216 2229 231 2262 ι
261 2199 364 2272 sertis
385 2199 504 2292 digitis
525 2203 744 2293 amplexatus
768 2222 843 2284 sum
866 2223 974 2292 genu,
997 2203 1078 2294 quia
1103 2204 1197 2274 volui
1217 2204 1294 2274 feci.

217 2351 232 2388 r
259 2323 359 2397 Potui
378 2332 496 2395 autem
516 2325 608 2396 velle
627 2333 663 2395 et
681 2345 752 2395 non
777 2325 903 2408 lacere,
930 2325 960 2394 si
987 2323 1159 2396 mobilitas
1185 2347 1295 2396 mem-

218 2477 232 2512 »
260 2446 403 2519 brorum
425 2469 494 2519 non
516 2443 884 2538 nequamneuam
906 2448 1013 2517 multo
1033 2469 1119 2539 ergo
1135 2448 1213 2531 feci,
1233 2446 1294 2518 ubi

216 2601 232 2636 a
260 2594 331 2652 non
346 2572 413 2644 boo
429 2582 505 2644 erat
521 2571 612 2643 velle
623 2570 719 2662 quod
731 2589 852 2665 posse:
866 2577 902 2638 et
918 2590 987 2640 non
1004 2570 1180 2654 faciebam,
1199 2571 1294 2664 qnod

217 2722 231 2760 ι
259 2705 294 2768 et
325 2694 587 2790 incomparabili
620 2693 746 2764 affectu
779 2691 928 2784 amplius
955 2692 1038 2762 mibi
1064 2693 1232 2784 placebat,
1258 2705 1294 2766 et

216 2845 231 2880 ι
260 2839 344 2891 mox
365 2829 404 2890 ut
423 2820 550 2890 vellem
571 2837 727 2911 possem,
750 2815 834 2907 quia
853 2837 938 2886 mox
966 2824 1003 2886 ιιι
1028 2813 1154 2886 vellem
1175 2815 1294 2906 utique

215 2969 230 3004 ι
258 2944 396 3013 vellem.
417 2941 465 3012 lbi
485 2940 579 3012 enim
600 2940 745 3011 facultas
765 2959 807 3008 ea
829 2959 909 3031 quae
931 2940 1105 3020 voluutas
1124 2946 1160 3007 et
1176 2936 1292 3029 ipsum

216 3091 229 3124 ι
258 3063 350 3132 velle
365 3061 434 3134 iam
451 3064 562 3134 facere
575 3070 660 3146 erat,
675 3071 711 3131 et
728 3071 844 3156 tamen
862 3083 932 3132 non
949 3059 1070 3131 fiebat:
1089 3058 1292 3152 faciliusque

216 3211 229 3246 n
257 3180 518 3273 obtemperabat
553 3203 678 3273 corpus
713 3183 928 3254 tenuissima
955 3181 1125 3254 voluntati
1149 3181 1289 3260 animae,

199 3332 230 3372 ,ι
259 3315 298 3376 ut
329 3304 374 3376 ad
406 3311 529 3373 nutum
551 3301 709 3374 membra
728 3317 971 3390 moverentur,
993 3327 1098 3397 quarn
1124 3305 1201 3399 ipsa
1225 3301 1292 3374 sibi

216 3455 230 3490 r
258 3427 373 3498 anima
400 3427 445 3499 ad
466 3426 678 3516 voluptatem
705 3445 802 3496 suam
829 3445 993 3515 magnam
1013 3426 1049 3496 in
1074 3429 1147 3498 sola
1167 3427 1292 3497 volun·

214 3577 228 3614 ι
260 3561 328 3622 tate
360 3545 615 3645 perficiendam.
655 3544 753 3617 Unde
785 3546 851 3618 boo
890 3558 1081 3618 monstrum
1115 3558 1150 3616 et
1182 3568 1290 3638 quare

215 3701 230 3735 ι
258 3672 374 3746 istud?
394 3675 523 3746 Luceat
542 3668 782 3742 misericordia
800 3678 858 3740 tuo
874 3678 910 3740 et
926 3668 1136 3760 interrogem
1156 3671 1185 3740 si
1202 3672 1289 3740 forte

215 3821 229 3860 ι
256 3796 341 3867 mibi
359 3797 574 3891 respondere
591 3792 727 3885 possint
747 3791 892 3864 latebrae
910 3811 1091 3883 poenarum
1110 3791 1289 3864 bominum

215 3947 230 3982 ι
257 3929 292 3992 et
315 3919 610 3993 tenebrosissimae
629 3915 853 3990 contritiones
875 3912 1023 3984 filiorum
1044 3913 1168 3988 Adam.
1190 3913 1288 3985 Unde

216 4069 229 4104 r
259 4042 325 4115 boc
337 4050 692 4135 monstrumetquare
705 4037 1129 4130 istud‘llmpcratanimus
1142 4035 1286 4130 corpori,

289 4199 295 4232 ⁴
313 4205 416 4265 ιιςιει.
432 4199 551 4260 confess„
568 4201 611 4254 un.
625 4199 687 4257 vm,
701 4215 722 4250 c.
737 4161 759 4250 ι’.
