3024 4802
273 365 331 425 564
612 382 651 428 llll
673 381 773 430 ltlillUS
795 381 1018 434 simulamus

271 516 387 610 potius
408 537 513 610 mam
536 517 722 588 salubriter
739 518 949 614 intendisti),
969 520 1037 592 iarn
1060 519 1199 595 landem
1220 519 1266 591 ad
1285 543 1354 592 mc-

271 642 356 714 liora
378 650 616 728 couvertereS,
634 650 671 712 ct
690 643 786 735 quod
806 644 959 716 maxime
981 654 1014 714 te
1034 641 1196 730 decebat,
1218 644 1357 736 religio

271 786 347 837 sam
368 762 518 836 animam
539 762 694 858 pacificis
714 765 918 838 tractatibus
939 767 1142 863 applicares.
1167 768 1245 840 Non
1270 766 1359 840 dura

271 887 413 981 quidem
434 909 549 980 neque
569 888 720 960 difficilia
739 887 960 982 postulabam
981 899 1020 962 ut
1044 888 1232 982 Augustini
1257 890 1357 962 miles

271 1033 312 1082 ac
334 1008 527 1105 discipulus
550 1033 671 1106 pacem
690 1013 817 1096 velles,
837 1012 1015 1108 praecipue
1031 1014 1115 1086 dum
1133 1013 1274 1086 audires
1293 1012 1358 1086 du-

271 1157 347 1206 cem
372 1157 412 1207 ac
439 1134 643 1226 magistrum
666 1146 765 1208 tuum
786 1158 867 1208 cum
889 1156 983 1230 saepe
1004 1136 1090 1209 alias
1116 1150 1190 1210 tum
1210 1158 1357 1231 expres-

273 1257 405 1328 sinsin
429 1277 472 1327 eo
496 1257 585 1328 libro
611 1258 647 1328 in
670 1278 741 1350 quo
764 1256 919 1330 coelestis
949 1269 985 1331 et
1010 1268 1153 1330 aeternae
1179 1247 1357 1352 Reipubli-

270 1403 323 1452 cae
347 1383 443 1472 leges
469 1391 610 1466 tractat,
633 1381 785 1474 quodam
803 1383 878 1454 loco
898 1381 942 1454 de
961 1403 1048 1475 pace
1072 1381 1125 1454 sic
1140 1383 1355 1475 loquentem3

274 1535 289 1571 a
321 1513 454 1576 tantum
475 1516 530 1577 est
547 1506 653 1589 euim,
681 1505 805 1598 inquit,
833 1505 930 1600 pacis
955 1503 1100 1591 bonum,
1128 1514 1167 1577 ut
1190 1503 1296 1577 etiam
1322 1504 1357 1576 in

274 1653 289 1690 r
320 1625 428 1699 rebus
448 1626 597 1698 terrenis
618 1635 724 1719 atque
744 1625 950 1698 mortalibus
970 1627 1058 1698 nihil
1083 1627 1218 1718 gratius
1249 1626 1358 1698 soleat

274 1777 291 1815 »
319 1749 448 1834 audiri,
470 1749 557 1820 nibil
577 1748 846 1821 desiderabilius
870 1749 1083 1844 concupisci,
1111 1748 1195 1822 nihil
1225 1764 1357 1842 postre-

275 1899 290 1935 »
321 1891 379 1940 mo
400 1869 511 1964 possit
531 1870 656 1942 melius
676 1869 846 1955 inveniri;
868 1899 884 1936 »
912 1880 949 1942 ct
973 1884 1053 1964 post
1068 1873 1248 1966 paululum
1271 1900 1287 1936 a
1309 1871 1357 1942 si-

275 2022 291 2058 »
320 2002 379 2065 cut
411 2014 527 2077 nemo,
556 1993 681 2096 inquit,
709 1993 850 2088 estqui
875 1993 1032 2085 gaudere
1055 1994 1153 2080 nolit,
1179 1994 1228 2065 ita
1253 2013 1357 2066 nemo

274 2145 290 2181 u
319 2115 461 2211 estqui
486 2137 607 2212 pacem
635 2116 766 2189 habere
791 2118 891 2190 nolit:
917 2115 1200 2211 quandoquidem
1228 2125 1265 2188 et
1291 2116 1356 2211 ipsi

274 2268 290 2304 a
319 2239 379 2334 qui
400 2238 489 2312 bella
513 2242 635 2312 volunt
652 2240 737 2312 nihil
754 2240 851 2314 aliod
867 2263 972 2334 quam
993 2242 1136 2313 vincere
1152 2241 1284 2312 volunt.
1303 2237 1357 2311 Ad
1488 2241 1489 2272 ³

274 2390 289 2426 u
319 2361 505 2454 gloriosam
527 2384 612 2456 ergo
632 2385 755 2457 pacem
775 2362 938 2436 bellando
959 2363 1103 2458 cupiunt
1121 2362 1316 2458 pervenire.
1339 2389 1355 2426 a

270 2486 316 2556 Et
336 2506 476 2558 rursus:
495 2515 511 2553 n
531 2485 612 2559 Paci
628 2486 734 2578 igitur
755 2497 933 2578 geruntur,
956 2486 1077 2580 inquit
1095 2484 1231 2560 etbella
1244 2484 1290 2556 ab
1303 2483 1356 2556 his

275 2636 291 2673 u
319 2609 423 2681 etiam
444 2609 506 2702 qui
526 2609 691 2682 virtutem
714 2608 872 2682 bellicam
895 2610 1040 2682 student
1058 2630 1227 2682 exercere
1250 2609 1357 2700 impe·

275 2760 291 2798 a
319 2731 430 2804 rando
449 2743 510 2804 aut
531 2732 730 2827 pugnando.
750 2733 849 2805 Unde
867 2753 990 2826 pacem
1012 2743 1148 2804 constat
1173 2729 1254 2802 belli
1280 2749 1357 2802 esse

276 2885 292 2924 ›>
320 2854 506 2951 optabilem
542 2853 659 2927 linem.
693 2855 814 2928 Omnis
843 2857 937 2927 enim
963 2855 1069 2928 bomo
1089 2854 1195 2944 etiam
1215 2853 1357 2944 bellige-

275 3008 291 3044 ι)
321 2979 430 3051 raudo
461 2999 583 3071 pacem
616 2978 771 3070 requirit.
812 3007 827 3043 >r
858 2979 896 3050 ln
929 3001 1000 3071 quo
1034 2977 1177 3071 quidem
1202 2976 1356 3048 Ciceroni

270 3099 445 3174 consentit
471 3097 530 3170 ubi
556 3097 780 3191 suscipienda
805 3098 896 3172 bella
921 3101 970 3173 ait
991 3098 1037 3172 ob
1057 3121 1135 3172 cam
1156 3119 1299 3172 causam
1321 3106 1358 3170 ut

271 3222 349 3297 sine
367 3221 496 3293 iniuria
513 3222 549 3292 in
566 3241 652 3316 pace
674 3222 827 3294 vivatur.
848 3223 924 3294 Non
944 3245 1103 3317 exequor
1124 3243 1209 3316 quae
1227 3219 1354 3294 ibidem

271 3345 493 3440 Augustinus
512 3343 603 3416 idem
626 3343 747 3418 divino
768 3343 910 3417 strinxit
931 3344 1087 3437 ingenio,
1115 3345 1211 3439 quod
1235 3356 1272 3416 ct
1296 3340 1357 3416 tibi

272 3470 455 3543 notissima
472 3467 555 3553 sint,
571 3476 607 3540 et
623 3467 708 3538 milri
726 3466 982 3563 providendum
1003 3489 1047 3540 ne
1068 3467 1097 3541 si
1117 3476 1244 3540 cuncta
1265 3487 1357 3540 com-

273 3593 377 3687 plecti
398 3591 516 3675 velim,
535 3589 741 3682 magnitudo
765 3613 882 3664 rerum
909 3590 1052 3664 modum
1083 3592 1203 3664 vincat
1228 3591 1357 3684 episto-

272 3719 327 3790 lae.
348 3717 503 3801 Quorum
527 3725 642 3790 tamen
662 3714 722 3788 illa
741 3717 920 3788 conclusio
946 3725 1012 3804 est,
1033 3725 1072 3788 ut
1092 3737 1229 3790 omnem
1254 3734 1357 3786 usum

272 3860 393 3912 rerum
415 3839 660 3932 temporalium
681 3837 728 3911 ad
752 3839 902 3912 fructum
929 3849 1079 3913 terrenae
1103 3837 1200 3934 pacis
1229 3837 1266 3907 in
1292 3845 1358 3908 ter·

156 4056 158 4062 ¹
273 3983 358 4034 rena
384 3961 540 4046 civitate,
566 3961 602 4032 in
623 3961 760 4035 ooelesti
784 3973 899 4036 autem
926 3962 972 4037 ad
995 3963 1090 4056 pacis
1116 3971 1260 4034 aetemae
1287 3960 1359 4030 lru-

275 4091 370 4153 ctum
395 4082 618 4156 referendum
644 4105 726 4158 esse
755 4082 908 4160 definiat.
937 4086 1024 4170 Quae
1049 4107 1129 4158 cum
1154 4082 1203 4158 ita
1228 4091 1356 4166 esseut,

276 4199 473 4290 sperabam,
508 4207 629 4292 fateor,
667 4228 772 4280 omne
803 4209 960 4302 quidem,
989 4208 1070 4282 licet
1096 4211 1212 4292 ferox,
1237 4202 1356 4278 sedin
