3062 4798
349 320 440 370 LIBER
463 319 754 372 ocvtvusolecluus.
766 337 805 352 -·
816 319 969 370 EPISTULA
990 321 1033 368 111.
1167 309 1224 370 411

149 459 239 529 mole
260 455 452 527 litterarum
474 476 579 554 quam
602 475 770 528 sensuum
793 454 949 526 ubertate
982 430 1095 527 maius
1126 478 1225 549 opus.

147 581 342 652 Monstrum
364 589 420 650 est
435 577 606 670 cogitare,
625 587 777 670 quantus
797 579 852 649 illc
871 576 926 648 vir
942 577 1095 669 ingenio,
1118 601 1227 671 quan-

148 711 203 773 tus
226 701 342 772 studio
363 699 435 771 fuit.
464 701 561 772 Unde
587 700 643 770 ille
667 702 785 770 fervor
812 697 1054 791 scribendique
1078 701 1228 795 impetus

150 831 271 894 sancto
290 822 390 894 viro?
411 823 471 894 1113
491 845 608 894 rerum
631 821 830 893 divinarum
852 819 971 890 notitia
998 822 1143 892 terrenis
1169 822 1229 894 diu

147 945 297 1038 primum
320 944 492 1016 illecebris
510 949 634 1038 capto?
650 945 709 1015 1113
729 944 869 1016 demum
889 942 1046 1015 laborum
1068 945 1231 1039 patientia

151 1066 247 1138 seni?
268 1067 356 1139 illud
375 1067 484 1138 otium
506 1067 694 1160 episcopo?
714 1068 773 1136 1113
792 1067 923 1138 romani
941 1066 1068 1159 eloquii
1086 1068 1230 1138 facultas

148 1190 231 1261 Afro
259 1189 414 1262 homini?
440 1189 610 1273 Quamvis
640 1198 678 1260 ut
712 1188 802 1260 idem
835 1188 940 1260 etiam
974 1189 1125 1281 quodam
1157 1192 1231 1260 loco

147 1313 238 1382 clare
259 1310 384 1394 innuit,
409 1330 474 1382 sua
492 1319 596 1381 aetate
617 1309 689 1382 Afri
710 1309 851 1403 quidam
874 1309 988 1382 latinis
1011 1309 1131 1381 litteris
1157 1318 1231 1380 ute-

148 1441 283 1504 rentur:
305 1431 348 1503 de
369 1454 439 1526 quo
459 1433 660 1525 perproprie
680 1431 809 1502 dictum
840 1441 957 1523 putes,
979 1421 1059 1524 (puae
1086 1432 1161 1526 ipse
1187 1431 1231 1502 de

147 1554 262 1626 Marco
286 1556 444 1626 Varrone
469 1554 559 1626 dixit
584 1555 829 1626 Terentianum
857 1575 1023 1646 sequeus:
1047 1556 1101 1625 vir
1122 1555 1233 1648 inquit

148 1675 373 1746 doctissimus
398 1676 639 1768 undecumque
660 1677 771 1746 Varro
787 1675 845 1767 qui
866 1687 934 1747 tam
954 1677 1062 1746 multa
1083 1675 1173 1766 legit,
1196 1689 1233 1747 ut

148 1797 278 1890 aliquid
295 1797 326 1868 ei
347 1771 502 1870 ¹scribere
521 1797 707 1869 vacavisse
727 1798 907 1868 miremur:
931 1805 1000 1868 tam
1022 1799 1130 1868 multa
1148 1801 1234 1870 scri-

147 1920 230 2011 psit,
254 1941 358 2009 quam
383 1921 490 1990 multa
511 1919 573 1990 vix
593 1941 803 2012 quemquam
826 1921 942 2010 legere
971 1940 1076 2013 posse
1110 1921 1232 1992 creda-

148 2063 239 2112 mus.
264 2038 333 2109 Sed
355 2048 392 2109 ut
412 2040 478 2110 alia
495 2039 649 2112 omittam
671 2040 828 2112 eiusdem
850 2041 979 2132 ingenii
996 2051 1229 2125 monumenta,

153 2189 217 2237 seu
238 2185 319 2256 quae
341 2165 447 2234 multa
470 2173 552 2233 sunt
576 2162 670 2245 mihi,
695 2183 757 2233 seu
779 2162 907 2254 quihus
930 2162 1045 2235 adhuc
1065 2175 1237 2246 careo,et

150 2308 291 2357 rursum
314 2308 376 2358 seu
406 2307 486 2378 quae
521 2281 802 2356 retractationum
834 2269 976 2357 suarum
1010 2286 1107 2358 libris
1139 2288 1232 2360 idem

149 2411 226 2503 ipse
246 2395 508 2491 commemorat,
532 2430 595 2480 seu
617 2429 697 2501 quae
718 2406 764 2477 ibi
784 2410 837 2477 131
860 2407 966 2504 oblita
982 2412 1078 2494 forte,
1098 2415 1154 2483 vel
1173 2434 1234 2484 ne-

150 2535 279 2622 glecta,
309 2534 365 2604 vel
392 2531 547 2603 nondum
570 2531 697 2624 scripta
724 2529 903 2624 praeteriit,
932 2532 976 2604 ad
1009 2554 1089 2625 quae
1120 2536 1236 2605 omnia

151 2654 377 2744 relegendum
407 2653 478 2723 vita
506 2653 657 2724 bumana
679 2652 740 2722 vix
762 2653 903 2736 sufficit,
931 2655 1009 2745 quis
1031 2655 1167 2726 etiamsi
1189 2656 1236 2724 nii

151 2774 244 2846 aliud
256 2776 401 2868 egisset,
420 2798 525 2846 unum
540 2775 606 2846 hoc
620 2759 772 2847 scribere
795 2774 950 2868 potuisse
974 2798 1044 2847 non
1066 2779 1236 2870 stupeat?

152 2897 287 2968 Nullum
318 2921 423 2970 unum
449 2909 484 2970 et
518 2898 621 2970 unius
654 2919 742 2993 opus
777 2897 928 2970 hominis
957 2898 1071 2970 latinis
1104 2898 1236 2969 editum

153 3017 274 3088 litteris
300 3017 379 3089 huic
407 3020 644 3110 magnitudine
669 3019 915 3092 conterendum
943 3021 1029 3103 scio,
1058 3021 1122 3092 nisi
1151 3024 1238 3091 forte

155 3141 206 3211 sit·
231 3141 318 3210 31131
350 3139 509 3211 eiusdem
543 3141 693 3212 tiberin
724 3143 888 3235 epistolas
921 3144 1031 3224 Pauli,
1054 3143 1237 3236 quodnisi

154 3263 238 3334 fallit
258 3258 443 3332 aestimatio
470 3262 726 3352 frustraturque
754 3263 922 3334 memoria
947 3287 1053 3356 prope
1074 3267 1119 3336 ad
1140 3287 1239 3336 eam-

155 3385 235 3457 dem
256 3385 444 3455 litterarum
480 3382 678 3474 congeriem
711 3383 849 3455 videtur
881 3384 1061 3468 accedere,
1090 3388 1147 3457 vel
1172 3388 1238 3456 Titi

155 3507 244 3578 'Livii
266 3528 489 3579 romanarum
516 3527 631 3577 rerum
659 3507 746 3577 liber
771 3506 911 3598 ingens
934 3529 1038 3598 quem
1061 3507 1095 3578 in
1119 3518 1237 3603 partes

156 3651 244 3720 quas
265 3629 415 3702 decades
436 3637 564 3699 vocant
590 3648 657 3697 non
685 3627 758 3721 ipse
789 3629 847 3721 qui
881 3629 1035 3722 scripsit,
1060 3631 1239 3702 331113311-

156 3751 254 3823 diosa
274 3751 462 3842 legentium
484 3749 585 3821 scidit
610 3750 760 3841 ignavia.
784 3752 870 3822 Huic
898 3752 953 3822 tali
981 3751 1144 3822 amicitiae
1170 3761 1239 3823 tuae

156 3877 247 3947 dono
266 3882 392 3967 praeter
418 3895 498 3945 eam
519 3894 625 3967 quam
651 3874 772 3966 loquor
800 3873 1070 3965 magnitudinem
1097 3883 1132 3944 et
1157 3872 1238 3943 iibri

157 3997 261 4069 decor
281 4007 316 4067 et
333 3995 535 4068 vetustioris
555 3994 678 4065 litterae
706 3994 882 4078 maiestas,
905 4006 939 4065 et
961 3995 1074 4066 omnis
1098 3995 1238 4068 sobrius

158 4119 290 4192 accedit
309 4130 467 4203 ornatus,
490 4127 528 4188 ut
549 4141 627 4190 oum
649 4119 768 4191 oculos
786 4116 834 4188 ibi
852 4117 959 4209 figere
980 4120 1143 4213 coeperim
1166 4118 1237 4190 siti-
