2958 4804
325 407 326 410 Ἴ
364 355 456 402 LIBER
477 353 735 403 uuonucttttts-
751 355 904 402 EPISTULA
926 355 1010 404 xvltt.
1162 342 1221 404 200

135 501 210 569 est?
232 499 288 568 De
309 497 374 568 hae
394 496 499 587 igitur
516 497 563 566 illi
587 497 722 590 scripsi,
746 497 905 569 hortatus
928 508 964 570 ut
985 499 1020 570 in
1040 501 1139 572 amici
1160 523 1223 572 vo-

135 621 217 692 teris
241 640 288 689 ac
311 618 454 713 spectati
473 617 750 690 benevolentiam
768 629 977 704 revertatur,
997 630 1032 690 ot
1049 621 1114 694 hac
1135 645 1221 695 usus

134 754 208 815 arte
231 755 273 812 ut
295 742 418 814 ambos
440 763 509 812 una
527 743 720 836 eademque
740 743 936 816 clauderem
957 745 1123 838 epistola,
1152 767 1223 838 quo

137 866 270 938 scilicet
293 865 383 936 inter
402 864 588 956 legendum
605 867 726 936 saltem
743 865 941 937 necessario
961 866 1101 938 coirent.
1121 867 1223 950 Quod

136 989 163 1059 si
187 989 313 1059 votive
340 986 562 1070 successerit,
589 998 724 1079 gratum
752 987 917 1081 quiddam
940 1010 979 1060 ac
1000 987 1221 1080 magnificum

136 1109 342 1206 reipublicae
358 1109 565 1205 praestitisse
583 1109 771 1202 gloriabor,
794 1119 829 1180 et
849 1111 916 1182 iam
934 1114 1095 1196 multum,
1116 1133 1222 1207 super
1259 1127 1266 1136 ·

135 1233 211 1318 hoc,
227 1235 367 1306 calamo
384 1231 530 1304 debebo.
547 1232 736 1324 Epistolam
756 1232 866 1328 ipsam
886 1235 930 1306 ad
949 1233 1086 1320 tamisi,
1106 1243 1144 1304 ut
1160 1256 1222 1328 per

136 1379 260 1428 manus
284 1358 367 1428 illoc
393 1366 472 1426 tuas
494 1366 664 1450 properet,
686 1366 721 1427 et
754 1337 910 1428 securius
931 1379 1046 1428 coram
1068 1357 1134 1427 illis
1163 1365 1221 1427 tuo

136 1478 236 1550 otiam
273 1480 396 1550 favore
435 1480 520 1549 fulta
556 1489 764 1570 compareat.
797 1480 961 1553 Permitto
994 1489 1110 1552 autem
1144 1477 1218 1562 tibi,

137 1602 227 1693 quod
239 1601 277 1671 in
294 1601 590 1694 superscriptione
603 1600 679 1672 eius
697 1602 858 1674 omnihus
877 1602 1050 1688 interdixi,
1070 1611 1109 1672 ut
1125 1601 1219 1675 illam

137 1723 287 1816 aperias,
313 1733 349 1794 et
370 1722 400 1794 si
426 1722 510 1815 quid
530 1722 782 1795 detrahendum
805 1727 860 1796 vel
887 1723 1086 1797 addendum
1107 1724 1220 1796 duxe-

139 1846 191 1925 ris,
212 1846 340 1930 faciae,
363 1843 422 1937 qui
441 1856 599 1916 naturam
622 1845 712 1916 illius
734 1857 838 1940 atque
860 1849 1013 1920 animum
1035 1857 1071 1920 et
1090 1847 1219 1940 quibus

137 1969 230 2040 facile
251 1967 353 2060 tangi
374 1969 497 2053 soleat,

298 2138 421 2217 Quique
438 2136 498 2200 viri
516 2139 622 2202 molles
639 2139 738 2202 aditus
756 2145 785 2201 et
801 2146 939 2219 tempore
957 2140 1045 2204 nosti.

141 2295 229 2366 Vale.

279 2435 331 2492 IX.
349 2435 487 2492 Kalendas
502 2435 584 2505 lunii,
600 2436 634 2490 ad
648 2435 752 2492 fontem
768 2437 888 2508 Sorgiou«
