2988 4800
258 339 313 400 llll
596 349 636 396 nn
657 348 756 396 nauus
778 348 998 397 raurnmnmus

256 483 392 556 visendi
419 485 648 578 propositum,
682 507 760 554 cum
791 483 875 553 salis
903 505 959 552 me
986 483 1220 567 excusserim,
1255 484 1336 556 nihil

255 608 350 700 quod
372 607 474 678 scribi
496 607 640 695 dignum
663 615 758 676 esset
777 605 906 688 iuveni,
929 604 996 674 nisi
1024 605 1088 676 hoc
1107 604 1220 698 ipsum
1238 607 1333 690 novi,

254 730 337 799 nihil
355 751 435 800 esse
453 728 547 819 quod
562 728 760 799 scriberem.
781 730 868 799 Nam
887 728 917 798 si
934 728 1032 810 hauc,
1053 728 1106 798 cui
1126 728 1269 799 assidue
1286 731 1336 798 in·

256 865 399 936 tersum,
420 851 601 922 historiam
622 850 863 946 babylonicam
886 850 1083 942 aggrediar,
1106 853 1236 922 frustra
1256 853 1332 937 erit,

255 975 417 1068 quoniam
438 984 473 1044 et
492 977 600 1043 multa
621 973 689 1043 iam
711 973 744 1042 in
767 954 955 1044 amicorum
974 973 1095 1044 litteris
1113 975 1260 1057 inserui,
1288 985 1334 1056 et,

255 1099 285 1168 si
305 1119 536 1190 quaecumque
570 1099 635 1166 fert
667 1095 803 1166 animus
839 1098 1014 1190 explicare
1046 1097 1164 1178 velim,
1198 1096 1337 1168 deficiet

255 1220 366 1314 stilus.
402 1221 435 1290 Si
470 1221 513 1291 ad
544 1243 622 1291 mea
652 1243 708 1290 me
739 1230 893 1304 vertero,
918 1219 1078 1290 titubabit
1103 1219 1223 1289 oratio.
1246 1220 1337 1302 Quid

254 1344 345 1414 enim
367 1343 451 1412 mihi
471 1351 526 1412 cst
543 1344 641 1429 certi,
664 1343 732 1412 nisi
753 1343 848 1434 quod
874 1343 993 1435 utique
1019 1315 1237 1413 moriendum
1262 1346 1337 1414 est?

254 1467 388 1556 Arguat
408 1467 487 1536 licet
508 1469 650 1549 Seneca,
675 1465 786 1560 quiin
806 1466 907 1536 simili
929 1465 1127 1536 Ciceronem
1149 1465 1278 1556 arguit,
1302 1466 1336 1534 in

254 1612 375 1660 eorum
396 1612 452 1659 me
474 1612 580 1680 grege
601 1589 734 1681 reperio
751 1610 840 1681 quos
861 1599 952 1659 slatu
970 1587 1097 1658 liberos
1116 1599 1255 1672 vocant;
1273 1610 1336 1660 uec

253 1714 345 1794 vive,
368 1734 432 1782 neo
452 1714 566 1794 valeo,
590 1733 655 1781 nee
676 1711 816 1795 morior,
839 1733 903 1782 nec
924 1718 1071 1802 aegroto:
1099 1719 1171 1780 tum
1194 1710 1334 1781 demum

254 1835 374 1904 vivere
394 1843 429 1902 et
450 1836 567 1904 valere
589 1833 759 1926 incipiam,
782 1834 1050 1905 cuminvenero
1075 1833 1180 1904 huius
1200 1834 1333 1904 exitum

254 1955 451 2050 labyrinthi.
486 1957 524 2026 ln
557 1956 623 2027 hoc
649 1957 752 2028 modo
777 1979 855 2028 sum
883 1966 990 2028 totus:
1021 1957 1088 2027 hoc
1121 1977 1228 2026 unum
1255 1975 1331 2046 ago.

253 2079 352 2162 Vale,
366 2091 402 2150 et
421 2078 589 2172 quidquid
610 2079 719 2150 habes
738 2079 958 2164 incommodi,
979 2079 1059 2151 huic
1075 2082 1237 2152 collatum
1259 2077 1333 2148 exi-

253 2203 311 2287 lio,
334 2203 434 2274 dulce
454 2211 547 2294 puta.
620 2276 622 2282 ,
688 2241 691 2248 ,

396 2345 527 2402 Kalendis
541 2346 653 2418 Aprilis.

670 2791 849 2857 EPISTOLA
869 2794 913 2856 Xl.

284 2981 477 3054 suanctscus
499 3004 667 3053 Parauaea
687 3003 932 3054 BARTHOLOMAEO
952 3005 1105 3055 EPISCOPO
1126 3005 1298 3057 TllEA'l'INO.
1334 3051 1338 3066 ,

252 3197 358 3252 Laudat
377 3200 451 3270 quod
475 3217 554 3272 aequo
573 3201 666 3256 auimo
684 3202 808 3273 pontifex
826 3201 976 3256 Thealinus
990 3201 1148 3256 renunciari
1166 3219 1265 3274 passus
1284 3203 1327 3258 sil.

322 3288 504 3359 Aveuiouem,
515 3291 589 3344 uude
606 3308 635 3345 se
645 3291 737 3345 divelli
748 3309 804 3347 non
817 3309 898 3364 posse
909 3293 997 3362 limet,
1008 3293 1087 3347 valde
1097 3294 1245 3365 vituperat.
1261 3293 1330 3349 Lau'·

323 3378 369 3433 dal
382 3379 527 3434 Nicolaum
542 3381 710 3436 Acciaiolum
725 3387 753 3436 et
768 3381 927 3453 episcopum
941 3381 1055 3436 fratrem
1069 3382 1137 3436 eius.

347 3626 449 3710 Quod
472 3637 595 3698 natura
626 3627 854 3720 procellosum
880 3648 942 3700 rer
964 3626 1024 3697 tibi
1047 3649 1084 3697 se
1107 3629 1327 3719 tranquillum

250 3749 411 3843 praebuit,
440 3747 703 3842 superamabilis
732 3756 842 3838 paler,
872 3748 957 3818 scito
984 3751 1092 3820 fuisse
1122 3773 1191 3821 nou
1225 3751 1325 3834 AEoli,

250 3871 321 3962 qui,
347 3882 382 3942 ut
402 3871 450 3942 ait
470 3872 581 3941 Maro:

418 4077 422 4084 ·
448 4067 607 4128 luctantes
624 4072 731 4130 ventos
745 4072 999 4147 tempestatesque
1018 4085 1142 4132 sonoras

449 4166 577 4242 Imperio
595 4168 706 4244 premit
724 4183 756 4229 ac
773 4167 879 4229 vinclis
898 4176 925 4230 et
944 4184 1064 4230 carcere
1080 4168 1192 4242 frenat,
1256 4165 1258 4168 ’
