<?xml version="1.0" encoding="UTF-8"?>
<!DOCTYPE html PUBLIC "-//W3C//DTD XHTML 1.0 Transitional//EN"
    "http://www.w3.org/TR/xhtml1/DTD/xhtml1-transitional.dtd">
<html xmlns="http://www.w3.org/1999/xhtml" xml:lang="en" lang="en">
 <head>
  <title>
</title>
<meta http-equiv="Content-Type" content="text/html;charset=utf-8" />
  <meta name='ocr-system' content='tesseract 3.04.00' />
  <meta name='ocr-capabilities' content='ocr_page ocr_carea ocr_par ocr_line ocrx_word'/>
</head>
<body>
  <div class='ocr_page' id='page_1' title='image "./franciscipetrar01fracgoog_0016.png"; bbox 0 0 3002 4794; ppageno 0'>
   <div class='ocr_carea' id='block_1_1' title="bbox 481 342 1243 402">
    <p class='ocr_par' dir='ltr' id='par_1_1' title="bbox 481 342 1243 402">
     <span class='ocr_line' id='line_1_1' title="bbox 481 342 1243 402; baseline 0.003 -2"><span class='ocrx_word' id='word_1_1' title='bbox 481 351 574 400; x_wconf 80' lang='lat' dir='ltr'>LIBER</span> <span class='ocrx_word' id='word_1_2' title='bbox 596 351 708 402; x_wconf 85' lang='lat' dir='ltr'><strong>NONUS.</strong></span> <span class='ocrx_word' id='word_1_3' title='bbox 719 351 922 402; x_wconf 71' lang='lat' dir='ltr'>-hrlsronl</span> <span class='ocrx_word' id='word_1_4' title='bbox 943 351 974 400; x_wconf 89' lang='lat' dir='ltr'>ll.</span> <span class='ocrx_word' id='word_1_5' title='bbox 1224 342 1243 402; x_wconf 82' lang='grc'><strong>5</strong></span> 
     </span>
    </p>
   </div>
   <div class='ocr_carea' id='block_1_2' title="bbox 158 495 1332 3541">
    <p class='ocr_par' dir='ltr' id='par_1_2' title="bbox 158 495 1332 3541">
     <span class='ocr_line' id='line_1_2' title="bbox 158 495 1242 591; baseline 0.002 -21"><span class='ocrx_word' id='word_1_6' title='bbox 158 499 276 580; x_wconf 87' lang='lat' dir='ltr'>deam,</span> <span class='ocrx_word' id='word_1_7' title='bbox 299 495 483 568; x_wconf 82' lang='lat' dir='ltr'>convietus</span> <span class='ocrx_word' id='word_1_8' title='bbox 501 498 594 570; x_wconf 89' lang='lat' dir='ltr'>nulla</span> <span class='ocrx_word' id='word_1_9' title='bbox 614 517 759 589; x_wconf 87' lang='lat' dir='ltr'>prorsus</span> <span class='ocrx_word' id='word_1_10' title='bbox 772 504 1005 571; x_wconf 84' lang='lat' dir='ltr'>extramuros</span> <span class='ocrx_word' id='word_1_11' title='bbox 1018 497 1148 590; x_wconf 84' lang='lat' dir='ltr'>patrios</span> <span class='ocrx_word' id='word_1_12' title='bbox 1161 519 1242 591; x_wconf 82' lang='lat' dir='ltr'>spes</span> 
     </span>
     <span class='ocr_line' id='line_1_3' title="bbox 159 617 1243 714; baseline 0.002 -24"><span class='ocrx_word' id='word_1_13' title='bbox 159 619 219 691; x_wconf 86' lang='lat' dir='ltr'>sit</span> <span class='ocrx_word' id='word_1_14' title='bbox 237 621 301 705; x_wconf 90' lang='lat' dir='ltr'>lta,</span> <span class='ocrx_word' id='word_1_15' title='bbox 322 619 487 712; x_wconf 91' lang='lat' dir='ltr'>quoniam</span> <span class='ocrx_word' id='word_1_16' title='bbox 507 617 552 691; x_wconf 94' lang='lat' dir='ltr'>de</span> <span class='ocrx_word' id='word_1_17' title='bbox 570 618 688 692; x_wconf 87' lang='lat' dir='ltr'>amieis</span> <span class='ocrx_word' id='word_1_18' title='bbox 710 619 853 712; x_wconf 90' lang='lat' dir='ltr'>paribus</span> <span class='ocrx_word' id='word_1_19' title='bbox 876 641 990 692; x_wconf 91' lang='lat' dir='ltr'>sermo</span> <span class='ocrx_word' id='word_1_20' title='bbox 1009 628 1079 706; x_wconf 84' lang='lat' dir='ltr'>est,</span> <span class='ocrx_word' id='word_1_21' title='bbox 1093 641 1243 714; x_wconf 88' lang='lat' dir='ltr'>quorum</span> 
     </span>
     <span class='ocr_line' id='line_1_4' title="bbox 159 739 1243 834; baseline 0.004 -24"><span class='ocrx_word' id='word_1_22' title='bbox 159 740 293 812; x_wconf 86' lang='lat' dir='ltr'>facilior</span> <span class='ocrx_word' id='word_1_23' title='bbox 314 739 527 834; x_wconf 86' lang='lat' dir='ltr'>suaviorque</span> <span class='ocrx_word' id='word_1_24' title='bbox 552 763 654 827; x_wconf 81' lang='lat' dir='ltr'>usae,</span> <span class='ocrx_word' id='word_1_25' title='bbox 689 741 803 825; x_wconf 88' lang='lat' dir='ltr'>vides,</span> <span class='ocrx_word' id='word_1_26' title='bbox 838 741 905 812; x_wconf 90' lang='lat' dir='ltr'>nisi</span> <span class='ocrx_word' id='word_1_27' title='bbox 937 743 1051 827; x_wconf 89' lang='lat' dir='ltr'>iallor,</span> <span class='ocrx_word' id='word_1_28' title='bbox 1076 752 1115 814; x_wconf 89' lang='lat' dir='ltr'>ut</span> <span class='ocrx_word' id='word_1_29' title='bbox 1143 741 1188 816; x_wconf 85' lang='lat' dir='ltr'>ed</span> <span class='ocrx_word' id='word_1_30' title='bbox 1209 750 1243 814; x_wconf 87' lang='lat' dir='ltr'>te</span> 
     </span>
     <span class='ocr_line' id='line_1_5' title="bbox 158 863 1243 950; baseline 0.004 -16"><span class='ocrx_word' id='word_1_31' title='bbox 158 885 273 935; x_wconf 90' lang='lat' dir='ltr'>unum</span> <span class='ocrx_word' id='word_1_32' title='bbox 292 885 377 936; x_wconf 89' lang='lat' dir='ltr'>vere</span> <span class='ocrx_word' id='word_1_33' title='bbox 397 870 470 935; x_wconf 86' lang='lat' dir='ltr'>tota</span> <span class='ocrx_word' id='word_1_34' title='bbox 489 883 547 936; x_wconf 89' lang='lat' dir='ltr'>res</span> <span class='ocrx_word' id='word_1_35' title='bbox 568 863 667 936; x_wconf 88' lang='lat' dir='ltr'>redit.</span> <span class='ocrx_word' id='word_1_36' title='bbox 700 863 747 935; x_wconf 87' lang='lat' dir='ltr'>Te</span> <span class='ocrx_word' id='word_1_37' title='bbox 779 871 911 949; x_wconf 86' lang='lat' dir='ltr'>autem,</span> <span class='ocrx_word' id='word_1_38' title='bbox 938 864 986 934; x_wconf 91' lang='lat' dir='ltr'>mi</span> <span class='ocrx_word' id='word_1_39' title='bbox 1007 865 1181 950; x_wconf 80' lang='lat' dir='ltr'>Socrates,</span> <span class='ocrx_word' id='word_1_40' title='bbox 1209 874 1243 938; x_wconf 87' lang='lat' dir='ltr'>te</span> 
     </span>
     <span class='ocr_line' id='line_1_6' title="bbox 160 985 1241 1081; baseline 0.003 -24"><span class='ocrx_word' id='word_1_41' title='bbox 160 1009 273 1059; x_wconf 92' lang='lat' dir='ltr'>unum</span> <span class='ocrx_word' id='word_1_42' title='bbox 293 986 390 1073; x_wconf 89' lang='lat' dir='ltr'>mihi,</span> <span class='ocrx_word' id='word_1_43' title='bbox 413 987 508 1081; x_wconf 91' lang='lat' dir='ltr'>qnod</span> <span class='ocrx_word' id='word_1_44' title='bbox 528 987 696 1060; x_wconf 83' lang='lat' dir='ltr'><strong>mirentur</strong></span> <span class='ocrx_word' id='word_1_45' title='bbox 716 987 858 1080; x_wconf 86' lang='lat' dir='ltr'><strong>posteri,</strong></span> <span class='ocrx_word' id='word_1_46' title='bbox 878 1010 948 1060; x_wconf 96' lang='lat' dir='ltr'>non</span> <span class='ocrx_word' id='word_1_47' title='bbox 962 989 1064 1060; x_wconf 89' lang='lat' dir='ltr'>tellus</span> <span class='ocrx_word' id='word_1_48' title='bbox 1076 985 1241 1075; x_wconf 88' lang='lat' dir='ltr'>Ausonia,</span> 
     </span>
     <span class='ocr_line' id='line_1_7' title="bbox 162 1109 1243 1204; baseline 0.004 -24"><span class='ocrx_word' id='word_1_49' title='bbox 162 1117 209 1180; x_wconf 87' lang='lat' dir='ltr'>ut</span> <span class='ocrx_word' id='word_1_50' title='bbox 234 1109 397 1204; x_wconf 88' lang='lat' dir='ltr'>reliquos,</span> <span class='ocrx_word' id='word_1_51' title='bbox 426 1109 535 1196; x_wconf 90' lang='lat' dir='ltr'>dedit,</span> <span class='ocrx_word' id='word_1_52' title='bbox 564 1111 627 1182; x_wconf 90' lang='lat' dir='ltr'>sed</span> <span class='ocrx_word' id='word_1_53' title='bbox 652 1111 769 1183; x_wconf 88' lang='lat' dir='ltr'>Cereri</span> <span class='ocrx_word' id='word_1_54' title='bbox 796 1119 831 1184; x_wconf 87' lang='lat' dir='ltr'>et</span> <span class='ocrx_word' id='word_1_55' title='bbox 855 1111 991 1184; x_wconf 84' lang='lat' dir='ltr'>Boccho</span> <span class='ocrx_word' id='word_1_56' title='bbox 1016 1120 1051 1184; x_wconf 88' lang='lat' dir='ltr'>et</span> <span class='ocrx_word' id='word_1_57' title='bbox 1075 1111 1243 1184; x_wconf 85' lang='lat' dir='ltr'>Minervae</span> 
     </span>
     <span class='ocr_line' id='line_1_8' title="bbox 162 1233 1243 1333; baseline 0.002 -27"><span class='ocrx_word' id='word_1_58' title='bbox 162 1233 307 1320; x_wconf 85' lang='lat' dir='ltr'>sterilis,</span> <span class='ocrx_word' id='word_1_59' title='bbox 342 1242 379 1306; x_wconf 90' lang='lat' dir='ltr'>at</span> <span class='ocrx_word' id='word_1_60' title='bbox 411 1235 566 1306; x_wconf 89' lang='lat' dir='ltr'>virorum</span> <span class='ocrx_word' id='word_1_61' title='bbox 597 1233 718 1308; x_wconf 85' lang='lat' dir='ltr'>fertilis</span> <span class='ocrx_word' id='word_1_62' title='bbox 754 1234 876 1309; x_wconf 89' lang='lat' dir='ltr'>Annea</span> <span class='ocrx_word' id='word_1_63' title='bbox 915 1236 1120 1333; x_wconf 84' lang='lat' dir='ltr'>Campiniae:</span> <span class='ocrx_word' id='word_1_64' title='bbox 1152 1257 1243 1310; x_wconf 89' lang='lat' dir='ltr'>neve</span> 
     </span>
     <span class='ocr_line' id='line_1_9' title="bbox 159 1355 1241 1454; baseline 0.005 -27"><span class='ocrx_word' id='word_1_65' title='bbox 159 1358 308 1430; x_wconf 82' lang='lat' dir='ltr'>forsitan</span> <span class='ocrx_word' id='word_1_66' title='bbox 326 1355 422 1428; x_wconf 92' lang='lat' dir='ltr'>rudis</span> <span class='ocrx_word' id='word_1_67' title='bbox 443 1360 551 1430; x_wconf 83' lang='lat' dir='ltr'>lector</span> <span class='ocrx_word' id='word_1_68' title='bbox 572 1358 793 1452; x_wconf 82' lang='lat' dir='ltr'>Campaniam</span> <span class='ocrx_word' id='word_1_69' title='bbox 810 1358 877 1430; x_wconf 87' lang='lat' dir='ltr'>dici</span> <span class='ocrx_word' id='word_1_70' title='bbox 890 1368 1002 1453; x_wconf 87' lang='lat' dir='ltr'>putet,</span> <span class='ocrx_word' id='word_1_71' title='bbox 1030 1359 1241 1454; x_wconf 85' lang='lat' dir='ltr'>Campiniam</span> 
     </span>
     <span class='ocr_line' id='line_1_10' title="bbox 160 1481 1243 1574; baseline 0.001 -20"><span class='ocrx_word' id='word_1_72' title='bbox 160 1482 256 1568; x_wconf 87' lang='lat' dir='ltr'>dico,</span> <span class='ocrx_word' id='word_1_73' title='bbox 278 1481 449 1554; x_wconf 83' lang='lat' dir='ltr'>inferioris</span> <span class='ocrx_word' id='word_1_74' title='bbox 470 1481 694 1568; x_wconf 71' lang='lat' dir='ltr'>Alamanniae,</span> <span class='ocrx_word' id='word_1_75' title='bbox 717 1491 756 1554; x_wconf 87' lang='lat' dir='ltr'>nt</span> <span class='ocrx_word' id='word_1_76' title='bbox 775 1505 867 1554; x_wconf 90' lang='lat' dir='ltr'>nuno</span> <span class='ocrx_word' id='word_1_77' title='bbox 900 1485 1007 1574; x_wconf 78' lang='lat' dir='ltr'>vulgo</span> <span class='ocrx_word' id='word_1_78' title='bbox 1039 1485 1158 1568; x_wconf 85' lang='lat' dir='ltr'>fertur,</span> <span class='ocrx_word' id='word_1_79' title='bbox 1184 1488 1243 1556; x_wconf 88' lang='lat' dir='ltr'>vel</span> 
     </span>
     <span class='ocr_line' id='line_1_11' title="bbox 161 1604 1332 1698; baseline -0.003 -20"><span class='ocrx_word' id='word_1_80' title='bbox 161 1606 264 1678; x_wconf 88' lang='lat' dir='ltr'>aliter</span> <span class='ocrx_word' id='word_1_81' title='bbox 283 1615 478 1677; x_wconf 83' lang='lat' dir='ltr'>extremam</span> <span class='ocrx_word' id='word_1_82' title='bbox 499 1605 618 1677; x_wconf 75' lang='lat' dir='ltr'>Galliae</span> <span class='ocrx_word' id='word_1_83' title='bbox 646 1606 798 1698; x_wconf 83' lang='lat' dir='ltr'>Belgioae</span> <span class='ocrx_word' id='word_1_84' title='bbox 819 1604 1035 1698; x_wconf 82' lang='lat' dir='ltr'>particulam,</span> <span class='ocrx_word' id='word_1_85' title='bbox 1057 1625 1138 1698; x_wconf 85' lang='lat' dir='ltr'>qnae</span> <span class='ocrx_word' id='word_1_86' title='bbox 1152 1604 1243 1678; x_wconf 92' lang='lat' dir='ltr'>inter</span> <span class='ocrx_word' id='word_1_87' title='bbox 1329 1655 1332 1674; x_wconf 91' lang='lat'>.</span> 
     </span>
     <span class='ocr_line' id='line_1_12' title="bbox 161 1727 1241 1816; baseline 0.004 -18"><span class='ocrx_word' id='word_1_88' title='bbox 161 1731 294 1800; x_wconf 68' lang='lat' dir='ltr'>laevum</span> <span class='ocrx_word' id='word_1_89' title='bbox 320 1728 433 1800; x_wconf 87' lang='lat' dir='ltr'>Rheni</span> <span class='ocrx_word' id='word_1_90' title='bbox 459 1731 548 1800; x_wconf 90' lang='lat' dir='ltr'>latus</span> <span class='ocrx_word' id='word_1_91' title='bbox 569 1737 603 1800; x_wconf 92' lang='lat' dir='ltr'>et</span> <span class='ocrx_word' id='word_1_92' title='bbox 623 1728 836 1800; x_wconf 90' lang='lat' dir='ltr'>Hollandiam</span> <span class='ocrx_word' id='word_1_93' title='bbox 853 1739 888 1800; x_wconf 92' lang='lat' dir='ltr'>et</span> <span class='ocrx_word' id='word_1_94' title='bbox 903 1727 1123 1802; x_wconf 86' lang='lat' dir='ltr'>Brabantiam</span> <span class='ocrx_word' id='word_1_95' title='bbox 1144 1729 1241 1816; x_wconf 87' lang='lat' dir='ltr'>iaoot,</span> 
     </span>
     <span class='ocr_line' id='line_1_13' title="bbox 164 1851 1242 1946; baseline 0.001 -22"><span class='ocrx_word' id='word_1_96' title='bbox 164 1861 202 1924; x_wconf 92' lang='lat' dir='ltr'>ut</span> <span class='ocrx_word' id='word_1_97' title='bbox 222 1853 323 1946; x_wconf 90' lang='lat' dir='ltr'>inops</span> <span class='ocrx_word' id='word_1_98' title='bbox 347 1852 458 1945; x_wconf 84' lang='lat' dir='ltr'>patrio</span> <span class='ocrx_word' id='word_1_99' title='bbox 489 1853 596 1924; x_wconf 86' lang='lat' dir='ltr'>divite</span> <span class='ocrx_word' id='word_1_100' title='bbox 628 1853 833 1945; x_wconf 84' lang='lat' dir='ltr'>gloriaretur</span> <span class='ocrx_word' id='word_1_101' title='bbox 864 1851 1021 1944; x_wconf 82' lang='lat' dir='ltr'>ingenio,</span> <span class='ocrx_word' id='word_1_102' title='bbox 1052 1863 1087 1925; x_wconf 91' lang='lat' dir='ltr'>et</span> <span class='ocrx_word' id='word_1_103' title='bbox 1119 1863 1242 1926; x_wconf 90' lang='lat' dir='ltr'>natura</span> 
     </span>
     <span class='ocr_line' id='line_1_14' title="bbox 163 1975 1243 2070; baseline 0.002 -22"><span class='ocrx_word' id='word_1_104' title='bbox 163 1997 268 2048; x_wconf 86' lang='lat' dir='ltr'>suum</span> <span class='ocrx_word' id='word_1_105' title='bbox 287 1975 343 2046; x_wconf 92' lang='lat' dir='ltr'>ius</span> <span class='ocrx_word' id='word_1_106' title='bbox 361 1984 508 2060; x_wconf 83' lang='lat' dir='ltr'>teneret,</span> <span class='ocrx_word' id='word_1_107' title='bbox 529 1997 549 2046; x_wconf 92' lang='lat' dir='ltr'>e</span> <span class='ocrx_word' id='word_1_108' title='bbox 568 1975 649 2048; x_wconf 93' lang='lat' dir='ltr'>limo</span> <span class='ocrx_word' id='word_1_109' title='bbox 675 1975 842 2070; x_wconf 89' lang='lat' dir='ltr'>quolibet,</span> <span class='ocrx_word' id='word_1_110' title='bbox 870 1985 906 2047; x_wconf 91' lang='lat' dir='ltr'>et</span> <span class='ocrx_word' id='word_1_111' title='bbox 930 1998 1149 2069; x_wconf 83' lang='lat' dir='ltr'>quocumque</span> <span class='ocrx_word' id='word_1_112' title='bbox 1175 1977 1243 2050; x_wconf 92' lang='lat' dir='ltr'>sub</span> 
     </span>
     <span class='ocr_line' id='line_1_15' title="bbox 164 2097 1243 2192; baseline 0.003 -22"><span class='ocrx_word' id='word_1_113' title='bbox 164 2121 246 2170; x_wconf 88' lang='lat' dir='ltr'>aere</span> <span class='ocrx_word' id='word_1_114' title='bbox 262 2119 410 2191; x_wconf 83' lang='lat' dir='ltr'>magnos</span> <span class='ocrx_word' id='word_1_115' title='bbox 431 2097 573 2192; x_wconf 89' lang='lat' dir='ltr'>spiritns</span> <span class='ocrx_word' id='word_1_116' title='bbox 599 2097 812 2190; x_wconf 80' lang='lat' dir='ltr'>procreandi.</span> <span class='ocrx_word' id='word_1_117' title='bbox 840 2099 922 2168; x_wconf 87' lang='lat' dir='ltr'>Haeo</span> <span class='ocrx_word' id='word_1_118' title='bbox 955 2107 989 2168; x_wconf 91' lang='lat' dir='ltr'>te</span> <span class='ocrx_word' id='word_1_119' title='bbox 1021 2098 1106 2168; x_wconf 91' lang='lat' dir='ltr'>mihi</span> <span class='ocrx_word' id='word_1_120' title='bbox 1137 2098 1243 2192; x_wconf 83' lang='lat' dir='ltr'>igitur</span> 
     </span>
     <span class='ocr_line' id='line_1_16' title="bbox 164 2219 1243 2314; baseline 0 -22"><span class='ocrx_word' id='word_1_121' title='bbox 164 2223 270 2292; x_wconf 85' lang='lat' dir='ltr'>talem</span> <span class='ocrx_word' id='word_1_122' title='bbox 284 2223 399 2293; x_wconf 90' lang='lat' dir='ltr'>virum</span> <span class='ocrx_word' id='word_1_123' title='bbox 417 2221 546 2312; x_wconf 81' lang='lat' dir='ltr'>genuit,</span> <span class='ocrx_word' id='word_1_124' title='bbox 569 2231 674 2314; x_wconf 86' lang='lat' dir='ltr'>atque</span> <span class='ocrx_word' id='word_1_125' title='bbox 691 2221 726 2292; x_wconf 94' lang='lat' dir='ltr'>in</span> <span class='ocrx_word' id='word_1_126' title='bbox 747 2223 857 2292; x_wconf 89' lang='lat' dir='ltr'>lucem</span> <span class='ocrx_word' id='word_1_127' title='bbox 879 2219 973 2290; x_wconf 89' lang='lat' dir='ltr'>misit</span> <span class='ocrx_word' id='word_1_128' title='bbox 990 2219 1049 2290; x_wconf 93' lang='lat' dir='ltr'>illo</span> <span class='ocrx_word' id='word_1_129' title='bbox 1066 2219 1142 2313; x_wconf 90' lang='lat' dir='ltr'>ipso</span> <span class='ocrx_word' id='word_1_130' title='bbox 1155 2229 1243 2292; x_wconf 87' lang='lat' dir='ltr'>tem-</span> 
     </span>
     <span class='ocr_line' id='line_1_17' title="bbox 166 2339 1240 2435; baseline 0.003 -24"><span class='ocrx_word' id='word_1_131' title='bbox 166 2363 252 2434; x_wconf 89' lang='lat' dir='ltr'>pore</span> <span class='ocrx_word' id='word_1_132' title='bbox 288 2365 353 2435; x_wconf 91' lang='lat' dir='ltr'>qno</span> <span class='ocrx_word' id='word_1_133' title='bbox 386 2363 454 2434; x_wconf 84' lang='lat' dir='ltr'>ego</span> <span class='ocrx_word' id='word_1_134' title='bbox 486 2345 618 2434; x_wconf 88' lang='lat' dir='ltr'>procul,</span> <span class='ocrx_word' id='word_1_135' title='bbox 650 2342 717 2414; x_wconf 82' lang='lat' dir='ltr'>olio</span> <span class='ocrx_word' id='word_1_136' title='bbox 738 2352 909 2413; x_wconf 87' lang='lat' dir='ltr'>terrarum</span> <span class='ocrx_word' id='word_1_137' title='bbox 929 2339 1028 2426; x_wconf 89' lang='lat' dir='ltr'>orbe,</span> <span class='ocrx_word' id='word_1_138' title='bbox 1055 2339 1240 2427; x_wconf 85' lang='lat' dir='ltr'>nascebar;</span> 
     </span>
     <span class='ocr_line' id='line_1_18' title="bbox 167 2463 1243 2558; baseline 0.001 -24"><span class='ocrx_word' id='word_1_139' title='bbox 167 2465 326 2557; x_wconf 87' lang='lat' dir='ltr'>quamvis</span> <span class='ocrx_word' id='word_1_140' title='bbox 345 2487 450 2558; x_wconf 90' lang='lat' dir='ltr'>quem</span> <span class='ocrx_word' id='word_1_141' title='bbox 468 2466 565 2558; x_wconf 81' lang='lat' dir='ltr'>origo</span> <span class='ocrx_word' id='word_1_142' title='bbox 581 2465 662 2538; x_wconf 85' lang='lat' dir='ltr'>feeit</span> <span class='ocrx_word' id='word_1_143' title='bbox 679 2463 908 2556; x_wconf 83' lang='lat' dir='ltr'>alienigenam</span> <span class='ocrx_word' id='word_1_144' title='bbox 925 2463 1155 2537; x_wconf 87' lang='lat' dir='ltr'>mansuetudo</span> <span class='ocrx_word' id='word_1_145' title='bbox 1168 2465 1243 2536; x_wconf 86' lang='lat' dir='ltr'>ani-</span> 
     </span>
     <span class='ocr_line' id='line_1_19' title="bbox 165 2586 1239 2681; baseline -0.001 -23"><span class='ocrx_word' id='word_1_146' title='bbox 165 2589 213 2658; x_wconf 94' lang='lat' dir='ltr'>mi</span> <span class='ocrx_word' id='word_1_147' title='bbox 229 2597 265 2659; x_wconf 91' lang='lat' dir='ltr'>et</span> <span class='ocrx_word' id='word_1_148' title='bbox 283 2589 504 2660; x_wconf 85' lang='lat' dir='ltr'>conversatio</span> <span class='ocrx_word' id='word_1_149' title='bbox 524 2589 671 2680; x_wconf 78' lang='lat' dir='ltr'>longior,</span> <span class='ocrx_word' id='word_1_150' title='bbox 698 2597 802 2681; x_wconf 90' lang='lat' dir='ltr'>atque</span> <span class='ocrx_word' id='word_1_151' title='bbox 833 2586 1011 2679; x_wconf 91' lang='lat' dir='ltr'>inprimis</span> <span class='ocrx_word' id='word_1_152' title='bbox 1034 2609 1131 2659; x_wconf 89' lang='lat' dir='ltr'>amor</span> <span class='ocrx_word' id='word_1_153' title='bbox 1156 2588 1239 2674; x_wconf 91' lang='lat' dir='ltr'>mei,</span> 
     </span>
     <span class='ocr_line' id='line_1_20' title="bbox 164 2705 1241 2803; baseline 0 -21"><span class='ocrx_word' id='word_1_154' title='bbox 164 2733 293 2803; x_wconf 82' lang='lat' dir='ltr'>magna</span> <span class='ocrx_word' id='word_1_155' title='bbox 313 2709 438 2782; x_wconf 89' lang='lat' dir='ltr'>Italum</span> <span class='ocrx_word' id='word_1_156' title='bbox 458 2721 492 2782; x_wconf 89' lang='lat' dir='ltr'>te</span> <span class='ocrx_word' id='word_1_157' title='bbox 509 2732 556 2782; x_wconf 88' lang='lat' dir='ltr'>ex</span> <span class='ocrx_word' id='word_1_158' title='bbox 576 2719 674 2802; x_wconf 86' lang='lat' dir='ltr'>parte</span> <span class='ocrx_word' id='word_1_159' title='bbox 694 2709 823 2782; x_wconf 81' lang='lat' dir='ltr'>lecerit.</span> <span class='ocrx_word' id='word_1_160' title='bbox 845 2705 969 2780; x_wconf 89' lang='lat' dir='ltr'>Mirum</span> <span class='ocrx_word' id='word_1_161' title='bbox 991 2707 1026 2778; x_wconf 93' lang='lat' dir='ltr'>in</span> <span class='ocrx_word' id='word_1_162' title='bbox 1044 2719 1113 2780; x_wconf 86' lang='lat' dir='ltr'>tam</span> <span class='ocrx_word' id='word_1_163' title='bbox 1138 2712 1241 2801; x_wconf 80' lang='lat' dir='ltr'>longe</span> 
     </span>
     <span class='ocr_line' id='line_1_21' title="bbox 164 2830 1240 2928; baseline -0.001 -24"><span class='ocrx_word' id='word_1_164' title='bbox 164 2835 255 2906; x_wconf 89' lang='lat' dir='ltr'>natis</span> <span class='ocrx_word' id='word_1_165' title='bbox 279 2842 411 2928; x_wconf 89' lang='lat' dir='ltr'>quanta</span> <span class='ocrx_word' id='word_1_166' title='bbox 426 2833 585 2906; x_wconf 80' lang='lat' dir='ltr'>vicinitas</span> <span class='ocrx_word' id='word_1_167' title='bbox 606 2834 962 2926; x_wconf 85' lang='lat' dir='ltr'>animarnn1,quanta</span> <span class='ocrx_word' id='word_1_168' title='bbox 985 2832 1030 2904; x_wconf 91' lang='lat' dir='ltr'>sit</span> <span class='ocrx_word' id='word_1_169' title='bbox 1045 2830 1240 2904; x_wconf 88' lang='lat' dir='ltr'>ooninnotio</span> 
     </span>
     <span class='ocr_line' id='line_1_22' title="bbox 165 2954 1241 3048; baseline -0.002 -18"><span class='ocrx_word' id='word_1_170' title='bbox 165 2960 392 3042; x_wconf 87' lang='lat' dir='ltr'>voluntatum,</span> <span class='ocrx_word' id='word_1_171' title='bbox 414 2955 538 3048; x_wconf 82' lang='lat' dir='ltr'>viginti</span> <span class='ocrx_word' id='word_1_172' title='bbox 558 2955 628 3025; x_wconf 90' lang='lat' dir='ltr'>iam</span> <span class='ocrx_word' id='word_1_173' title='bbox 648 2979 740 3028; x_wconf 88' lang='lat' dir='ltr'>nune</span> <span class='ocrx_word' id='word_1_174' title='bbox 759 2976 929 3027; x_wconf 92' lang='lat' dir='ltr'>annorum</span> <span class='ocrx_word' id='word_1_175' title='bbox 950 2954 1147 3028; x_wconf 90' lang='lat' dir='ltr'>testimonio</span> <span class='ocrx_word' id='word_1_176' title='bbox 1161 2977 1241 3048; x_wconf 91' lang='lat' dir='ltr'>pro-</span> 
     </span>
     <span class='ocr_line' id='line_1_23' title="bbox 163 3078 1241 3170; baseline -0.006 -17"><span class='ocrx_word' id='word_1_177' title='bbox 163 3081 255 3155; x_wconf 88' lang='lat' dir='ltr'>bata.</span> <span class='ocrx_word' id='word_1_178' title='bbox 275 3082 409 3153; x_wconf 91' lang='lat' dir='ltr'>Nomen</span> <span class='ocrx_word' id='word_1_179' title='bbox 429 3079 490 3151; x_wconf 93' lang='lat' dir='ltr'>tibi</span> <span class='ocrx_word' id='word_1_180' title='bbox 511 3102 532 3151; x_wconf 91' lang='lat' dir='ltr'>a</span> <span class='ocrx_word' id='word_1_181' title='bbox 552 3079 725 3170; x_wconf 82' lang='lat' dir='ltr'>gravitate</span> <span class='ocrx_word' id='word_1_182' title='bbox 745 3099 880 3150; x_wconf 92' lang='lat' dir='ltr'>morum</span> <span class='ocrx_word' id='word_1_183' title='bbox 902 3100 944 3149; x_wconf 87' lang='lat' dir='ltr'>ao</span> <span class='ocrx_word' id='word_1_184' title='bbox 960 3078 1174 3150; x_wconf 85' lang='lat' dir='ltr'>iucunditate</span> <span class='ocrx_word' id='word_1_185' title='bbox 1188 3080 1241 3148; x_wconf 93' lang='lat' dir='ltr'>in-</span> 
     </span>
     <span class='ocr_line' id='line_1_24' title="bbox 165 3199 1242 3296; baseline -0.003 -21"><span class='ocrx_word' id='word_1_186' title='bbox 165 3205 309 3288; x_wconf 83' lang='lat' dir='ltr'>dictum,</span> <span class='ocrx_word' id='word_1_187' title='bbox 331 3223 481 3296; x_wconf 86' lang='lat' dir='ltr'>eumque</span> <span class='ocrx_word' id='word_1_188' title='bbox 494 3224 552 3273; x_wconf 91' lang='lat' dir='ltr'>ars</span> <span class='ocrx_word' id='word_1_189' title='bbox 567 3201 699 3274; x_wconf 89' lang='lat' dir='ltr'>musioa</span> <span class='ocrx_word' id='word_1_190' title='bbox 715 3201 750 3271; x_wconf 97' lang='lat' dir='ltr'>in</span> <span class='ocrx_word' id='word_1_191' title='bbox 767 3223 837 3296; x_wconf 91' lang='lat' dir='ltr'>qua</span> <span class='ocrx_word' id='word_1_192' title='bbox 851 3221 978 3293; x_wconf 82' lang='lat' dir='ltr'>regnas</span> <span class='ocrx_word' id='word_1_193' title='bbox 991 3199 1242 3272; x_wconf 84' lang='lat' dir='ltr'>Aristoxenum</span> 
     </span>
     <span class='ocr_line' id='line_1_25' title="bbox 167 3323 1240 3412; baseline -0.003 -13"><span class='ocrx_word' id='word_1_194' title='bbox 167 3328 234 3399; x_wconf 89' lang='lat' dir='ltr'>dioi</span> <span class='ocrx_word' id='word_1_195' title='bbox 251 3330 372 3412; x_wconf 89' lang='lat' dir='ltr'>vellet,</span> <span class='ocrx_word' id='word_1_196' title='bbox 394 3325 478 3398; x_wconf 88' lang='lat' dir='ltr'>vicit</span> <span class='ocrx_word' id='word_1_197' title='bbox 494 3323 658 3396; x_wconf 86' lang='lat' dir='ltr'>iudicium</span> <span class='ocrx_word' id='word_1_198' title='bbox 678 3325 867 3397; x_wconf 86' lang='lat' dir='ltr'>amicorum</span> <span class='ocrx_word' id='word_1_199' title='bbox 887 3333 926 3395; x_wconf 95' lang='lat' dir='ltr'>nt</span> <span class='ocrx_word' id='word_1_200' title='bbox 942 3333 1062 3396; x_wconf 88' lang='lat' dir='ltr'>noster</span> <span class='ocrx_word' id='word_1_201' title='bbox 1081 3325 1240 3396; x_wconf 85' lang='lat' dir='ltr'>Socrates</span> 
     </span>
     <span class='ocr_line' id='line_1_26' title="bbox 167 3447 1242 3541; baseline -0.007 -18"><span class='ocrx_word' id='word_1_202' title='bbox 167 3451 341 3523; x_wconf 88' lang='lat' dir='ltr'>dicereris.</span> <span class='ocrx_word' id='word_1_203' title='bbox 372 3451 456 3521; x_wconf 86' lang='lat' dir='ltr'>Haec</span> <span class='ocrx_word' id='word_1_204' title='bbox 480 3471 549 3522; x_wconf 96' lang='lat' dir='ltr'>non</span> <span class='ocrx_word' id='word_1_205' title='bbox 574 3449 636 3520; x_wconf 92' lang='lat' dir='ltr'>tihi</span> <span class='ocrx_word' id='word_1_206' title='bbox 663 3447 725 3520; x_wconf 90' lang='lat' dir='ltr'>sed</span> <span class='ocrx_word' id='word_1_207' title='bbox 754 3448 911 3519; x_wconf 92' lang='lat' dir='ltr'>mihimet</span> <span class='ocrx_word' id='word_1_208' title='bbox 935 3457 1040 3541; x_wconf 88' lang='lat' dir='ltr'>atque</span> <span class='ocrx_word' id='word_1_209' title='bbox 1065 3447 1142 3518; x_wconf 90' lang='lat' dir='ltr'>aliis</span> <span class='ocrx_word' id='word_1_210' title='bbox 1167 3467 1242 3516; x_wconf 86' lang='lat' dir='ltr'>me-</span> 
     </span>
    </p>
   </div>
   <div class='ocr_carea' id='block_1_3' title="bbox 165 3567 1354 3665">
    <p class='ocr_par' dir='ltr' id='par_1_3' title="bbox 165 3567 1354 3665">
     <span class='ocr_line' id='line_1_27' title="bbox 165 3567 1354 3665; baseline -0.007 -21"><span class='ocrx_word' id='word_1_211' title='bbox 165 3595 323 3646; x_wconf 89' lang='lat' dir='ltr'>morasse</span> <span class='ocrx_word' id='word_1_212' title='bbox 344 3581 482 3665; x_wconf 83' lang='lat' dir='ltr'>gratum</span> <span class='ocrx_word' id='word_1_213' title='bbox 502 3571 576 3641; x_wconf 87' lang='lat' dir='ltr'>fuit.</span> <span class='ocrx_word' id='word_1_214' title='bbox 596 3569 694 3642; x_wconf 89' lang='lat' dir='ltr'>Nunc</span> <span class='ocrx_word' id='word_1_215' title='bbox 717 3581 749 3642; x_wconf 89' lang='lat' dir='ltr'>te</span> <span class='ocrx_word' id='word_1_216' title='bbox 767 3569 851 3641; x_wconf 94' lang='lat' dir='ltr'>mihi</span> <span class='ocrx_word' id='word_1_217' title='bbox 872 3570 1013 3642; x_wconf 79' lang='lat' dir='ltr'>unicum</span> <span class='ocrx_word' id='word_1_218' title='bbox 1039 3570 1147 3639; x_wconf 89' lang='lat' dir='ltr'>ierme</span> <span class='ocrx_word' id='word_1_219' title='bbox 1172 3567 1240 3637; x_wconf 82' lang='lat' dir='ltr'>inm</span> <span class='ocrx_word' id='word_1_220' title='bbox 1352 3581 1354 3588; x_wconf 85' lang='lat'>&#39;</span> 
     </span>
    </p>
   </div>
   <div class='ocr_carea' id='block_1_4' title="bbox 165 3690 1242 4283">
    <p class='ocr_par' dir='ltr' id='par_1_4' title="bbox 165 3690 1242 4283">
     <span class='ocr_line' id='line_1_28' title="bbox 165 3690 1242 3775; baseline -0.004 -10"><span class='ocrx_word' id='word_1_221' title='bbox 165 3694 349 3768; x_wconf 87' lang='lat' dir='ltr'>laboriosae</span> <span class='ocrx_word' id='word_1_222' title='bbox 365 3695 449 3768; x_wconf 83' lang='lat' dir='ltr'>ritae</span> <span class='ocrx_word' id='word_1_223' title='bbox 470 3695 626 3767; x_wconf 90' lang='lat' dir='ltr'>solamen</span> <span class='ocrx_word' id='word_1_224' title='bbox 643 3716 684 3766; x_wconf 85' lang='lat' dir='ltr'>ao</span> <span class='ocrx_word' id='word_1_225' title='bbox 703 3696 862 3766; x_wconf 88' lang='lat' dir='ltr'>levamen</span> <span class='ocrx_word' id='word_1_226' title='bbox 882 3692 1001 3765; x_wconf 85' lang='lat' dir='ltr'>invida</span> <span class='ocrx_word' id='word_1_227' title='bbox 1024 3713 1110 3775; x_wconf 88' lang='lat' dir='ltr'>sors,</span> <span class='ocrx_word' id='word_1_228' title='bbox 1134 3690 1242 3761; x_wconf 87' lang='lat' dir='ltr'>inter-</span> 
     </span>
     <span class='ocr_line' id='line_1_29' title="bbox 165 3814 1240 3911; baseline 0.001 -24"><span class='ocrx_word' id='word_1_229' title='bbox 165 3818 263 3890; x_wconf 84' lang='lat' dir='ltr'>iectis</span> <span class='ocrx_word' id='word_1_230' title='bbox 291 3817 452 3911; x_wconf 84' lang='lat' dir='ltr'>Alpibus,</span> <span class='ocrx_word' id='word_1_231' title='bbox 480 3816 589 3889; x_wconf 90' lang='lat' dir='ltr'>tendit</span> <span class='ocrx_word' id='word_1_232' title='bbox 613 3817 761 3911; x_wconf 82' lang='lat' dir='ltr'>eripere3</span> <span class='ocrx_word' id='word_1_233' title='bbox 787 3815 882 3909; x_wconf 89' lang='lat' dir='ltr'>quod</span> <span class='ocrx_word' id='word_1_234' title='bbox 908 3816 938 3886; x_wconf 91' lang='lat' dir='ltr'>si</span> <span class='ocrx_word' id='word_1_235' title='bbox 963 3814 1112 3909; x_wconf 83' lang='lat' dir='ltr'>peragit,</span> <span class='ocrx_word' id='word_1_236' title='bbox 1144 3816 1240 3888; x_wconf 88' lang='lat' dir='ltr'>solus</span> 
     </span>
     <span class='ocr_line' id='line_1_30' title="bbox 167 3937 1240 4036; baseline -0.001 -24"><span class='ocrx_word' id='word_1_237' title='bbox 167 3963 255 4012; x_wconf 90' lang='lat' dir='ltr'>sum.</span> <span class='ocrx_word' id='word_1_238' title='bbox 276 3942 317 4014; x_wconf 90' lang='lat' dir='ltr'>ld</span> <span class='ocrx_word' id='word_1_239' title='bbox 336 3964 380 4012; x_wconf 90' lang='lat' dir='ltr'>ne</span> <span class='ocrx_word' id='word_1_240' title='bbox 396 3941 466 4036; x_wconf 92' lang='lat' dir='ltr'>pati</span> <span class='ocrx_word' id='word_1_241' title='bbox 484 3940 586 4026; x_wconf 84' lang='lat' dir='ltr'>velis,</span> <span class='ocrx_word' id='word_1_242' title='bbox 609 3963 672 4035; x_wconf 90' lang='lat' dir='ltr'>per</span> <span class='ocrx_word' id='word_1_243' title='bbox 688 3960 810 4013; x_wconf 91' lang='lat' dir='ltr'>omnes</span> <span class='ocrx_word' id='word_1_244' title='bbox 829 3949 863 4010; x_wconf 90' lang='lat' dir='ltr'>te</span> <span class='ocrx_word' id='word_1_245' title='bbox 884 3937 1056 4010; x_wconf 86' lang='lat' dir='ltr'>coelioolas</span> <span class='ocrx_word' id='word_1_246' title='bbox 1076 3937 1240 4025; x_wconf 87' lang='lat' dir='ltr'>obtestor,</span> 
     </span>
     <span class='ocr_line' id='line_1_31' title="bbox 166 4061 1240 4158; baseline -0.002 -22"><span class='ocrx_word' id='word_1_247' title='bbox 166 4065 320 4158; x_wconf 89' lang='lat' dir='ltr'>mihique</span> <span class='ocrx_word' id='word_1_248' title='bbox 352 4064 417 4136; x_wconf 90' lang='lat' dir='ltr'>hoo</span> <span class='ocrx_word' id='word_1_249' title='bbox 450 4073 558 4136; x_wconf 87' lang='lat' dir='ltr'>totum</span> <span class='ocrx_word' id='word_1_250' title='bbox 588 4063 691 4136; x_wconf 88' lang='lat' dir='ltr'>animi</span> <span class='ocrx_word' id='word_1_251' title='bbox 724 4063 774 4134; x_wconf 92' lang='lat' dir='ltr'>tui</span> <span class='ocrx_word' id='word_1_252' title='bbox 809 4081 956 4134; x_wconf 84' lang='lat' dir='ltr'>acumen</span> <span class='ocrx_word' id='word_1_253' title='bbox 989 4069 1029 4132; x_wconf 92' lang='lat' dir='ltr'>ut</span> <span class='ocrx_word' id='word_1_254' title='bbox 1059 4061 1240 4157; x_wconf 88' lang='lat' dir='ltr'>expendas</span> 
     </span>
     <span class='ocr_line' id='line_1_32' title="bbox 166 4162 1242 4283; baseline -0.003 -23"><span class='ocrx_word' id='word_1_255' title='bbox 166 4207 297 4283; x_wconf 84' lang='lat' dir='ltr'>quaeso.</span> <span class='ocrx_word' id='word_1_256' title='bbox 320 4186 429 4262; x_wconf 89' lang='lat' dir='ltr'>Nimis</span> <span class='ocrx_word' id='word_1_257' title='bbox 453 4185 628 4282; x_wconf 92' lang='lat' dir='ltr'>equidem,</span> <span class='ocrx_word' id='word_1_258' title='bbox 661 4162 725 4260; x_wconf 88' lang='lat' dir='ltr'>seu</span> <span class='ocrx_word' id='word_1_259' title='bbox 749 4187 918 4273; x_wconf 84' lang='lat' dir='ltr'>locorum,</span> <span class='ocrx_word' id='word_1_260' title='bbox 952 4207 1015 4262; x_wconf 89' lang='lat' dir='ltr'>seu</span> <span class='ocrx_word' id='word_1_261' title='bbox 1049 4195 1242 4282; x_wconf 87' lang='lat' dir='ltr'>temporum</span> 
     </span>
    </p>
   </div>
   <div class='ocr_carea' id='block_1_5' title="bbox 0 0 1511 4794">
    <p class='ocr_par' dir='ltr' id='par_1_5' title="bbox 0 0 1511 4794">
     <span class='ocr_line' id='line_1_33' title="bbox 0 0 1511 4794; baseline 0 0"><span class='ocrx_word' id='word_1_262' title='bbox 0 0 1511 4794; x_wconf 95' lang='lat' dir='ltr'> </span> 
     </span>
    </p>
   </div>
  </div>
 </body>
</html>
