2958 4804
345 373 437 422 nrnsn
459 372 751 432 oulnrusnncmus
765 361 967 427 -trrsrom
988 380 1008 427 1.
1153 365 1211 430 ibt

134 505 296 580 omnibus
330 508 396 580 ista
427 510 676 602 contingerent.
711 513 798 598 Quae
828 523 942 586 autem
964 514 1003 584 in
1030 514 1105 609 ipsa
1130 517 1212 588 vitae

134 631 237 704 ianua
263 640 359 718 sunt,
389 633 468 705 licet
493 633 667 708 interdum
695 636 809 729 aliqua
829 659 873 708 cx
895 646 993 730 parte
1018 639 1126 710 solius
1150 639 1213 710 Dei

134 777 277 828 munere
308 756 537 840 declinentur,
566 758 802 830 indifferenter
827 770 940 831 tamen
972 772 1053 832 sunt
1078 751 1213 834 obiecta

134 879 368 950 nascentibus.
396 879 565 964 Quaenam
586 903 672 952 vero
696 879 763 953 ista
789 892 884 966 sunt,
911 883 1134 975 interrogas?
1159 882 1213 954 di-

134 1021 260 1090 gnare,
295 1022 357 1074 oro
390 1009 442 1086 tc,
475 1001 659 1094 Virgilium
697 1013 777 1074 ante
810 1005 928 1076 ooulos
961 1013 1040 1076 tuos
1076 1005 1210 1090 venire,

135 1123 193 1215 qui
212 1124 412 1197 Iuvenalem
432 1125 501 1196 iam
519 1136 597 1198 aute
615 1126 780 1218 diguatus
794 1147 844 1200 es,
866 1125 943 1198 Etsi
962 1126 1053 1198 enim
1071 1136 1213 1219 propter

135 1243 405 1318 innumerabiles
429 1258 465 1318 ct
485 1247 672 1320 altissimas
699 1249 943 1344 occupationes
971 1259 1048 1322 tuas
1077 1248 1138 1320 tibi
1161 1251 1213 1320 la-

135 1366 276 1440 miliaris
290 1391 371 1442 esse
384 1371 590 1465 nequiverit,
607 1393 756 1464 magnus
770 1383 886 1444 tamen
901 1373 955 1444 vir
970 1372 1142 1464 Virgilius,
1158 1374 1210 1444 in·

134 1490 236 1581 genio
267 1492 359 1564 inter
390 1493 532 1588 primos,
557 1493 640 1565 nulli
667 1494 844 1576 secundus
867 1494 1019 1588 cloquio,
1045 1504 1080 1566 et
1105 1517 1211 1588 quem

134 1613 163 1684 si
175 1613 660 1710 degustarecoepcris,lorsan
673 1615 853 1688 dulcedine
866 1617 1012 1712 capiaris
1022 1616 1212 1711 doleasque

133 1758 200 1808 non
218 1747 299 1809 ante
318 1737 378 1810 tibi
395 1738 583 1831 cognitum.
603 1729 647 1810 Et
663 1738 755 1831 quis,
776 1761 845 1824 orn,
863 1740 986 1812 melius
1005 1739 1210 1812 sententiam

134 1857 224 1930 hanc
255 1861 331 1932 aliis
364 1862 482 1934 verbis
507 1861 744 1955 expresserit?
776 1862 836 1936 llle
872 1861 932 1934 tibi
957 1884 1043 1955 ergo
1068 1885 1212 1958 respon·

134 1978 191 2052 det
210 1981 267 2056 his
287 1983 467 2056 versibus:

251 2153 442 2219 Vestibulum
458 2162 526 2218 ante
544 2153 659 2234 ipsum,
678 2153 848 2234 primisque
865 2155 896 2216 in
917 2153 1054 2217 laucibus
1071 2153 1142 2218 Orci

249 2259 378 2336 Luctus,
396 2268 426 2323 ct
444 2260 566 2324 ultrices
582 2276 714 2340 posuere
730 2259 841 2322 cubilia
858 2258 966 2335 Gurae3

249 2364 456 2446 Pallentesque
470 2365 604 2430 habitant
620 2365 729 2442 Morbi,
748 2362 905 2442 tristisque
921 2364 1081 2440 Senectus,

252 2471 289 2534 Et
306 2470 401 2534 Metus
419 2477 449 2536 et
465 2471 636 2536 malesuada
653 2471 760 2534 Fames
777 2475 806 2534 ct
823 2469 921 2550 turpis
938 2471 1061 2546 Egestas
1070 2491 1081 2546 ;

253 2575 416 2640 Terribiles
433 2576 502 2639 visu
520 2577 642 2652 lormae,
661 2575 846 2658 Letumque,
865 2574 1039 2653 labosque:

252 2681 330 2743 Tum
346 2680 589 2762 consanguineus
606 2681 670 2746 Leti
688 2680 800 2760 Sopor,
819 2684 847 2742 et
865 2678 943 2741 mala
960 2679 1071 2742 mentis

252 2785 378 2863 Gaudia,
396 2787 653 2866 mortiferumque
669 2787 798 2848 adverso
816 2785 847 2846 in
865 2783 969 2846 limine
985 2779 1132 2848 Bellum.¹

132 2967 260 3052 Sentis,
292 2970 394 3040 Pater
419 2969 557 3066 inclyte,
582 2991 687 3062 quam
719 2966 845 3038 durum
870 2947 1082 3062 'quantisque
1107 2970 1209 3042 malis

133 3092 318 3166 obsessum
345 3094 410 3164 iter
435 3093 586 3186 ingressi
614 3113 752 3176 sumus,
775 3101 811 3162 et
833 3115 939 3184 quam
964 3089 1210 3164 inexorabilem

131 3215 320 3289 difficilium
347 3238 463 3288 rerum
488 3215 624 3288 turbam
656 3212 795 3286 obviam
822 3213 994 3285 habemus
1019 3213 1054 3284 in
1080 3213 1208 3288 limine.

131 3339 222 3410 Nihil
242 3339 387 3411 divitem
408 3321 528 3411 natum
548 3359 628 3436 csse
650 3337 838 3432 profuerit:
859 3337 944 3406 nihil
964 3336 1132 3428 proluerit
1156 3359 1212 3407 re-

132 3483 212 3553 gem
232 3462 351 3534 nasci:
373 3461 474 3534 etiam
500 3459 631 3533 divitiis
656 3460 852 3552 ingentibus
876 3465 1063 3553 paupertas
1092 3460 1209 3532 ultima

133 3585 300 3669 succedit,
316 3595 350 3656 ct
368 3606 475 3680 saepe,
495 3585 589 3677 quod
610 3569 664 3655 ait
676 3583 873 3665 Psalmista,
889 3581 1015 3653 divites
1036 3590 1209 3672 eguerunt

132 3718 167 3779 et
186 3707 405 3779 esurierunt:
427 3708 531 3778 etiam
552 3726 745 3800 purpureos
767 3703 935 3776 thalamos
956 3704 1069 3772 luctus
1090 3701 1209 3792 ingre-

132 3829 236 3916 ditur,
259 3830 365 3902 etiam
386 3830 420 3900 in
445 3851 543 3902 arces
571 3826 822 3900 munitissimas
843 3846 941 3910 cura,
968 3835 1095 3909 metus,
1118 3845 1210 3893 mor-

134 3951 217 4038 bus,
252 3951 350 4024 labor
385 3951 621 4025 adscendunt:
651 3949 755 4020 etiam
789 3946 1070 4039 opulentissimos
1104 3967 1207 4038 reges

135 4074 220 4148 bella
240 4075 463 4148 concutiunt:
482 4074 583 4148 etiam
601 4068 877 4165 vigilantissimis
895 4068 1020 4144 animis
1040 4071 1074 4141 in
1094 4068 1209 4142 medio

224 4234 233 4266 ⁴
248 4230 335 4295 ungu.
350 4229 502 4282 11111111.
