3002 4794
267 333 306 408 al
609 347 651 394 nn
668 347 769 396 annus
790 349 1014 398 ruminemus

272 495 287 529 a
316 488 392 537 mas
429 468 649 560 amplectere,
691 469 992 562 reformandaeque
1026 467 1240 560 Reipublicae
1271 491 1349 562 pro-

272 618 287 652 »
315 589 482 682 positum,
514 589 609 680 quod
636 611 716 659 mea
747 613 843 660 mors
874 591 1006 662 mundo
1034 612 1139 682 quam
1170 589 1257 660 mihi
1288 589 1348 660 da·

271 739 286 772 a
316 711 470 781 mnosior
494 699 685 801 praevertit,
711 723 748 782 et
771 713 982 783 inefficacem
1011 711 1117 782 animi
1142 713 1210 781 mei
1235 713 1348 782 zelum

271 860 286 896 a
315 833 390 927 pari
410 831 534 902 ardore
554 854 789 925 prosequere;
811 834 875 904 sed
893 835 1038 917 feliciae,
1059 833 1125 904 sed
1143 833 1269 903 laetius.
1295 833 1350 901 ln-

272 984 287 1017 »
315 955 401 1048 cipe,
414 977 458 1024 ne
474 953 642 1039 moriaris
661 966 698 1024 et
714 957 824 1026 nostri
842 977 985 1038 memor,
1004 956 1091 1026 scito
1108 964 1144 1025 te
1160 977 1242 1024 esse
1258 977 1350 1024 mor-

271 1105 286 1138 »
317 1076 452 1146 taleml
465 1077 558 1146 celer
570 1087 606 1146 et
618 1077 844 1167 gaudentium
857 1076 996 1168 Alpium
1009 1080 1160 1147 claustra
1174 1088 1351 1146 transcen-

272 1226 288 1262 »
315 1196 371 1266 de.
398 1197 509 1268 Roma
541 1219 727 1290 sponsum,
757 1198 1000 1291 sospitatorem
1028 1221 1130 1268 suum
1156 1209 1259 1269 vocat
1284 1199 1351 1267 lta-

273 1348 288 1384 »
316 1319 370 1403 lia,
391 1329 427 1390 et
452 1319 520 1390 tuis
553 1320 702 1413 pedibus
735 1321 828 1411 tangi
857 1320 963 1412 cupit.
994 1323 1192 1414 Expectant
1224 1331 1257 1391 te
1280 1320 1351 1390 laeti

272 1470 288 1505 n
316 1443 421 1515 colles
448 1465 489 1514 ac
513 1442 664 1526 flumina,
685 1450 874 1536 expectant
894 1443 1000 1512 urbes
1020 1453 1056 1512 et
1079 1441 1221 1536 oppida,
1242 1463 1352 1534 expe·

272 1593 287 1628 r
317 1574 412 1636 ctant
425 1564 594 1637 bonorum
614 1565 769 1656 agmina:
786 1573 823 1635 et
840 1566 870 1634 si
889 1575 922 1636 te
937 1565 986 1634 nil
1002 1564 1095 1636 aliud
1113 1574 1265 1656 urgeret,
1283 1564 1352 1634 nisi

273 1715 289 1750 r
317 1686 412 1780 quod
424 1687 524 1757 malis
542 1709 720 1779 nunquam
739 1686 825 1757 satis
842 1687 1033 1770 distulisse,
1051 1685 1153 1758 bonis
1173 1708 1351 1778 nunqnam

274 1837 288 1872 a
315 1809 420 1878 nimis
439 1809 623 1879 festinasse
644 1808 831 1893 videberis,
852 1819 907 1880 sat
918 1829 1037 1880 causae
1050 1818 1115 1891 est,
1134 1819 1172 1878 ut
1191 1808 1247 1878 his
1265 1832 1352 1900 gau-

274 1957 288 1992 »
316 1931 428 2015 dium,
455 1929 522 2001 illis
546 1951 687 2024 poenam
709 1933 773 2012 vel,
798 1931 827 2002 si
848 1930 1053 2024 resipiscere
1075 1930 1268 2015 maluerint,
1289 1954 1353 2003 ve-

273 2081 289 2116 »
317 2053 410 2122 niam
437 2054 571 2123 laturus
596 2053 781 2123 acceleres,
808 2054 910 2123 Solus
934 2075 973 2122 es
993 2051 1049 2122 cui
1069 2054 1164 2123 Deus
1189 2052 1353 2146 Omnipo-

274 2204 290 2239 a
318 2184 396 2245 tens
421 2173 603 2268 interrupti
627 2175 762 2247 consilii
794 2175 863 2246 mei
895 2174 1037 2246 dilatam
1067 2174 1212 2266 gloriam
1239 2196 1353 2246 rescr-

275 2325 290 2361 t
319 2296 427 2369 Vavll.
454 2323 469 2362 o

697 2665 877 2730 EPISTULA
895 2667 927 2730 ll.

427 2853 620 2903 FRANCISCUS
641 2853 811 2903 Parauaea
833 2853 969 2902 socam
991 2853 1050 2902 SUO
1072 2853 1098 2900 S.
1120 2853 1148 2901 P.
1169 2853 1199 2900 D.
1248 2828 1252 2836 Ι
1305 2849 1311 2857 “

269 3008 351 3078 AEgre
366 3024 395 3074 se
410 3007 484 3062 serre
499 3008 573 3080 quod
588 3009 695 3064 nullam
711 3009 745 3064 de
758 3009 915 3064 valetudine
934 3010 993 3065 eius
1012 3010 1138 3064 notitiam
1156 3007 1255 3062 habeat
1271 3007 1310 3062 ita
1324 3012 1356 3062 ut

340 3100 367 3150 et
381 3095 416 3150 de
430 3097 490 3151 eius
508 3098 564 3152 vita
582 3098 709 3155 dubitare
727 3105 850 3171 cogatur.
870 3100 953 3154 Mittit
971 3099 1005 3154 ad
1024 3116 1090 3154 eum
1107 3097 1212 3154 litteras
1231 3095 1355 3152 Gerardo

342 3183 422 3238 fratri
437 3186 604 3242 reddendas.

368 3399 569 3472 Amicorum
589 3402 716 3494 pavida
735 3423 874 3497 semper
894 3402 1053 3474 absentia
1073 3409 1146 3472 est:
1172 3399 1354 3470 fastidiosa

270 3523 479 3614 praesensio:
500 3522 640 3594 levibus
660 3523 878 3608 offendimur,
906 3523 1085 3596 levissima
1110 3503 1354 3600 lormidamns;

270 3657 375 3741 atque
395 3645 527 3716 utinam
548 3666 615 3735 ego
635 3667 727 3716 nunc
751 3665 821 3715 non
841 3645 945 3730 levia,
969 3644 1032 3716 sed
1052 3646 1139 3714 falsa
1159 3643 1354 3714 formidem.

269 3769 392 3841 Fateor
415 3769 508 3839 enim
535 3788 590 3836 me
624 3765 770 3838 devita
802 3776 859 3837 tua
892 3767 927 3837 in
960 3765 1098 3838 caeteris
1133 3761 1355 3856 opinionibus

270 3889 494 3962 fluctuantem
528 3889 680 3983 peiorem
706 3888 740 3958 in
765 3896 899 3981 partem
925 3889 1114 3961 reclinare:
1141 3904 1355 3979 quamquam

270 4011 355 4102 quid
376 4012 499 4083 melius
519 4021 555 4082 et
575 4011 659 4105 quid
679 4010 780 4104 peius
801 4009 931 4081 homini
952 4012 1045 4081 Deus
1071 4005 1298 4088 solusnovit,
1322 4016 1357 4075 et

272 4130 387 4200 nullus
409 4129 547 4202 omnino
568 4131 748 4204 hominum
773 4131 984 4215 mortalium,
1011 4130 1069 4222 qui
1096 4127 1250 4222 peiorem
1277 4149 1357 4219 par-
