2958 4804
238 341 297 406 298
575 356 616 404 ou
637 355 738 405 aucus
757 354 981 404 rrurumamus

237 509 319 582 quae
340 489 446 562 urbes
467 489 512 562 ab
532 489 693 562 hostibus
714 489 855 562 inviotae
872 490 990 564 latenti
1008 511 1088 563 sese
1105 490 1186 564 odio
1202 491 1314 585 perdi-

238 610 375 683 derunt.
397 611 442 684 At
462 612 496 682 in
524 635 562 684 re
589 611 769 684 notissima
793 621 890 684 ratus
919 635 998 687 sum
1032 635 1140 706 pauca
1160 615 1310 707 quidem,

239 734 302 806 sed
322 735 477 806 omniurn
497 736 691 808 clarissima
711 738 873 829 exempla
891 737 1063 822 sufficere,
1082 739 1176 831 quod
1193 738 1238 811 ad
1254 762 1313 812 ve·

239 865 402 930 tustatem
425 857 559 941 attinet;
581 857 695 932 aetatis
727 858 819 930 euim
853 870 982 932 nostrae
1009 863 1140 932 nullum
1168 884 1312 956 usquam

238 1003 342 1077 quam
364 981 459 1075 apud
477 980 655 1074 vosipsos
672 984 873 1076 exemplum
890 982 1018 1054 clarius
1035 983 1185 1055 invenio.
1207 986 1314 1057 Revo-

237 1114 313 1177 cate
335 1105 441 1196 igitur
460 1103 505 1174 ad
525 1103 726 1176 memoriam
749 1114 886 1200 tempus
907 1103 994 1177 ittud
1013 1126 1084 1197 quo
1103 1105 1193 1178 inter
1209 1128 1315 1200 popu-

238 1230 290 1299 los
310 1227 419 1297 ltatiae
439 1224 626 1296 felicissimi
647 1226 802 1296 omnium
835 1225 962 1298 fuistis.
994 1227 1110 1298 inians
1143 1249 1212 1320 ego
1235 1239 1315 1300 tunc

238 1373 349 1433 eram,
373 1357 408 1420 ct
426 1348 488 1419 vix
506 1347 655 1420 velutin
673 1348 817 1420 somniis
834 1347 913 1420 visa
930 1349 1160 1433 commemini,
1178 1351 1316 1443 quando

238 1473 337 1546 sinus
358 1472 414 1544 ilte
436 1471 546 1546 'vostri
567 1472 706 1559 titteris,
729 1473 845 1566 quiet
866 1472 950 1544 solis
977 1482 1092 1544 ortum
1118 1472 1261 1565 respicit
1281 1483 1315 1544 et

236 1616 413 1681 occasum,
437 1617 506 1668 non
526 1606 664 1667 terrena
683 1594 746 1667 sed
763 1594 915 1681 coelestis
932 1594 1100 1668 habitatio
1117 1595 1314 1680 videbatur,

239 1730 274 1790 et
293 1721 431 1811 qualem
453 1719 546 1812 apud
567 1717 706 1814 Elysios
724 1739 866 1811 campos
884 1730 1077 1791 memorant
1093 1728 1223 1814 poeta:
1240 1720 1318 1812 iuga

238 1841 376 1913 collium
397 1842 545 1912 amoenis
567 1840 765 1912 tramitibus
785 1840 1011 1936 virentesque
1027 1844 1213 1926 convalles,
1232 1841 1317 1914 etin

238 1963 454 2036 convallibus
475 1964 592 2036 felices
613 1965 749 2038 animae.
772 1963 858 2047 Quis
879 1987 949 2037 non
973 1987 1020 2036 ex
1044 1966 1114 2036 aito
1138 1974 1255 2036 turres
1279 1985 1318 2034 ac

238 2087 364 2178 putatia
384 2086 588 2172 mirabatur,
612 2098 716 2182 atque
737 2098 812 2161 arte
832 2079 1061 2184 perdomitam
1081 2097 1255 2172 naturam,
1274 2087 1318 2158 ri-

238 2209 339 2301 gidos
359 2212 466 2282 colles
491 2212 597 2283 cedro
622 2211 832 2305 Bromioque
856 2220 961 2303 atque
986 2212 1063 2282 olea
1088 2209 1259 2296 vestitos,
1285 2220 1319 2283 ct

239 2329 307 2403 sub
327 2333 407 2404 altis
427 2334 573 2428 rupibus
595 2334 692 2406 mdes
713 2355 928 2406 marmoreas
949 2333 1051 2404 nullis
1074 2333 1247 2407 secundas
1264 2354 1318 2406 re-

239 2453 322 2545 giis,
345 2455 449 2527 nuliis
470 2456 615 2528 urbibus
637 2479 704 2529 uon
726 2456 920 2552 optandas?
938 2455 1024 2541 Quis
1050 2477 1119 2527 non
1141 2456 1318 2549 spectabat

239 2575 406 2648 attonitus
424 2578 566 2650 latibula
583 2579 640 2650 illa
657 2578 851 2663 laetissima,
871 2578 930 2650 ubi
949 2579 1037 2651 inter
1055 2581 1216 2674 scopulos
1234 2579 1319 2650 atria

240 2698 372 2772 auratis
387 2701 544 2773 trabibus
564 2702 716 2786 stabant,
731 2711 767 2774 et
779 2702 953 2796 aequoreis
972 2700 1129 2772 sonantia
1147 2700 1316 2784 fluctibus

238 2833 275 2896 et
296 2831 504 2920 tempestate
525 2828 689 2910 rorantia,
712 2847 793 2918 quae
812 2823 928 2919 specie
946 2844 1011 2896 sua
1027 2824 1266 2916 navigantium
1284 2823 1318 2892 in

168 3029 170 3034 ¹
241 2968 280 3017 se
294 2969 354 3019 ora
367 2957 626 3032 converterent,
642 2947 857 3052 oblitumque
870 2947 957 3018 remi
975 2954 1115 3018 nautam
1134 2946 1318 3040 spectaculi

241 3068 395 3141 novitate
416 3070 693 3161 suspenderent?
712 3068 758 3141 At
782 3069 812 3142 si
840 3079 931 3141 terra
957 3068 1021 3140 iter
1047 3089 1186 3160 ageres
1214 3089 1318 3160 quam

241 3211 310 3262 non
333 3199 453 3284 stupor
478 3192 583 3262 animi
609 3194 786 3266 maximus
811 3191 964 3264 habebat
989 3189 1262 3283 augustissimos
1287 3199 1320 3262 et

241 3317 427 3407 plusquam
453 3315 626 3387 humanos
661 3317 815 3387 virorum
849 3324 1154 3408 matronarumque
1180 3311 1318 3384 habitus

211 3447 454 3521 ·cernentem;
476 3437 555 3529 quis
575 3459 645 3510 non
667 3439 780 3511 viator
800 3437 916 3510 medio
935 3438 1022 3509 calle
1043 3435 1213 3530 torpebat,
1232 3457 1319 3506 nun-

240 3583 346 3653 quam
366 3560 465 3632 viaas
486 3560 520 3630 iu
542 3559 687 3632 urbibus
708 3561 850 3634 delicias
868 3561 957 3632 inter
979 3560 1147 3632 silvarum
1168 3557 1319 3628 latebras

240 3695 276 3755 et
296 3682 528 3756 remotissima
550 3701 631 3755 rura
652 3684 893 3779 conspiciens?
912 3685 1070 3777 Denique
1089 3704 1169 3753 cum
1195 3681 1240 3754 ad
1262 3703 1319 3752 ur-

241 3807 319 3878 bem
343 3815 486 3878 ventum
506 3816 596 3891 erat,
619 3826 702 3878 vere
724 3807 858 3898 Regum
878 3805 1015 3890 urbem,
1035 3802 1130 3898 quod
1145 3803 1190 3876 de
1212 3804 1320 3874 Roma

239 3929 460 4016 dictumest,
482 3941 518 4002 et
538 3929 710 4002 felicitatis
733 3931 899 4022 templum
921 3927 1123 4021 laetitiaeque
1144 3927 1249 3997 limen
1270 3926 1322 3995 in-

241 4061 355 4124 trasse
381 4062 414 4124 te
440 4052 613 4124 crederes.
637 4052 713 4125 Non
736 4054 845 4124 multo
875 4062 954 4124 ante
987 4049 1023 4122 id
1055 4061 1192 4144 tempus
1217 4047 1319 4118 victis

240 4170 389 4263 primum
412 4194 540 4264 magno
566 4173 684 4267 praelio
709 4173 859 4254 Pisanis,
896 4168 1096 4242 habueratis
1123 4191 1171 4242 ex
1200 4166 1319 4240 ordine
