3062 4798
387 367 478 416 cruna
500 367 1017 419 surrruusuncruos.-nrrsrona
1039 371 1082 418 nr.
1212 358 1271 420 tau

193 503 296 575 stidia
318 501 466 575 nobilem
488 505 639 575 animum
661 504 815 595 fatigent,
835 505 923 576 adeo
941 514 979 575 ut
999 525 1100 578 nemo
1118 515 1187 578 tam
1202 510 1270 578 lor·

194 633 353 706 tanatos,
375 647 477 696 nemo
504 635 573 696 tam
595 627 743 718 cupidus
769 627 852 697 vitae
874 626 938 710 sit,
966 629 1025 719 qui
1047 629 1076 700 si
1096 630 1271 722 patientiae

192 750 339 819 fraenum
353 748 456 831 desit,
476 771 544 820 non
562 757 598 818 et
618 750 700 821 vitae
721 748 800 820 odio
819 759 854 820 et
874 749 995 820 mortis
1016 749 1189 822 interdum
1208 753 1271 823 de-

193 869 320 942 siderio
343 879 512 941 teneatur.
535 870 630 942 Sicut
649 881 765 941 autem
788 872 822 942 in
849 872 1052 944 terrisesse
1078 873 1270 965 pessimum

191 1000 258 1077 est,
279 993 329 1064 sic
346 994 390 1064 ad
403 997 528 1065 coelum
550 992 715 1066 scandere
733 993 800 1064 sub
820 1004 1035 1066 terrenorum
1056 994 1268 1088 piaculorum

191 1118 284 1188 fasce
304 1116 455 1202 dillioile,
478 1126 513 1187 et
535 1115 623 1187 sicut
648 1117 729 1188 binc
753 1116 848 1188 abire
876 1127 1000 1212 suopte
1020 1117 1163 1189 arbitrio
1186 1119 1271 1190 veti-

193 1248 275 1323 tum,
298 1239 348 1310 sic
362 1260 475 1332 neque
488 1237 544 1310 hic
560 1247 679 1312 contra
698 1239 887 1334 superioris
900 1240 1083 1334 imperium
1098 1251 1271 1312 momento

191 1360 355 1453 temporis
375 1382 456 1432 esse
477 1361 566 1432 lieet.
589 1363 639 1433 lta
664 1382 873 1455 quocunque
894 1372 927 1434 te
947 1364 1097 1436 verteris
1122 1363 1270 1436 difficilia

184 1483 305 1554 omnia
319 1493 354 1555 et
365 1507 489 1578 aspera
502 1492 538 1555 et
550 1485 778 1557 intractabilia
789 1493 823 1555 et
836 1485 974 1558 misera.
984 1486 1146 1559 Attamen
1159 1509 1271 1581 quarr-

191 1615 224 1676 la
244 1606 402 1679 coecitas!
425 1608 492 1680 etsi
517 1607 689 1679 adversus
710 1608 794 1678 vitae
822 1609 924 1680 taedla
946 1631 1041 1702 saepe
1066 1611 1188 1682 mortis
1210 1633 1268 1682 au·

188 1728 312 1800 xillum
335 1729 575 1822 imploremus,
599 1740 714 1802 tamen
734 1731 868 1803 cunctis
892 1732 1077 1818 excussis,
1105 1753 1169 1804 seu
1189 1754 1270 1804 con-

132 1855 139 1870 '
190 1851 346 1923 scientiae
373 1861 487 1924 metus
518 1864 594 1938 est,
626 1875 689 1925 seu
722 1855 940 1946 voluptatum
974 1853 1170 1940 illecebrae,
1206 1877 1270 1926 seu

192 1973 319 2044 insitus
334 1971 458 2044 horror
474 1975 610 2059 mortis,
625 1974 672 2044 nil
682 1979 794 2066 magis
811 1976 972 2068 cupimus
985 1999 1089 2069 quam
1104 1978 1160 2048 hic
1176 1997 1268 2047 esse.

136 2093 140 2100 ’
188 2095 379 2187 Cupiamus
405 2116 467 2167 oro
487 2093 556 2167 iam
579 2096 718 2168 tandem
738 2118 819 2166 esse
840 2096 937 2180 alibi,
964 2107 1000 2167 ot
1020 2097 1181 2188 quamvis
1203 2099 1268 2183 rei,

187 2216 251 2290 Dei
272 2215 508 2290 misericordia
524 2216 658 2301 confisi,
676 2213 855 2310 cupiamus
869 2217 1056 2310 aliquando
1068 2217 1215 2289 dissolvi
1235 2227 1271 2290 et

188 2361 269 2413 esse
295 2363 373 2411 cum
395 2340 548 2412 Christo:
577 2340 640 2412 sed
665 2340 747 2411 dum
774 2348 891 2433 optata
915 2349 1010 2412 certe
1035 2341 1093 2411 vel
1119 2341 1270 2432 optanda

188 2463 285 2534 venit
298 2463 385 2548 dies,
401 2463 576 2536 mentibus
598 2483 721 2556 precor
741 2462 777 2533 in
797 2462 898 2547 coelo,
920 2461 1125 2555 corporibus
1148 2463 1202 2534 bic
1223 2464 1270 2535 si-

188 2607 279 2670 mus,
304 2585 419 2658 sobrie
438 2585 608 2679 patienter
628 2586 816 2670 humiliter,
832 2593 867 2656 et
881 2584 1098 2678 iniquitatem
1115 2587 1269 2664 locorum

188 2711 351 2802 aequitate
372 2709 475 2783 animi
497 2710 705 2782 molliamus.
932 2785 934 2792 ,
1138 2685 1140 2694 ’

310 2833 386 2923 Ego
415 2841 449 2902 te
478 2830 617 2923 quidem
645 2831 679 2902 in
700 2832 812 2924 ltalia,
839 2833 946 2904 Deum
976 2839 1100 2916 testor,
1132 2852 1269 2903 summo

188 2954 363 3025 desiderio
389 2954 632 3048 praestolabar,
660 2977 847 3048 morasque
873 2967 950 3027 tuas
983 2954 1143 3039 oderam,
1174 2952 1269 3046 quod

188 3077 283 3170 prius
309 3077 466 3145 autumni
491 3079 676 3172 temperies
706 3099 811 3172 quam
843 3078 1016 3150 adventus
1043 3078 1091 3150 tui
1126 3077 1269 3149 nuntius

187 3198 341 3270 adesset.
354 3198 580 3291 Peperceram
598 3200 703 3278 onim,
723 3200 793 3274 imo
806 3202 971 3271 misertus
988 3223 1082 3272 eram
1105 3199 1166 3270 tibi
1183 3200 1266 3271 dum

187 3327 310 3392 aestate
336 3318 449 3390 media
475 3339 608 3408 regrum
637 3329 670 3389 te
687 3328 767 3411 post
784 3332 882 3410 terga
899 3321 1141 3411 relinquerem,
1156 3341 1268 3411 neque

188 3442 233 3513 ab
265 3441 427 3513 incolumi
459 3441 658 3530 exegissem
691 3443 847 3511 utnulla
881 3448 1027 3530 urgente
1059 3440 1298 3511 necessitate·

187 3563 360 3637 Phoebeis
382 3571 486 3656 caput
510 3562 693 3634 ardoribus
720 3560 929 3645 obiectares,
962 3560 1122 3651 interque
1147 3560 1268 3632 Cancri

187 3687 320 3760 rabiem
338 3709 378 3758 ac
398 3686 524 3759 Leonis
545 3684 744 3758 delicatiore
765 3686 972 3778 corpusculo
994 3684 1172 3776 pulverem
1196 3705 1268 3754 me-

188 3833 266 3882 cum
289 3809 486 3902 susciperes
513 3831 555 3881 ac
576 3810 753 3894 sudorem,
782 3807 825 3881 ad
850 3829 938 3899 quos
965 3829 1031 3900 ogo
1057 3807 1174 3880 nescio
1198 3829 1267 3899 qua

189 3933 281 4004 fatali
299 3932 361 4003 sed
381 3933 504 4004 inermi
526 3934 646 4005 militia
666 3941 770 4004 natus
797 3953 885 4002 sum.
913 3932 999 4002 Cum
1020 3953 1106 4003 vero
1126 3932 1193 4002 iam
1216 3933 1268 4000 sol

189 4054 385 4126 transiisset
403 4056 437 4124 in
450 4055 637 4147 Virginem,
653 4057 860 4147 Libramque
874 4056 1097 4148 conspiceret,
1117 4053 1268 4125 mirabar

188 4180 350 4269 quaenam
369 4179 435 4252 ista
453 4178 635 4272 segnities,
657 4187 692 4253 et
712 4178 949 4254 amoenissima
970 4179 1077 4252 ltaliae
1099 4198 1178 4250 rura
1198 4199 1268 4251 coe-
