3002 4794
273 340 311 400 lt
607 352 648 398 nn
669 350 770 398 ansus
792 349 1012 398 muniremus

272 499 395 581 scelus,
416 515 495 567 sese
521 493 734 587 praecipitem
758 493 898 564 dedisse
922 503 1172 585 nocentemque
1187 497 1342 587 spiritum

270 621 442 690 exalasse.
464 619 601 710 Equum
619 615 725 686 alium
746 617 834 688 inter
851 638 908 687 res
927 615 1075 688 rusticas
1091 617 1256 689 Varronis
1270 642 1345 691 cer-

270 742 384 813 nimus
405 741 480 834 pari
499 739 620 810 fraude
640 739 837 832 deceptum,
859 760 924 810 nec
945 739 979 808 in
995 761 1033 810 se
1046 738 1176 831 ipsum,
1191 741 1297 813 immo
1310 743 1344 812 in

269 867 366 958 illum
385 865 445 958 qui
465 866 631 936 fefellerat
643 862 882 946 ulciscentem;
896 862 932 930 in
944 884 1049 954 quem
1063 864 1250 949 confestim,
1264 868 1344 937 velo

270 996 399 1069 amoto,
422 997 460 1058 ut
480 986 554 1078 ipse
566 985 623 1066 ait,
638 983 717 1054 fecit
736 985 910 1075 impetum,
925 991 1029 1074 atque
1043 983 1138 1055 illum
1150 985 1344 1085 mordicans

270 1112 448 1186 interfecit.
471 1109 608 1190 Quanto
628 1107 767 1198 dignius
789 1107 865 1177 haec
885 1107 972 1177 facta
992 1106 1171 1177 hominum
1188 1109 1345 1181 diceren-

271 1247 340 1317 tur,
364 1233 542 1327 superiora
564 1239 681 1302 autem
695 1228 898 1299 belluarum.
914 1229 965 1300 lta
978 1239 1094 1300 autem
1109 1251 1146 1301 se
1159 1253 1216 1301 res
1230 1231 1343 1316 habet,

270 1366 309 1428 ut
339 1359 469 1427 nullum
491 1355 619 1425 animal
645 1352 784 1423 bomine
801 1352 957 1423 'nobilius
983 1353 1067 1423 dnm
1101 1375 1140 1424 se
1172 1355 1344 1427 hominem

269 1477 436 1563 meminit,
461 1477 519 1561 sic,
547 1476 630 1547 dum
651 1474 808 1548 oblivisci
821 1476 972 1569 coeperit,
992 1479 1124 1548 nullum
1142 1477 1256 1562 vilius
1269 1482 1346 1550 nul·

269 1607 411 1694 lumque
429 1599 613 1685 deiectius,
636 1601 769 1670 nultum
791 1599 905 1693 peius,
928 1622 1031 1692 quem
1057 1611 1192 1671 naturae
1217 1601 1344 1672 stimuli

173 1745 175 1750 ’
269 1726 455 1819 impellant,
477 1746 542 1795 nec
559 1725 657 1794 frena
673 1724 868 1795 contineant
885 1724 1037 1796 rationis.
1061 1725 1130 1796 Sed
1146 1723 1344 1796 omittamus

270 1849 347 1920 haec
372 1849 493 1920 a'uditu
520 1847 656 1938 gravia3
683 1847 727 1918 ad
752 1847 919 1919 iuvenum
945 1850 1091 1940 gloriam
1124 1848 1344 1940 studiumque

273 1992 388 2043 sermo
408 1971 541 2042 redeat:
562 1970 769 2041 adulterium
795 1970 887 2056 dico,
914 1972 1009 2064 quod
1035 1973 1164 2044 amoris
1188 1973 1269 2042 velo
1294 1980 1345 2042 te-

270 2093 378 2186 gitur,
400 2104 436 2166 et
452 2094 683 2187 pulcherrimo
704 2094 841 2166 nomine
862 2095 1101 2188 turpissimum
1113 2097 1226 2166 scelus
1236 2094 1345 2166 obnu-

270 2216 377 2300 bitur3
396 2217 492 2309 quod
512 2238 581 2287 non
597 2219 714 2290 solnm
734 2227 854 2290 nostra
873 2226 975 2290 aetate
995 2219 1149 2290 omnium
1166 2217 1346 2288 abundan-

272 2343 405 2414 tissima
424 2343 610 2424 malorum,
634 2341 696 2411 sed
713 2341 830 2412 multis
848 2352 927 2412 ante
940 2362 1003 2411 nos
1019 2340 1156 2410 saeculis
1170 2349 1240 2410 tam
1253 2361 1346 2411 oom-

269 2484 376 2533 mune
396 2472 479 2545 erat,
500 2471 538 2530 ut
555 2462 600 2532 de
621 2482 663 2531 eo
680 2472 715 2532 et
739 2484 809 2532 non
834 2461 1021 2555 improprie
1047 2461 1214 2553 scriptum
1234 2471 1343 2533 esset:

269 2584 334 2653 hoo
353 2591 409 2654 est
428 2582 522 2674 quod
543 2603 607 2652 nec
626 2581 777 2675 permitti
793 2602 858 2651 neo
878 2581 1054 2675 prohiberi
1070 2590 1206 2673 potest;
1228 2592 1263 2652 et
1273 2581 1346 2652 An-

269 2725 369 2774 naeus
387 2704 518 2775 Seneca
534 2704 602 2774 iam
623 2711 706 2773 tnnc
723 2702 811 2774 inter
831 2704 943 2775 aetatis
974 2725 1049 2774 sum
1078 2712 1178 2774 notas
1199 2703 1343 2776 diceret:

273 2823 316 2898 St
334 2829 405 2918 quis
422 2831 516 2898 nullu
535 2848 569 2896 sc
592 2827 699 2896 amica
717 2829 794 2916 fecit
813 2828 990 2916 insipncm,
1017 2849 1077 2897 nec
1101 2828 1220 2897 alieno
1243 2830 1347 2898 umori

269 2955 406 3020 anctum
421 2961 572 3044 prestet,
595 2950 682 3019 lene
701 2962 860 3022 matrone
881 2953 1036 3022 humilem
1056 2963 1087 3022 et
1108 2949 1246 3023 sordide
1270 2953 1345 3022 titt-

270 3071 357 3141 diuis
373 3073 586 3142 ancillariam
606 3083 735 3146 uocant.
753 3074 839 3156 Quae
852 3081 933 3144 tunc
945 3073 1052 3168 pestis
1073 3074 1240 3166 incipiens
1253 3098 1344 3147 nunc

270 3195 358 3266 adeo
373 3205 468 3267 certa
479 3205 543 3280 est,
558 3203 597 3266 ut
609 3194 814 3267 adolescens
831 3197 886 3268 oui
902 3220 971 3269 non
983 3195 1124 3269 feliciter
1137 3198 1343 3269 adulterium

270 3320 487 3402 successerit,
502 3320 664 3412 quamvis
689 3320 804 3406 dives,
832 3320 994 3413 quamvis
1018 3323 1190 3392 formosus
1216 3341 1257 3392 ao
1282 3343 1344 3392 no

271 3441 358 3528 bilis,
385 3462 583 3514 coaevornm
611 3442 736 3515 indicio
763 3444 850 3514 inter
870 3443 1016 3515 miseros
1037 3442 1219 3530 habeatur,
1243 3445 1343 3539 quasi

270 3564 426 3637 abiectus
447 3587 487 3635 ac
508 3569 670 3659 repulsus
696 3590 765 3639 non
790 3567 954 3662 pudicitia
982 3566 1044 3638 sed
1069 3575 1280 3659 contemptu3
1307 3574 1343 3634 et

270 3682 371 3775 quasi
387 3681 523 3753 dilectio
544 3682 711 3754 castitatis
728 3683 922 3755 convicium
944 3684 988 3755 sit
1006 3683 1165 3756 amantis.
1183 3679 1269 3751 Hinc
1285 3680 1341 3752 ille

269 3803 437 3875 iuvenum
454 3805 570 3876 fervor
587 3814 621 3876 et
642 3805 833 3877 sollicitudo
850 3807 1014 3899 improba,
1030 3818 1203 3899 tamquam
1216 3802 1341 3875 nonde
1369 3891 1371 3898 y

271 3922 409 3995 libidine
428 3924 492 3996 sed
510 3925 553 3997 de
575 3927 683 4019 gloria
700 3927 745 3999 sit
768 3937 958 4000 certamen:
979 3929 1059 3999 hinc
1083 3925 1233 4010 labores,
1261 3923 1341 3996 hinc

272 4045 432 4138 suspiria,
467 4049 546 4119 hinc
579 4052 765 4143 repentinae
797 4055 945 4145 repulsae
976 4049 1216 4124 amarissimae:
1247 4069 1340 4144 saepe

272 4177 384 4243 tamen
402 4190 588 4242 successus
607 4173 765 4244 amarior.
787 4173 873 4244 Nam
891 4173 1044 4244 secunda
1064 4181 1103 4242 ut
1114 4172 1248 4243 Venere
1261 4193 1339 4266 pro·
