2988 4800
237 339 294 398 lt8
575 352 615 397 33
637 350 737 397 33333
759 348 979 396 3333333333

234 493 346 564 carior
372 491 481 575 ltalia,
518 491 629 562 carior
659 491 827 560 bonorum
861 490 961 581 quies
996 495 1099 580 atque
1134 491 1311 560 securitas,

234 618 284 686 Ea
310 617 441 707 itaque,
465 624 503 684 ut
522 615 825 685 defunctorum·ac
848 612 1040 682 viventium
1069 633 1153 704 pace
1176 614 1311 704 loquar,

234 759 341 810 causa
361 737 438 821 fuit,
462 760 524 808 cur
545 737 579 805 in
601 736 690 807 banc
710 733 986 826 magnitudinem
1015 733 1110 804 urbis
1137 757 1206 805 una
1232 757 1314 805 con-

234 871 418 930 senserunt
434 861 536 944 11333,
555 858 679 942 virtuS,
699 857 798 928 labor
815 857 956 949 pariter,
976 867 1011 926 ot
1028 858 1172 938 fortuna,
1192 866 1231 927 ut
1248 859 1313 928 Ec-

233 982 350 1054 clesiae
380 993 416 1052 et
444 979 582 1074 lmperii
614 990 716 1073 caput
748 990 857 1063 esset,
894 1001 962 1049 non
986 989 1024 1050 ut
1045 1001 1192 1069 regnum
1215 977 1314 1048 lieret

233 1127 423 1200 pancorum
444 1103 585 1189 civium,
601 1104 705 1175 immo
718 1125 816 1187 vem,
842 1103 870 1173 si
884 1126 1006 1173 verum
1020 1102 1126 1195 petita
1143 1103 1247 1172 venia
1265 1105 1314 1172 lo-

234 1229 292 1321 qui
305 1229 394 1318 lioet,
411 1250 475 1297 nec
492 1228 621 1297 civium
639 1225 779 1319 quidem
798 1247 1035 1310 romanorum,
1052 1249 1114 1296 nec
1132 1247 1312 1297 romanum

232 1376 356 1424 nomen
379 1352 580 1422 amantium.
607 1351 684 1422 Non
718 1351 878 1420 insistam
913 1349 947 1419 in
981 1349 1165 1441 utriusque
1200 1349 1312 1439 gentis

232 1477 366 1568 origine
387 1475 613 1557 recensenda3
635 1482 791 1544 notares
811 1483 877 1554 est,
905 1482 940 1543 et
964 1472 1075 1543 Rheni
1102 1472 1254 1543 vallibus
1280 1485 1314 1543 et

233 1599 532 1697 Spoletinisetiam
543 1599 724 1669 decantata
735 1596 1313 1693 pastoribus.ltadominagentium

232 1726 267 1794 in
288 1747 410 1794 omncs
432 1727 527 1818 lapsa
550 1722 724 1804 miserias,
747 1721 901 1812 nullique
923 1719 1146 1802 miserabilis,
1169 1740 1253 1802 non,
1277 1729 1314 1788 ut

232 1847 417 1940 quondam,
440 1845 597 1940 propriis,
621 1845 683 1915 sed
705 1844 828 1914 alienis
851 1842 1012 1914 manibus
1030 1845 1190 1926 lacerata,
1212 1853 1313 1914 vetus

233 1971 315 2042 illud
339 1971 498 2041 solatium
520 1968 668 2062 perdidit
689 1971 868 2050 malorum,

475 2191 663 2206 .......
687 2141 789 2204 Nullos
806 2143 965 2205 admittere
982 2160 1082 2222 reges

473 2241 530 2304 Sed
546 2241 608 2303 civi
624 2241 744 2304 servire
761 2259 828 2304 suo.

234 2445 277 2513 Et
310 2467 354 2515 an
382 2445 462 2514 huic
483 2445 618 2516 iniuriae
639 2444 890 2516 occurrendum
909 2445 971 2523 sit,
991 2443 1205 2535 ambigitur?
1225 2443 1311 2513 Illud

236 2574 349 2637 autem
368 2568 548 2652 omittitur,
571 2568 666 2659 quod
682 2579 760 2638 3333
777 2567 892 2637 omnia
912 2567 1054 2658 dignum
1076 2578 1162 2652 erat,
1185 2566 1313 2659 quibus

237 2712 299 2760 seu
321 2711 424 2782 quam
444 2690 630 2783 exquisitis
651 2691 896 2784 suppliciorum
923 2689 1110 2780 generibus
1132 2691 1314 2786 praedones

233 2811 360 2907 publici
380 2813 556 2906 puniendi,
580 2824 639 2883 aut
658 2816 778 2883 saltem
801 2813 836 2882 in
857 2813 966 2883 libera
984 2803 1125 2883 ciuitate
1145 2811 1312 2883 libertatis

233 2936 355 3008 hostes
375 2959 478 3029 quarn
501 2939 620 3031 procul
641 2960 660 3007 3
678 2936 881 3008 muneribus
899 2937 1045 3030 publicis
1065 2936 1133 3008 sint
1150 2935 1314 3007 arcendi?

235 3063 274 3132 ld
295 3082 386 3130 nunc
406 3060 583 3152 quaeritur,
604 3060 812 3152 stupendum
831 3059 938 3146 dictu,
958 3083 1001 3130 33
1020 3059 1215 3131 dominator
1231 3058 1313 3130 olim

236 3183 388 3255 omnium
410 3184 613 3277 populorum
636 3186 784 3276 populus
806 3205 970 3256 romanus
999 3205 1040 3254 eo
1074 3205 1187 3275 usque
1213 3183 1314 3253 resti-

236 3309 285 3379 tui
306 3307 432 3378 debeat
452 3306 615 3392 libertati,
638 3317 675 3377 33
691 3308 726 3376 in
744 3308 909 3400 Capitolio
922 3330 1000 3392 suo,
1023 3308 1116 3379 unde
1137 3309 1311 3378 Senonum

235 3432 393 3501 llammas
414 3440 518 3523 atque
539 3452 636 3502 arma
662 3431 851 3514 submovit,
874 3430 933 3500 ubi
960 3451 1062 3522 reges
1088 3438 1207 3522 captos
1233 3437 1313 3498 ante

236 3555 461 3648 triumphales
480 3575 603 3626 currus
621 3554 719 3637 vidit,
739 3553 798 3624 ubi
816 3556 948 3644 legatos
964 3554 1119 3645 gentium
1138 3551 1313 3646 supplices

236 3677 380 3764 audivit,
413 3680 505 3749 unde
538 3678 758 3772 praecipitans
793 3677 1022 3769 superborum
1053 3675 1181 3747 civium
1209 3683 1313 3768 atque

199 3816 201 3820 ‘
235 3802 388 3874 hostium
410 3805 495 3872 colla
516 3802 694 3893 confregit,
715 3802 817 3873 hodie
835 3802 948 3894 possit
965 3824 1034 3872 333
1051 3824 1129 3872 oum
1148 3799 1314 3872 domesti-

236 3925 285 3995 cis
308 3925 464 4020 tyrannis
498 3934 630 4017 partem
665 3927 768 3996 ullam
799 3926 987 4019 provinciae
1007 3920 1314 3996 administrationis

237 4049 433 4139 attingere?
454 4049 482 4118 O
503 4049 592 4119 bone
617 4051 709 4132 lesu,
737 4049 877 4119 ubinam
905 4050 1060 4140 gentium
1087 4045 1315 4118 habitamus?

235 4166 371 4260 Aspicis
393 4168 469 4252 ista,
492 4170 659 4253 Salvator,
683 4179 742 4239 aut
763 4191 925 4260 quonam,
949 4170 1093 4261 piaculis
1115 4166 1245 4239 nostris
1263 4167 1314 4237 ol-
