3078 4798
284 327 342 388 301
617 339 657 384 nu
681 335 781 386 nunus
803 335 1025 384 nuururnnnrus

283 483 473 568 expectans
491 491 702 564 suspensum
716 491 879 564 gressum
893 470 1001 554 tenui,
1017 470 1101 541 nibil
1123 471 1236 562 magis
1259 490 1380 564 expe-

282 596 408 670 ctando
428 616 606 690 quaerens,
626 617 731 688 quam
754 606 786 666 te
807 594 932 666 iterum
950 593 1086 679 videre,
1103 615 1206 688 quern
1227 614 1381 689 semper

282 720 397 793 video.
419 719 487 791 Sed
507 718 602 811 quod
622 719 668 791 ad
688 719 834 812 cupidos
854 720 974 792 oculos
995 739 1094 790 meos
1116 717 1379 810 sidereumque

282 845 417 930 vultum
440 852 536 914 tuum
558 841 693 925 attinet,
726 864 806 913 uum
840 843 949 914 semel
982 840 1113 926 abiero,
1136 840 1196 913 diu
1219 851 1269 925 te,
1299 839 1377 910 nisi

282 967 381 1037 fallor
400 964 567 1058 augurio:
583 965 709 1035 iterum
728 963 871 1036 visurus
893 985 962 1034 non
983 985 1073 1034 sum.
1094 962 1225 1034 Libens
1246 961 1375 1055 itaque

282 1082 430 1160 venturo
456 1086 632 1158 desiderio
653 1083 891 1177 providebam.
913 1083 1012 1167 Quid·
1031 1086 1173 1156 autem?
1188 1085 1276 1155 'Rex
1312 1085 1374 1154 ille

281 1232 404 1302 regum
419 1207 595 1280 maximus
608 1220 644 1278 et
658 1207 720 1278 tibi
732 1229 852 1280 amore
869 1207 998 1301 pariter
1013 1207 1152 1281 iunctus
1168 1215 1205 1280 et
1222 1209 1372 1300 sangui-

281 1355 337 1417 ne,
361 1332 465 1403 simul
485 1340 520 1402 et
539 1330 663 1402 Parisii
683 1319 900 1424 et'Sequana
922 1329 1082 1404 blandior
1109 1339 1145 1401 et
1174 1330 1291 1424 aliqua
1314 1330 1371 1400 in·

281 1474 472 1546 genscum
494 1462 565 1526 tuae
587 1461 620 1524 te
641 1452 883 1546 promissionis
904 1452 1141 1524 immemorem
1161 1453 1251 1524 ultra
1273 1472 1369 1546 prae-

281 1579 441 1649 stitutum
461 1575 594 1648 reditus
622 1583 760 1669 tempus
786 1584 920 1647 tenent:
954 1595 1011 1646 me
1045 1575 1153 1648 tristis
1177 1572 1305 1647 Avinio
1330 1584 1367 1647 et

281 1701 453 1772 violentus
486 1699 676 1771 Rhodanus
711 1717 807 1790 aegre
841 1698 1011 1771 haetenus
1044 1707 1197 1771 tenuere.
1231 1698 1363 1772 Fessus

282 1821 419 1894 tandmn
440 1824 634 1914 plenusque
654 1843 771 1893 rerum
791 1821 989 1907 curialium,
1016 1829 1052 1892 et
1077 1831 1264 1915 expectare
1290 1843 1364 1893 am-

279 1944 370 2038 plius
391 1965 460 2016 nou
480 1945 614 2028 valens,
635 1943 701 2015 hoc
721 1945 799 2037 ipso
818 1944 876 2016 die
896 1944 961 2015 iter
985 1944 1131 2038 arripui,
1153 1966 1225 2016 uon
1246 1953 1361 2019 tamen

280 2068 419 2161 lougius
438 2067 562 2140 iturus.
583 2069 671 2139 Nam
692 2068 809 2163 quoad
829 2068 982 2153 dabitur,
1005 2068 1050 2140 ad
1070 2071 1199 2140 fontem
1226 2069 1358 2162 Surgiae

281 2191 485 2275 subsistam,
508 2191 537 2264 si
557 2191 638 2285 quis
659 2192 746 2263 sorte
767 2191 905 2263 iuterim
927 2191 1061 2264 reditus
1074 2191 1126 2262 tui
1142 2191 1225 2264 felix
1242 2213 1359 2264 rumor

280 2313 481 2386 insonuerit.
503 2314 589 2386 Hinc
608 2335 707 2399 vero,
731 2314 761 2384 si
782 2322 932 2406 perstas,
955 2314 1043 2384 olam
1066 2313 1191 2385 tacitus
1215 2335 1358 2409 pergem

279 2439 409 2511 amieos
429 2440 563 2520 fallens,
582 2437 643 2532 qui
664 2460 721 2510 me
740 2458 867 2510 averso
888 2436 1004 2508 animo
1023 2447 1059 2508 et
1078 2435 1275 2510 obluctante
1291 2439 1357 2508 sor-

280 2571 364 2632 tuna
397 2559 546 2632 retinere
580 2559 610 2632 si
644 2558 779 2652 possint
809 2560 845 2630 in
877 2566 1049 2632 aeternum
1075 2559 1196 2642 velint;
1216 2566 1254 2630 et
1273 2558 1355 2630 dum

277 2680 461 2754 desideriis
481 2681 631 2778 propriis
652 2683 861 2767 inserviunt,
885 2703 941 2754 me
961 2704 1032 2755 non
1052 2681 1186 2767 vident,
1209 2703 1355 2776 quorum

175 2811 188 2827 '
279 2826 335 2877 me
354 2803 506 2877 ebaritas
527 2805 635 2876 multa
655 2804 727 2897 pati
749 2804 911 2896 perpulit,
930 2804 976 2875 ad
993 2823 1074 2896 quae
1092 2805 1187 2875 nullu
1204 2825 1355 2896 unquam

277 2926 420 2998 ambitio
439 2923 673 3017 compulisset.
709 2924 770 2996 Illa
802 2945 944 2997 manum
965 2923 1081 2997 iniecit
1112 2931 1148 2996 et
1177 2925 1356 3017 fatigatum

277 3067 404 3141 corpus
424 3046 485 3118 diu
505 3045 628 3130 tenuit,
653 3045 712 3118 ubi
731 3046 869 3118 animus
890 3069 960 3120 non
980 3057 1069 3121 erat:
1086 3048 1278 3122 novissime
1294 3071 1355 3122 uu-

277 3179 362 3253 tem,
385 3177 423 3238 ut
442 3167 530 3255 dixi,
548 3167 715 3244 iussionis
733 3182 803 3246 tuae
819 3172 957 3268 pondus
975 3173 1133 3261 aooessit,
1153 3187 1356 3273 mutumque

276 3289 345 3362 iam
366 3291 490 3364 vinulis
512 3294 655 3366 strinxit
673 3296 811 3391 pedem.
826 3299 872 3371 Et
884 3297 915 3370 si
927 3299 1040 3371 omnis
1058 3299 1157 3372 labor
1172 3302 1357 3396 omnisque

275 3414 460 3488 difficultas
480 3439 550 3511 quo
575 3415 634 3490 fini
655 3420 846 3515 proximior
879 3441 921 3493 eo
954 3423 1107 3515 gravior,
1129 3424 1240 3517 pluris
1266 3425 1357 3496 hanc

276 3537 478 3611 bimestrem
509 3563 653 3626 moram,
688 3565 792 3636 quam
828 3545 909 3616 anni
943 3545 1092 3642 spatium
1117 3545 1250 3619 eisdem
1272 3548 1356 3619 mibi

276 3671 391 3734 uotum
412 3661 448 3733 in
467 3664 552 3736 locis
572 3665 810 3750 existimabis;
844 3689 908 3761 pro
940 3690 1010 3762 quo
1044 3669 1188 3757 merito,
1214 3671 1355 3764 quando

275 3785 342 3858 alia
361 3809 430 3859 non
451 3787 579 3860 adsunt
598 3787 682 3860 illud
702 3799 899 3863 extremum
920 3811 1053 3886 quaero,
1074 3803 1112 3866 ut
1130 3814 1208 3865 eam
1229 3792 1355 3873 absen-

275 3907 332 3980 tiae
353 3927 442 3980 meae
459 3911 625 3984 rationem
643 3912 775 3985 habeas
792 3935 836 3985 ne
852 3912 972 3988 amicis
990 3915 1083 3990 obsit
1099 3915 1198 3990 meis.
1217 3915 1354 4010 Siquid

172 4047 174 4052 ·
275 4049 338 4118 pro
353 4053 409 4104 me
425 4054 589 4124 magnum
608 4033 775 4108 actitabas
798 4035 919 4131 (parva
936 4038 1030 4110 enim
1048 4059 1117 4111 non
1136 4037 1258 4134 soles),
1274 4061 1354 4131 gra·

275 4149 444 4223 tissimam
462 4154 545 4226 mihi
564 4177 636 4227 rem
658 4158 794 4242 feceris,
815 4159 844 4232 si
865 4161 1035 4255 quidquid
1053 4162 1088 4233 id
1104 4174 1179 4236 erat
1198 4162 1352 4235 destinu-
