3002 4794
422 415 514 464 Lluuu
535 415 862 464 nouus-uutsroun
883 415 946 463 XIV.

555 642 733 707 nrlsrotn
754 643 823 706 XIV.

144 813 343 863 Funuclscus
367 811 534 861 PETRARCA
553 811 643 861 LUCAE
665 793 870 860 Puusuinnuo
889 813 1089 862 PLACENTINO
1111 813 1136 862 S.
1155 813 1182 862 P.
1201 815 1231 862 D.

313 952 423 1008 Laudat
438 952 594 1008 solitudinis
609 957 784 1025 appetentem
799 956 827 1007 et
841 951 967 1006 stimulos
981 951 1065 1006 addit.
1101 994 1105 1002 ,

244 1140 366 1212 Sentio
379 1161 528 1232 angores
543 1149 632 1224 tuos,
648 1161 714 1211 non
730 1139 841 1231 magis
858 1159 947 1233 quos
961 1140 1114 1231 loqueris
1126 1161 1231 1234 quam

149 1285 237 1355 quos
267 1273 376 1336 taces.
409 1261 509 1333 Scio:
543 1263 638 1332 multi
673 1271 706 1332 te
730 1261 871 1354 quidem
898 1271 1037 1358 propter
1067 1283 1123 1331 me
1155 1283 1235 1354 per·

146 1392 360 1478 sequuntur,
393 1407 450 1456 me
479 1393 595 1455 autem
621 1387 706 1458 cur‘?
734 1386 806 1456 Hoc
835 1383 997 1476 profiteor
1030 1405 1086 1454 me
1121 1386 1234 1456 nesci-

145 1527 201 1590 re,
241 1505 312 1577 nisi
340 1507 422 1597 quia
447 1505 585 1576 nomine
615 1509 732 1576 forsan
766 1504 987 1576 offenduntur
1017 1527 1108 1592 meo,
1139 1505 1234 1598 quod

145 1650 296 1721 parvum
329 1628 409 1700 licet
434 1636 470 1698 et
500 1629 702 1712 obscurum,
731 1628 842 1700 maius
869 1637 986 1699 tamen
1012 1629 1078 1700 illis
1104 1637 1140 1700 et
1163 1631 1233 1701 cta·

144 1751 220 1822 rius
246 1750 389 1824 videtur
413 1774 517 1844 quam
543 1752 635 1846 lippa
660 1756 752 1824 serre
776 1753 888 1846 possit
903 1750 1045 1824 invidia.
1073 1755 1143 1824 lum
1171 1753 1234 1822 rni-

148 1873 215 1945 rari
234 1874 370 1946 desino.
389 1873 433 1946 Ut
450 1896 577 1966 magna
594 1875 711 1961 maria,
735 1877 785 1948 sic
804 1897 885 1968 quae
907 1886 989 1946 sunt
1005 1877 1062 1946 vel
1081 1897 1162 1968 quae
1179 1874 1233 1946 vi-

146 1997 273 2069 dentur
290 2019 418 2089 magna
440 1999 587 2084 nomina,
606 1999 783 2092 perpetuis
804 1998 966 2070 fluctibus
985 2007 1146 2070 aestuant.
1169 1997 1233 2068 Ce-

146 2117 276 2191 demus
298 2118 563 2213 tempestatibus
584 2141 653 2190 non
674 2129 767 2191 metu
788 2119 911 2211 aliqu0,
935 2119 999 2190 sed
1018 2126 1230 2212 contemptu,

146 2244 215 2336 qui,
239 2242 302 2313 ubi
320 2242 423 2342 nimis
444 2242 652 2326 excreverit,
672 2262 839 2312 nauscam
862 2240 961 2335 parit.
984 2238 1113 2309 lbimus
1132 2248 1168 2310 et
1183 2241 1233 2310 la·

148 2363 300 2435 tebimus
322 2386 391 2436 non
413 2364 489 2435 sine
510 2365 627 2456 gioria,
647 2385 843 2455 nomenque
865 2371 1031 2447 nostrum,
1051 2361 1118 2433 nisi
1134 2363 1233 2434 fallor

146 2487 305 2577 augurio,
328 2507 348 2555 e
368 2486 512 2558 latebris
529 2509 633 2578 quam
651 2509 699 2557 ex
718 2484 865 2556 urbibus
882 2485 1009 2556 clarius
1030 2485 1149 2557 audiet
1168 2507 1233 2556 un·

146 2606 342 2699 deoumque
363 2617 535 2678 torturum
556 2608 705 2679 invidos.
723 2608 774 2678 Nc
794 2607 955 2680 dubites:
977 2607 1141 2680 recondet
1165 2627 1229 2677 nos

146 2731 241 2800 Deus
264 2729 299 2798 in
325 2738 426 2822 portu
447 2729 591 2823 optimc,
613 2724 650 2800 et
669 2729 814 2802 redimet
834 2751 899 2800 nos
921 2753 941 2801 a
961 2729 1143 2801 calumniis
1168 2730 1231 2800 ho-

146 2852 291 2937 minum,
310 2862 350 2923 ut
366 2854 604 2925 custodiamus
623 2853 785 2925 mandata
802 2873 876 2923 sua.
894 2853 933 2922 ln
947 2852 1013 2922 hoc
1031 2858 1140 2921 totum
1157 2851 1232 2920 ani-

147 2999 244 3048 mum
262 2976 405 3048 intendi.
432 2977 471 3045 ln
491 2975 558 3047 hoc
574 2975 699 3047 diebus
725 2998 765 3046 ac
785 2974 944 3047 noctibus
965 2974 1108 3044 laboro:
1134 2973 1229 3066 pium

147 3110 268 3172 votum
289 3102 384 3170 Deus
405 3120 473 3169 non
494 3098 727 3170 frustrabitur.
749 3097 880 3167 Verum
906 3106 976 3168 tota
997 3118 1053 3167 res
1075 3095 1136 3166 fiet
1160 3099 1232 3167 ala-

146 3222 250 3304 crius
269 3221 298 3292 si
316 3242 511 3293 consensus
534 3229 624 3306 tuus,
641 3228 679 3291 ut
690 3218 842 3313 incipere
861 3218 1011 3304 videtur,
1031 3218 1228 3290 accesserit.

147 3337 197 3407 Ita
217 3336 331 3420 euim,
367 3336 497 3420 amice,
525 3335 609 3406 mibi
633 3356 842 3430 persuasum
870 3333 976 3418 scito,
1003 3355 1082 3406 esse
1115 3343 1147 3405 te
1177 3335 1232 3404 vi-

148 3481 224 3529 rum
268 3457 423 3530 bonum:
470 3458 621 3551 alioquin
661 3479 724 3529 nec
770 3456 955 3530 amicitiam
999 3466 1092 3529 tuam
1135 3476 1230 3527 com-

147 3580 274 3672 plexus
307 3599 439 3663 essem,
474 3587 510 3649 et
544 3578 574 3650 si
607 3579 642 3648 in
674 3599 751 3650 eam
777 3599 863 3650 casu
888 3579 1003 3671 aliquo
1028 3575 1229 3648 incidissem

147 3697 323 3791 ignorans
346 3703 402 3772 vel
423 3699 685 3771 renunciassem
706 3701 738 3770 ei
764 3720 861 3770 more
882 3698 1063 3779 maiorum,
1088 3698 1144 3766 vel
1165 3696 1228 3766 Ca-

147 3823 236 3894 tonis
254 3821 399 3894 consilio
424 3821 642 3907 dissuissem‚
660 3844 730 3894 nou
755 3821 987 3894 discidissem.
1008 3820 1080 3888 Hoc
1104 3816 1228 3890 funda-

147 3953 264 4014 mento
284 3941 384 4027 iact0,
406 3943 576 4037 quidquid
593 3943 679 4035 agis,
695 3953 756 4014 aut
772 3942 931 4034 loqueris,
950 3943 1072 4032 placet.
1092 3940 1159 4011 Sed
1177 3940 1227 4011 sic

148 4063 298 4136 habeto:
328 4062 413 4134 nihil
447 4076 479 4136 te
512 4087 665 4158 unquam
697 4064 832 4136 dixisse
865 4063 959 4155 quod
985 4070 1116 4134 tantum
1143 4061 1228 4132 mibi

145 4185 290 4276 placeat,
306 4195 474 4278 quantum
492 4187 588 4279 quod
599 4184 719 4258 dixisti
740 4207 858 4278 nuper,
876 4185 1016 4280 quando
1028 4184 1228 4258 efficacissi-
