2958 4804
280 343 339 402 all
460 397 463 402 .
615 354 655 400 oa
679 353 778 400 anuos
801 349 1024 398 raurtmnmus

282 490 403 558 simam
431 487 646 578 genitricem,
669 506 849 577 quaecum
885 485 985 554 terris
1011 493 1046 553 et
1071 486 1196 578 pelago
1221 495 1351 569 secuta,

280 637 401 688 omnes
423 615 481 685 lilii
503 616 578 684 vias
596 614 747 684 lacrimis
769 610 978 705 sequacibus
1001 633 1041 682 ac
1065 609 1219 681 sollicitis
1239 633 1354 702 asper-

281 742 335 824 sit,
358 750 516 831 atquem
536 740 642 809 semel
664 759 768 808 carne
788 743 970 831 pepererat
995 733 1116 804 millies
1142 745 1257 804 mente
1279 755 1355 828 par-

281 862 389 945 turiit3
416 861 581 954 flevitque
604 872 672 932 tam
693 860 853 942 dulciter,
887 869 926 929 ut
958 857 1179 928 nuncetiam
1205 865 1285 950 post
1310 866 1356 928 tot

280 974 407 1058 s'aecula
428 984 584 1056 lacrimas
607 982 802 1074 legentibus
827 981 990 1052 excutiat.
1012 981 1263 1050 Verumtamen
1281 1001 1355 1050 eam

279 1111 390 1203 ipsam
411 1118 570 1189 matrem,
598 1127 677 1198 quae
703 1106 797 1175 illum
826 1126 887 1194 per
912 1125 1049 1174 omnem
1070 1101 1178 1172 vitam
1199 1101 1355 1187 fleverat,

279 1231 414 1303 nonnisi
441 1253 547 1299 unum
569 1229 659 1300 diem
677 1213 786 1313 flevit,
812 1238 847 1298 et
867 1231 1011 1313 luctum,
1031 1250 1134 1320 quem
1155 1227 1277 1299 sedare
1302 1250 1358 1298 eo-

279 1352 419 1443 gitando
440 1361 544 1445 atque
564 1351 669 1422 animi
696 1351 750 1421 sni
773 1350 948 1420 mollitiem
974 1351 1181 1443 increpando
1202 1358 1358 1420 tentave-

282 1488 345 1560 rat,
366 1499 429 1547 nec
446 1478 592 1560 ratione,
609 1484 648 1545 ut
669 1475 743 1568 ipse
761 1472 929 1556 meminit,
948 1496 1013 1544 nec
1030 1469 1153 1544 balneo
1173 1474 1281 1544 lenire
1300 1495 1359 1566 po-

280 1610 405 1682 tuerat,
429 1619 572 1668 somnus
592 1595 754 1666 extinxit.
777 1596 816 1667 ld
838 1618 1046 1679 memorans
1066 1618 1131 1666 nec
1149 1595 1225 1688 ipse
1243 1595 1358 1665 statim

281 1721 326 1792 ad
346 1732 379 1791 le
399 1721 491 1804 veni,
511 1741 624 1812 neque
644 1717 826 1789 confestim
848 1719 985 1813 scripsi,
1011 1742 1054 1790 ne
1074 1722 1302 1815 voluptatem,
1324 1733 1362 1821 ut

282 1844 327 1914 ita
343 1841 504 1926 dixerim,
527 1841 670 1944 lugendi
692 1840 810 1934 (habet
829 1841 922 1912 enim
943 1850 979 1914 et
996 1865 1095 1913 suam
1114 1842 1179 1913 sed
1196 1843 1358 1912 miseram

282 1969 492 2061 voluptatem
515 1963 672 2058 moeror),
697 1965 757 2035 tihi
783 1974 863 2036 ante
888 1977 1024 2060 tempus
1045 1965 1231 2060 eriperem:
1253 1985 1359 2034 unam

282 2089 342 2162 tihi
362 2091 521 2162 consulto
540 2098 676 2158 noctem
698 2087 813 2173 tribui,
833 2109 912 2180 quae
938 2111 1017 2160 cum
1047 2089 1177 2160 auxilio
1201 2089 1359 2160 dexterae

280 2213 411 2285 excelsi
433 2213 591 2283 lacrimas
614 2221 692 2283 tuas
722 2212 954 2303 abstergeret,
981 2234 1081 2305 quas,
1110 2221 1148 2282 ut
1172 2211 1261 2296 dixi,
1291 2233 1358 2284 non

282 2336 385 2408 modo
409 2357 478 2405 non
511 2355 636 2425 argue,
664 2333 853 2405 sedetiam
879 2332 1106 2404 vehementer
1130 2333 1246 2418 laudo,
1275 2334 1358 2406 dum

230 2495 233 2501 ·
282 2471 397 2530 tamen
415 2458 476 2542 eis,
496 2466 534 2527 ut
550 2458 659 2550 copie,
676 2457 814 2527 modum
834 2456 993 2548 posueris
1006 2465 1042 2528 et
1054 2456 1168 2528 finem.
1188 2457 1256 2529 Sed
1273 2478 1359 2550 quo-

282 2580 374 2662 niam
397 2578 570 2651 scribendi
590 2581 708 2664 multa,
729 2601 809 2670 quae
830 2601 886 2650 res
905 2579 1026 2671 exigit,
1049 2589 1187 2672 tempus
1206 2601 1277 2651 non
1297 2577 1359 2650 ha-

283 2698 362 2784 heo,
387 2713 545 2773 metuens
567 2723 636 2772 non
669 2703 755 2771 forte
790 2702 940 2772 secunda
961 2701 1022 2772 tihi
1042 2725 1111 2773 nox
1143 2703 1177 2772 in
1209 2703 1358 2774 lacrimis

283 2824 444 2908 ducatur,
467 2835 506 2895 ut
524 2825 697 2895 festinatae
717 2822 874 2918 epistolae
895 2823 998 2896 finem
1023 2826 1160 2909 faciam,
1183 2847 1245 2898 oro
1269 2826 1357 2896 invi-

282 2947 476 3017 ctissimum
494 2946 647 3016 animum
665 2955 775 3028 tuum,
795 2955 833 3016 ut
849 2945 924 3036 ipse
942 2945 1008 3018 sihi
1024 2971 1086 3042 pro
1106 2948 1240 3019 viribus
1256 2969 1357 3042 opem

282 3071 382 3152 ferat,
405 3076 440 3137 et
459 3067 647 3160 appetitum
668 3067 784 3153 flendi,
812 3056 871 3162 ¹qui
896 3093 1000 3163 qoam
1027 3071 1071 3141 sit
1095 3070 1286 3142 vehemens
1310 3093 1354 3142 ex

283 3213 340 3260 me
361 3191 446 3274 scio,
470 3189 559 3261 virili
582 3191 802 3262 meditatione
823 3193 970 3265 reiiciat:
994 3193 1096 3264 simul
1121 3202 1157 3267 et
1181 3193 1275 3265 illum
1297 3217 1358 3267 oro

284 3313 342 3406 qui
356 3313 581 3408 propeccatis
595 3315 722 3385 nostris
741 3317 900 3400 moriens,
915 3317 959 3386 de
977 3340 1079 3388 cruce
1096 3315 1355 3388 moestissimam

284 3435 461 3507 solabatur
480 3445 638 3520 matrem,
662 3445 699 3508 ut
721 3436 910 3509 secundum
932 3439 1180 3510 inexhaustum
1201 3441 1357 3510 consola-

283 3559 385 3630 tionis
406 3571 441 3630 et
466 3560 713 3631 misericordiae
735 3583 810 3632 snae
836 3565 978 3646 fontem,
1007 3572 1078 3636 tuae
1111 3573 1145 3636 te
1176 3565 1297 3637 matris
1323 3565 1356 3633 in

283 3684 402 3754 funere
422 3685 628 3761 consoletur.

425 3831 581 3899 Asellione,
596 3830 631 3885 Il.
649 3830 714 3886 Idus
729 3832 821 3886 Maias.

780 4086 856 4094 ..η-
