2958 4804
251 325 311 385 ν244
583 338 624 384 ns
646 337 747 387 nsnus
771 335 991 385 nauiumninns

250 475 387 558 videns
412 483 449 544 ut
480 469 628 556 dicebat,
656 494 677 542 a
709 471 811 544 simili
837 492 876 542 se
900 494 1002 567 prece
1033 470 1213 542 continuit.
1237 469 1340 554 Quid

250 597 357 690 igitur
375 596 513 668 dicam?
533 595 627 666 ltane
648 616 772 665 verum
789 602 844 664 est
865 603 915 679 ut,
941 593 1029 666 sicut
1049 602 1256 664 caeterarum
1276 613 1341 662 rc-

251 745 338 806 rum‚
356 721 405 792 sic
419 717 593 792 scribendi
609 718 804 801 cacoethes
823 715 1035 800 insanabilis,
1055 715 1149 808 quod
1165 715 1214 787 ait
1232 716 1341 809 Saty-

252 844 360 929 ricus,
383 843 477 939 quod
498 863 565 935 ego
591 840 698 924 addo,
720 841 943 931 contagiosus
961 837 1067 910 etiam
1094 837 1238 910 morbus
1266 837 1342 909 sit?

252 968 362 1051 Quam
384 967 510 1036 multos
532 963 623 1034 enim
640 973 745 1054 putas
766 983 833 1047 me,
856 961 916 1055 qui
937 972 1050 1033 tecum
1069 964 1199 1053 loquor,
1218 959 1338 1031 morbi

251 1091 356 1162 huius
381 1078 549 1178 contagiis
576 1085 761 1157 infecisset
781 1084 944 1156 Solebant
963 1084 998 1154 in
1018 1083 1186 1156 memoria
1209 1092 1340 1154 nostra

252 1212 321 1284 rari
341 1233 423 1282 esse
443 1209 503 1302 qui
528 1209 607 1280 haec
629 1207 841 1292 scriberent;
870 1231 962 1280 nunc
981 1229 1085 1279 nemo
1109 1228 1178 1279 non
1200 1205 1338 1277 scribit.

252 1334 334 1404 Rari
354 1331 451 1403 aliud
472 1331 636 1403 scribunt.
658 1331 759 1415 Quod
774 1331 821 1404 ad
837 1340 1031 1403 coaetaneos
1052 1329 1181 1411 attinet,
1200 1340 1239 1401 ut
1255 1329 1339 1422 qui-

253 1453 333 1526 dam
354 1462 490 1546 putant,
513 1474 582 1524 non
603 1451 744 1522 minima
760 1454 872 1545 culpae
888 1472 971 1546 pars
988 1472 1096 1546 penes
1112 1473 1169 1522 me
1181 1461 1247 1522 est.
1261 1450 1339 1521 Au-

254 1578 388 1650 dieram
408 1577 445 1648 id
464 1574 604 1670 quidem
626 1575 797 1658 amultis3
816 1576 880 1647 sed
900 1575 947 1647 ita
960 1575 1052 1658 mihi,
1067 1574 1207 1667 quando
1226 1573 1338 1646 huius

254 1702 382 1772 nullam
404 1719 515 1791 sporn,
538 1707 745 1769 caeterorum
768 1696 873 1768 animi
894 1696 1092 1770 morborum
1115 1697 1246 1770 sanitas
1272 1718 1340 1769 vo-

255 1824 326 1894 tiva
345 1821 535 1912 contingat,
559 1818 597 1891 ut
618 1841 710 1892 nunc
730 1821 793 1893 vix
813 1820 952 1892 tandem
977 1819 1111 1892 indiciis
1137 1819 1339 1892 admonitus

254 1953 289 2016 et
301 1945 398 2015 velut
410 1951 647 2038 experrectus,
662 1940 942 2014 animadvertere
955 1942 1103 2035 primum
1116 1940 1214 2034 coepi,
1228 1963 1338 2038 posse

255 2067 290 2139 id
315 2089 438 2138 verum
461 2087 555 2151 esse,
579 2074 631 2152 ut,
660 2066 745 2138 dum
772 2064 939 2159 prodesse
968 2063 1053 2134 mihi
1079 2065 1218 2150 studeo,
1252 2066 1338 2136 mihi

254 2189 383 2283 pariter
408 2189 595 2283 multisque
622 2177 800 2262 docuerim
826 2187 1065 2271 inadvertens;
1092 2209 1157 2260 nec
1176 2189 1338 2262 fortassis

255 2313 419 2386 iniustam
441 2313 549 2386 fuisse
569 2313 822 2406 querimoniam
843 2311 937 2383 senis
958 2310 1040 2383 olim
1066 2309 1336 2405 patrisfamilias,

255 2436 315 2530 qui
334 2435 448 2506 subito
465 2446 614 2524 moestus
635 2443 671 2506 et
695 2455 794 2529 paene
814 2431 999 2505 lacrimans
1020 2433 1066 2506 ad
1086 2453 1142 2504 me
1162 2434 1282 2504 venit:
1303 2443 1339 2507 et

257 2576 330 2626 cum
355 2579 429 2648 epo,
451 2557 578 2650 inquit,
602 2567 696 2626 tuum
722 2577 841 2628 nomen
865 2577 992 2649 semper
1012 2557 1212 2641 amaverim,
1238 2578 1339 2646 quom

161 2671 169 2686 ”
256 2678 339 2748 mitt
361 2689 397 2748 tu
419 2679 526 2749 vicem
546 2676 735 2764 reddideris,
755 2677 842 2750 olda.
861 2677 951 2748 Filio
970 2701 1042 2750 meo
1062 2680 1159 2748 unico
1174 2676 1342 2772 pereundi

257 2824 357 2873 causo
370 2825 412 2873 es.
427 2803 598 2898 Obstupui
613 2803 762 2895 primum
776 2801 985 2895 erubuique:
1005 2801 1167 2894 tangebat
1183 2801 1338 2874 animum

257 2935 344 2997 aetas
362 2925 525 3009 hominis,
547 2925 689 3018 orisque
710 2923 868 3010 habitus,
891 2947 961 2997 non
980 2925 1080 3020 parvi
1100 2923 1230 2997 doloris
1251 2924 1340 2995 indi-

257 3048 349 3120 cium
370 3069 444 3140 prae
465 3069 504 3118 se
523 3050 653 3128 lerens;
672 3046 802 3119 deinde
820 3047 880 3120 ubi
904 3047 1023 3120 adme
1048 3069 1214 3120 reversus
1242 3070 1337 3133 sum,

257 3169 352 3263 quod
369 3170 404 3240 in
421 3193 459 3242 re
476 3179 559 3255 erat,
575 3191 631 3240 me
650 3191 765 3264 neque
780 3191 861 3242 eum
880 3192 994 3264 neque
1012 3169 1119 3241 filium
1135 3170 1214 3242 eius
1231 3176 1339 3244 nosse

258 3293 433 3389 respondi.
463 3292 550 3382 (laid
574 3297 686 3384 refert,
709 3293 820 3387 inquit
846 3315 970 3380 senex,
992 3316 1039 3363 cn
1060 3295 1225 3380 tntillum,
1254 3305 1339 3365 certe

258 3419 315 3488 r‘tlc
336 3429 365 3488 te
384 3418 493 3504 novit,
520 3429 551 3488 et
576 3439 669 3487 cmc
696 3420 801 3489 multa
825 3419 976 3511 impensa
1000 3417 1084 3488 iuris
1104 3418 1212 3488 civilis
1231 3417 1339 3488 studio

259 3541 410 3625 traditus,
434 3553 491 3612 tua
510 3563 543 3611 se
568 3541 707 3632 vestipr'o
725 3541 816 3632 sequi
842 3541 940 3610 molle
966 3541 1037 3609 ait:
1065 3539 1114 3610 ita
1131 3560 1192 3630 epo
1217 3561 1341 3628 meque

258 3680 313 3750 spe
331 3658 499 3750 privatum
512 3657 580 3739 r‘lle,
594 3666 631 3724 ut
644 3675 802 3744 oupuror,
821 3677 880 3726 nce
899 3657 1169 3726 iurisconsuttnm
1182 3657 1340 3748 impleve-

258 3782 303 3849 rit
324 3800 382 3848 uec
399 3789 541 3872 poetam.
564 3779 641 3862 Quo
665 3777 758 3851 dicto
778 3799 833 3849 me
853 3788 888 3850 et
913 3779 973 3872 qui
997 3779 1142 3851 aderant
1169 3778 1276 3852 vertit
1304 3780 1337 3848 in

259 3901 393 3973 risum:
415 3902 491 3996 ipsc
511 3899 618 3971 nihilo
642 3901 753 3972 laetior
771 3901 883 3972 lactus
908 3901 1090 3974 abscessit.
1115 3901 1215 3972 Nunc
1233 3900 1337 3971 intel-

259 4023 328 4114 ligo
345 4045 414 4094 non
434 4024 543 4094 risum
561 4021 608 4092 illi
624 4021 787 4109 debitum,
804 4023 867 4096 sed
880 4024 1142 4097 miserationem·
1153 4033 1188 4095 et
1212 4043 1338 4096 conso-

259 4146 418 4218 lationem
439 4146 560 4229 luisse,
583 4156 687 4238 atque
712 4145 803 4218 illius
829 4145 1022 4219 convicium
1042 4156 1077 4218 et
1097 4147 1256 4240 querelas
1278 4146 1332 4217 iu-
