3062 4798
274 345 334 406 las
609 360 649 406 nu
673 361 773 408 nunus
797 363 1018 412 rnurnrnnrnus

274 507 319 567 to.
343 495 377 566 Si
399 494 551 588 cogitent
570 495 649 588 quis
675 505 711 567 et
735 498 790 569 cui
810 509 845 569 et
865 498 950 590 quid
975 501 1108 592 loquar,
1130 501 1246 574 forsan
1268 525 1355 596 qua-

272 619 350 691 liter
370 639 438 688 non
458 618 639 690 curabunt.
661 621 784 712 Fugio„
801 642 868 713 ego
901 642 1156 713 supervacuum
1176 623 1353 697 laborem:

270 740 471 814 necessario
489 740 518 811 si
536 742 704 813 sufficiam
721 744 805 814 satis
818 743 893 814 erit.
908 743 1062 815 Profecto
1075 754 1191 815 autern
1203 769 1352 839 magnus

270 885 368 935 amor
393 862 580 935 artificiosa
601 863 799 957 eloquentia
823 887 892 936 non
918 874 1010 957 eget.
1038 865 1101 938 Cui
1127 889 1196 939 non
1221 870 1353 942 diserta

269 987 415 1060 visaest
435 987 571 1058 amica?
584 987 696 1069 Quem
710 1009 779 1058 nnn
802 988 951 1058 delectat
969 989 1053 1062 dum
1072 989 1218 1062 balbutit
1238 991 1353 1065 infans

269 1109 387 1183 lilius?
410 1109 591 1182 Postremo
623 1110 702 1202 quis
735 1133 757 1181 a
790 1131 829 1182 se
860 1110 944 1183 dum
966 1133 1084 1183 secum
1104 1111 1179 1206 ipse
1200 1114 1353 1206 loquitur

267 1245 427 1307 ornatum
447 1232 593 1326 quaeritr
625 1231 670 1304 At
701 1243 805 1306 vetus
832 1244 887 1305 est
918 1233 1084 1306 verbum:
1118 1238 1244 1306 amaus
1267 1239 1353 1308 alter

268 1377 338 1445 epo,
361 1355 405 1427 de
426 1377 496 1448 quo
516 1357 695 1448 eleganter
716 1345 851 1428 Cicero:
878 1355 966 1444 Quid
985 1355 1111 1427 dulcius
1135 1379 1235 1446 quom
1254 1359 1353 1428 hale-

265 1499 315 1563 re,
349 1497 425 1548 cam
456 1501 519 1570 quo
552 1479 666 1549 omnio
689 1477 812 1548 audeas
831 1481 878 1548 sic
903 1481 993 1569 loqui
1022 1491 1060 1549 ot
1092 1480 1218 1550 tecum?
1242 1481 1351 1554 Nemo

225 1693 226 1696 Ἴ
266 1599 372 1691 igitur
391 1599 511 1692 exigat
532 1599 576 1671 ah
597 1601 707 1676 amico
727 1600 822 1693 quod
847 1621 868 1672 a
894 1621 933 1671 se
958 1622 1027 1671 non
1047 1600 1175 1692 exigit:
1196 1603 1350 1696 alioquin

265 1741 335 1792 non
371 1720 420 1792 sic
453 1740 532 1791 cum
559 1719 669 1791 amico
695 1719 847 1813 loquitur
879 1730 919 1792 ut
951 1741 1082 1792 seeum.
1104 1723 1277 1814 Equidem
1300 1722 1351 1794 sic

264 1839 350 1911 mihi
382 1841 495 1913 omnis
525 1840 626 1912 amici
659 1861 772 1913 sermo
804 1841 971 1934 probatur
1007 1851 1043 1914 ut
1068 1843 1249 1938 proprius,
1284 1865 1350 1916 nec

265 1985 382 2037 sermo
396 1975 538 2050 tantum,
556 1965 617 2036 sed
637 1964 811 2036 silentium
831 1975 866 2037 et
882 1974 999 2036 nutus.
1015 1965 1213 2066 Quid-enim
1228 1967 1346 2049 refert,

263 2087 368 2159 modo
394 2087 479 2180 quid
504 2088 561 2158 ille
586 2087 671 2158 velit
694 2087 899 2178 intelligam,
933 2097 994 2158 aut
1026 2085 1110 2180 quid
1142 2086 1240 2170 nolit,
1267 2107 1347 2156 eum

263 2231 333 2303 quo
353 2209 444 2282 idem
468 2211 558 2282 velle
575 2219 611 2280 et
627 2208 719 2280 idem
739 2211 831 2280 nolle
851 2208 1036 2300 disposui?
1054 2206 1166 2280 Amici
1186 2206 1257 2279 mei
1275 2209 1348 2279 elo-

263 2332 438 2426 quentiam
454 2332 482 2404 si
496 2331 590 2404 adsit
606 2334 808 2425 amplector,
828 2332 918 2404 sicut
934 2330 1091 2403 eiusdem
1110 2330 1264 2423 reliquas
1282 2352 1347 2402 seu

263 2453 395 2546 gratias
416 2475 481 2526 seu
500 2455 663 2537 virtutes,
687 2453 750 2526 sed
783 2454 830 2526 ita
854 2453 948 2525 illam
973 2463 1101 2548 expeto
1126 2454 1221 2546 quod
1247 2452 1347 2525 amici

261 2583 302 2646 ut
321 2577 475 2647 animum
508 2576 559 2648 sic
592 2585 628 2648 et
659 2575 814 2668 linguam
835 2584 991 2648 ornatam
1017 2576 1138 2661 velim,
1160 2597 1230 2647 ¹non
1250 2573 1347 2668 quod

262 2697 427 2769 delicatas
447 2717 527 2767 cum
548 2695 668 2768 amieis
690 2718 793 2769 aures
814 2694 973 2767 habeam.
995 2697 1112 2769 Malim
1130 2695 1279 2767 amicum
1295 2697 1347 2768 fa·

260 2820 414 2892 cundum
440 2839 653 2911 essequam
679 2817 833 2905 balbum,
861 2818 1050 2912 quippe'et
1075 2840 1200 2890 sanum
1226 2817 1345 2888 malim

259 2964 366 3035 quam
387 2949 572 3032 aegrotum,
595 2942 785 3011 formosum
807 2939 976 3033 praeterea
996 2961 1100 3032 quam
1126 2940 1343 3023 deformem,

260 3083 329 3134 non
342 3062 436 3155 quod
449 3083 584 3151 aegrum
606 3060 869 3152 deformemque
888 3060 1003 3133 minus
1025 3083 1148 3146 amem,
1168 3061 1233 3134 sed
1249 3061 1345 3154 quod

260 3203 346 3254 sano
365 3183 587 3274 formosaque
603 3180 714 3272 magis
734 3185 897 3273 gratuler.
917 3183 973 3254 Sic
989 3182 1097 3254 ditem
1115 3183 1209 3254 illum
1227 3181 1343 3275 potius

259 3296 385 3394 eligam
405 3325 487 3376 esse
507 3325 611 3397 quam
633 3325 836 3396 pauperem,
853 3321 856 3324 ·
871 3304 920 3376 ita
952 3315 1069 3377 tamen
1100 3314 1140 3376 ut
1171 3303 1343 3376 nou-inde

257 3427 413 3521 praedam
434 3427 519 3497 mihi
540 3426 702 3518 cogitem,
726 3427 789 3498 sed
809 3425 941 3530 copiam
967 3428 1028 3514 illi,
1056 3427 1141 3498 mihi
1162 3426 1339 3518 gaudium,

258 3549 424 3642 sineque
444 3548 546 3619 amici
566 3548 779 3642 prosperitas
803 3569 884 3621 esse
908 3528 978 3620 nou
1004 3549 1124 3642 possit.
1146 3548 1265 3620 Virtus
1287 3559 1343 3620 est

229 3639 234 3720 f
257 3670 417 3742 amicitiae
437 3671 718 3755 fundamentum,
741 3671 786 3743 ad
810 3693 915 3763 quam
943 3671 1152 3744 servandam
1174 3669 1259 3740 nihil
1285 3691 1342 3742 re-

256 3792 403 3885 quiritur
423 3801 551 3888 praeter
569 3801 724 3864 mutuam
742 3792 957 3864 charitatem.
976 3793 1027 3864 Ea
1045 3793 1194 3888 simplex
1212 3802 1247 3863 et
1263 3793 1341 3862 nul-

253 3915 295 3984 lis
316 3913 405 3985 fucis
426 3913 511 3985 illita
531 3925 598 4000 est,
621 3914 670 3986 nil
689 3914 815 4008 quaerit
836 3915 1005 3986 exterius.
1026 3915 1119 3985 Etsi
1138 3917 1248 3984 multa
1268 3933 1338 3986 uon

254 4035 424 4124 quaerenti
445 4035 634 4108 obveniant
661 4035 756 4130 (quis
782 4036 873 4108 enim
900 4036 1129 4109 amicitiarum
1156 4033 1338 4106 commoda

255 4161 358 4240 atque
378 4154 624 4228 oblectationes
645 4157 858 4250 enumeretf)
876 4157 1027 4232 charitas
1045 4166 1161 4228 tamen
1179 4155 1336 4229 stimulos
