3024 4802
438 353 532 404 nisse
553 353 1020 407 permonuimus-nussum
1042 355 1104 404 xvv.
1251 341 1310 403 555

229 514 323 567 nunc
355 493 458 564 etiam
484 491 529 563 de
561 491 719 562 libertate
743 500 889 563 certare.
911 491 957 562 O!
988 493 1202 564 nascentium
1229 512 1308 565 sors

199 685 201 694 ,
229 615 386 701 immitis,
402 635 541 709 semper
560 615 594 685 in
607 615 727 708 praelio
741 623 849 700 stare,
865 635 935 686 non
955 614 1129 686 adversus
1146 613 1310 705 alienige·

229 759 293 810 nas
308 746 441 810 tautum
460 737 596 822 hostes,
613 736 675 809 sed
694 735 866 810 adversus
881 736 1065 828 indigenas
1080 757 1189 829 seque
1202 737 1307 831 ipsos,

228 871 264 933 et
295 858 433 954 ancipiti
460 861 676 955 experientia
701 881 804 932 omne
832 867 970 953 tempus
997 858 1193 932 absumere.
1222 859 1309 954 Spes

228 982 339 1077 prima
358 993 394 1054 et
410 983 532 1054 ultima
545 983 706 1057 Christus
720 993 784 1076 est.
799 983 861 1054 lllo
878 1003 981 1077 opem
995 983 1126 1054 terente
1140 991 1175 1055 at
1188 981 1308 1056 hostes

228 1127 325 1179 meos
343 1106 479 1178 vincam
498 1105 663 1200 aquibus
681 1127 841 1202 persaepe
859 1105 940 1176 olim
959 1104 1073 1176 iunior
1085 1105 1200 1178 victus
1219 1126 1306 1190 sum,

227 1239 263 1302 et
283 1233 429 1302 asellum
451 1229 544 1302 hunc
561 1228 770 1302 inenodabili
784 1251 825 1301 ac
841 1228 959 1301 valido
975 1227 1126 1300 vinciam
1143 1225 1306 1320 capistro,

227 1374 271 1424 ne
290 1351 374 1423 mihi
395 1353 582 1425 lasciviens
600 1352 720 1424 dulces
744 1371 885 1424 somnos
903 1357 1007 1444 atque
1026 1349 1131 1422 animi
1153 1347 1308 1441 requiem

227 1476 433 1569 interpellet.
454 1476 492 1547 ln
517 1475 624 1548 rebus
646 1476 737 1560 aliis,
761 1497 850 1570 quas
870 1477 1027 1546 fortunas
1052 1479 1194 1557 vocant,
1221 1471 1310 1568 opti-

227 1620 306 1672 mus
326 1608 361 1671 et
386 1597 431 1670 ub
451 1599 620 1671 extremis
645 1597 921 1670 distantissimus
946 1605 1002 1669 est
1027 1596 1164 1668 modus.
1185 1597 1309 1668 Procul

226 1721 379 1806 miseria,
402 1723 521 1817 procul
546 1721 679 1816 inopia,
701 1724 820 1816 procul
846 1722 994 1807 divium,
1017 1721 1138 1815 procul
1163 1719 1306 1792 invidia.

226 1847 313 1918 Tuta
335 1867 433 1931 vero,
456 1843 568 1917 dulcis
589 1867 629 1918 ac
649 1847 758 1918 facilis
779 1846 1001 1919 mediocritas
1019 1853 1151 1941 praesto
1171 1855 1236 1917 est.
1258 1845 1309 1917 lta

225 1967 311 2037 mihi
327 1967 472 2038 videor:
492 1969 593 2038 lallor
612 1970 710 2038 forte.
732 1968 846 2039 Unum
866 1981 922 2040 est
941 1969 977 2039 in
997 1989 1067 2060 quo
1089 1967 1307 2039 mediocritas

225 2109 281 2160 me
301 2089 369 2160 istu
389 2109 460 2159 non
481 2089 650 2181 sequitur,
668 2086 774 2181 idque
795 2091 826 2160 si
846 2088 1056 2161 invidiosum
1075 2090 1162 2160 forte
1184 2111 1240 2160 me
1257 2090 1308 2160 lc-

225 2213 325 2298 cerit,
341 2233 410 2283 non
431 2211 546 2283 mirer.
565 2211 772 2281 Honoratior
790 2231 877 2296 sum,
896 2212 1021 2282 melius
1038 2209 1208 2282 dixissem
1226 2232 1309 2283 one-

226 2333 340 2419 ratior‚
358 2355 462 2428 quam
476 2335 534 2406 vel
551 2355 705 2427 unquam
723 2332 926 2428 optaverim,
950 2335 1005 2404 vel
1023 2353 1163 2425 semper
1179 2341 1307 2428 optatae

227 2456 273 2527 sit
291 2455 483 2550 expediens
504 2456 624 2550 quieti.
640 2456 761 2547 Neque
781 2454 864 2527 huic
880 2457 992 2527 solum
1009 2454 1172 2527 italorum
1194 2455 1307 2528 maxi-

226 2599 283 2650 mo
305 2578 450 2672 suisque
469 2577 672 2674 proceribus
699 2577 773 2663 ssd,
796 2577 891 2671 quod
911 2577 1084 2673 publicam
1107 2577 1172 2649 sim
1194 2579 1305 2652 dictu-

226 2721 287 2772 rus
305 2698 351 2772 ad
368 2703 523 2793 gloriam,
542 2703 603 2772 toli
621 2701 747 2796 populo
763 2698 981 2794 conspectior
1001 2699 1184 2793 cariorque
1200 2723 1306 2795 quam

227 2822 348 2893 merui.
371 2823 607 2906 Quadriennio
628 2823 706 2909 iam,
732 2833 769 2894 ut
785 2821 896 2907 vides,
919 2822 1054 2914 integro
1081 2823 1117 2893 in
1143 2821 1208 2894 hac
1233 2843 1307 2894 me-

225 2942 476 3017 diolanensium
498 2944 585 3017 urbe
611 2966 743 3018 moram
767 2947 873 3031 traxi,
892 2953 929 3017 et
948 2945 1017 3016 iam
1037 2943 1148 3038 quinti
1166 2944 1246 3016 unni
1266 2944 1309 3016 li-
1340 2963 1345 2972 ·

226 3087 305 3138 men
326 3045 511 3158 ingredior
533 3068 604 3140 Res
625 3069 742 3140 hercle
761 3089 827 3141 uec
847 3069 931 3140 mihi
954 3091 1120 3162 unquam,
1142 3089 1207 3141 nec
1226 3067 1303 3154 tibi,

225 3211 288 3261 nec
303 3189 466 3282 cuiquam
481 3189 671 3259 amicorum
692 3192 746 3260 vel
764 3191 832 3261 levi
846 3193 1021 3284 praesagio
1034 3201 1115 3264 ante
1129 3192 1206 3265 visa
1218 3219 1228 3264 ι
1241 3191 1306 3266 sed

225 3314 455 3385 humanarum
481 3331 598 3382 rerum
624 3312 841 3384 consuetudo
865 3322 921 3383 est
944 3323 1048 3385 vetus
1074 3335 1116 3386 ac
1135 3323 1305 3409 perpetua

224 3445 264 3506 ut
284 3433 374 3507 sicut
392 3432 476 3506 nihil
498 3443 632 3506 certum
654 3431 806 3504 omnium
829 3453 910 3525 quae
932 3454 1130 3526 speramus,
1151 3436 1200 3509 sic
1219 3437 1305 3510 nihil

224 3556 363 3628 omnino
384 3557 478 3650 quod
498 3565 629 3651 praeter
650 3577 746 3650 spem
772 3557 915 3628 evenire
935 3556 1065 3628 homini
1087 3578 1156 3630 non
1182 3561 1303 3652 possit.

223 3679 333 3751 Nemo
354 3702 393 3752 se
409 3682 504 3752 sallat
523 3687 585 3751 aut
605 3678 713 3752 dicat:
737 3677 792 3750 hic
818 3681 958 3762 moriar,
986 3680 1054 3752 illio
1074 3681 1204 3752 vivam.
1226 3680 1303 3753 Nou

223 3804 437 3898 respondent
452 3803 568 3875 exitus
586 3801 748 3875 consiliis.
768 3801 853 3872 Cum
874 3804 982 3873 multa
994 3801 1301 3898 circumspexeris,

223 3945 301 3996 cum
324 3926 384 3997 diu
402 3929 618 4019 multumque
631 3924 854 4017 cogitaveris,
875 3947 981 3996 unum
1003 3934 1037 3996 te
1057 3923 1188 4019 aliquid
1208 3926 1304 3996 fetet-

223 4047 310 4133 lerit,
326 4058 362 4120 et
378 4071 455 4121 cum
478 4051 585 4122 multa
608 4046 819 4134 decreveris,
832 4050 970 4121 fortuna
989 4047 1064 4120 iure
1086 4069 1151 4121 suo
1168 4049 1218 4120 uti
1239 4069 1302 4121 vo·

174 4263 177 4272 ,
222 4171 283 4256 lot,
310 4169 414 4265 inque
441 4171 510 4246 ictu
534 4173 623 4246 oculi
645 4170 796 4263 cogitata
820 4171 1045 4268 perverterit.¹
1060 4171 1098 4244 ln
1119 4171 1185 4244 hac
1214 4170 1300 4244 urbe
