3062 4798
389 363 482 412 LIBER
503 361 803 412 suarluusuuuluus
816 362 1019 412 -El’lS'l'OLll
1045 364 1064 411 l.
1210 351 1267 412 dil

190 521 314 572 verum
335 500 458 582 fatear,
481 521 550 570 non
573 511 608 570 tu
632 497 698 571 hoc
721 499 795 571 sine
817 507 1028 593 praeceptore
1048 499 1267 591 perceperis:

191 623 256 694 sed
275 643 356 692 eum
379 620 542 692 habueris
564 631 812 714 praeceptorem
833 621 892 714 qui
914 642 981 692 non
1004 617 1133 692 ta'ntum
1156 624 1269 694 colere

190 744 301 838 possit
320 743 506 834 ingenium,
527 744 591 815 sed
607 743 747 834 largiri,
767 743 834 820 sub
850 765 921 836 quo
941 752 975 814 te
993 742 1092 814 brevi
1115 752 1268 835 tempore

189 867 379 960 profecisse
396 865 485 936 adeo
502 888 570 937 non
589 866 714 948 miror;
732 887 812 936 cum
830 887 924 958 saepe
940 865 1034 937 dicto
1050 865 1152 936 citius
1174 887 1270 936 sum-

190 1010 281 1059 mam
310 988 365 1057 ille
386 986 550 1058 virtutem
569 1009 610 1059 ac
628 987 832 1080 sapientiam
854 986 970 1058 multis
992 986 1161 1069 infuderit,
1181 987 1269 1056 mul-

190 1119 244 1180 tos
268 1131 315 1180 ex
339 1109 418 1180 imis
446 1109 597 1180 tenebris
624 1108 668 1180 ad
695 1129 891 1201 supremam
920 1109 1030 1180 lucem
1058 1117 1143 1178 nutu
1164 1108 1269 1178 mise-

190 1241 286 1303 rante
306 1231 523 1315 subvexerit,
553 1241 586 1302 te
607 1253 746 1324 quoque
766 1253 859 1302 nunc
884 1232 989 1300 lrater
1010 1229 1208 1324 aspiciendo
1234 1241 1269 1300 et

188 1352 386 1425 miserando
406 1353 544 1424 doctum
570 1374 617 1423 ex
637 1352 788 1436 indocto,
815 1351 915 1424 etde
940 1353 1108 1442 naufrago
1129 1352 1266 1422 salvum

188 1474 276 1545 lecit.
299 1474 348 1545 llli
369 1474 491 1546 laudes
516 1483 551 1545 ct
571 1473 718 1565 gratias,
741 1494 811 1543 non
832 1472 907 1556 tihi,
930 1493 975 1543 ne
994 1471 1080 1564 quid
1099 1473 1186 1542 sorte
1213 1491 1267 1542 me

187 1596 247 1666 tihi
269 1594 370 1666 hodie
391 1596 568 1667 adulatum
590 1607 713 1689 putes3
736 1594 830 1688 quod
851 1594 881 1664 si
902 1615 1080 1686 nunquam
1102 1595 1176 1677 leci,
1198 1615 1268 1664 non

185 1728 241 1787 est
261 1717 365 1788 huius
390 1719 503 1790 aetatis
529 1727 568 1789 ut
587 1717 760 1812 incipiam.
789 1717 952 1789 Solehant
977 1715 1140 1808 equidem
1164 1715 1268 1820 prisci

185 1839 252 1910 viri
273 1840 467 1912 studiorum
492 1861 601 1912 causa
626 1839 808 1934 Cecropias
834 1839 990 1910 Athenas
1018 1849 1146 1931 petere,
1176 1857 1264 1927 prae·

185 1962 305 2032 sertim
326 1972 512 2053 antequam
540 1971 577 2031 ut
602 1961 735 2034 militiae
756 1972 860 2053 atque
887 1960 1039 2055 imperil,
1064 1960 1113 2031 slc
1139 1959 1267 2030 littera-

186 2105 263 2152 rum
291 2103 430 2174 quoque
455 2085 565 2154 Roma
590 2085 667 2154 lons
687 2094 794 2154 esset.
817 2083 941 2154 Nostra
963 2084 1091 2152 saecula
1113 2080 1263 2152 Parisios

59 2204 63 2210 '
183 2212 244 2274 aut
263 2202 452 2273 Bononiam
474 2213 603 2296 petunt,
624 2225 729 2296 qnam
752 2223 826 2285 nos,
849 2201 1045 2284 meministi,
1068 2202 1173 2272 etiam
1194 2201 1265 2295 pri-

184 2344 240 2394 ma
253 2333 355 2393 aetate
369 2321 568 2415 petivimus:
582 2323 677 2415 quod
691 2325 819 2394 lrustra
832 2320 973 2414 quidem
988 2320 1051 2394 sed
1065 2341 1159 2414 saepe
1180 2323 1267 2393 ami-

182 2464 301 2514 corum
321 2444 494 2537 cupiditas
514 2455 638 2536 questa
659 2453 736 2514 est:
759 2463 823 2515 nos
843 2452 959 2514 autem
979 2463 1119 2536 semper
1139 2464 1208 2514 non
1230 2443 1265 2514 in

186 2564 304 2635 ultima
328 2564 525 2636 divinorum
547 2587 728 2636 munerum
754 2575 852 2657 parte
876 2564 1070 2657 posuimus.
1093 2566 1143 2634 lta
1164 2587 1264 2657 pere-

183 2683 395 2774 grinationes
420 2695 644 2782 sumptuosas
665 2697 768 2776 atque
786 2684 942 2756 difficiles
963 2685 1067 2756 avide
1085 2683 1179 2756 subit
1199 2685 1264 2756 hu-

181 2827 283 2876 mana
303 2807 464 2892 durities,
487 2811 690 2902 nullumque
712 2808 845 2902 respuit
866 2807 1033 2890 lahorem,
1057 2828 1126 2898 quo
1145 2791 1279 2878 vento-¹

183 2945 232 2995 sae
252 2948 333 3020 pars
357 2950 423 2999 una
444 2928 686 3023 philosophiae,
706 2939 766 3000 aut
786 2931 904 3020 legum
926 2926 1092 2998 insidiosa
1114 2930 1265 3020 loquaci·
1373 2951 1376 2958 ⁴

181 3057 234 3118 tas
254 3059 447 3138 quaeratur,
474 3071 515 3121 ac
535 3051 682 3141 singulis
704 3050 904 3121 hauriendis
926 3048 1156 3121 exhauriatur
1175 3060 1263 3122 aetas

180 3176 261 3250 tota,
280 3167 373 3237 nulla
389 3179 486 3259 parte
505 3173 667 3263 temporis
684 3171 776 3242 curis
799 3168 998 3243 melioribus
1015 3170 1190 3264 deputata.
1213 3174 1264 3244 Tu

179 3309 297 3358 veram
332 3285 582 3380 philosophiam
608 3311 797 3382 veramque
822 3294 936 3381 legem
961 3291 1025 3359 vix
1049 3291 1133 3362 dum
1163 3295 1263 3388 pleno

179 3408 346 3481 decennio
366 3409 528 3483 didicisti.
549 3411 637 3480 Nolo
656 3410 748 3480 enim
769 3411 921 3502 opineris
943 3413 1034 3482 hanc
1053 3433 1132 3484 esse
1153 3415 1262 3504 philo-

180 3531 336 3625 sophiam
356 3554 460 3625 quam
488 3532 521 3602 in
543 3555 610 3604 una
640 3531 724 3603 urhe
746 3531 837 3602 mille
863 3554 954 3603 nunc
979 3531 1138 3604 homines
1158 3534 1264 3626 proli-

180 3661 314 3725 tantur:
331 3676 399 3726 non
413 3654 502 3726 adeo
524 3656 667 3745 vulgare
687 3652 814 3724 honum
836 3662 905 3740 est,
928 3664 967 3724 ut
986 3654 1082 3725 multi
1103 3653 1260 3726 credunt.

179 3775 261 3846 Haec
285 3795 389 3867 quam
414 3775 633 3869 prostitutam
661 3776 767 3864 vulgo
791 3775 965 3846 cernimus
990 3774 1073 3865 quid
1099 3774 1259 3860 intendit,

178 3894 244 3966 nisi
266 3897 408 3968 sollicite
434 3906 539 3989 atque
564 3895 667 3967 auxie
691 3895 783 3967 circu
806 3896 1067 3988 questiunculas
1092 3910 1127 3968 et
1151 3895 1261 3970 verha

177 4019 320 4105 versari,
341 4040 488 4112 quorum
509 4018 704 4110 ignorantia
724 4041 793 4090 non
814 4037 907 4110 saepe
928 3993 1042 4089 miuus
1065 4028 1150 4106 tuta,
1172 4023 1259 4092 sorte

176 4139 279 4210 eliam
314 4141 418 4213 tutior
442 4162 545 4234 quam
574 4138 718 4213 scientia
744 4141 821 4212 est‘l
854 4141 903 4212 lta
930 4139 1067 4233 penitus
1094 4143 1258 4216 oblivioni
