2988 4800
268 314 326 374 131
607 327 648 372 nn
669 327 770 376 nanus
791 328 1012 378 arbitraturus

269 461 354 545 sitis,
370 461 417 530 nil
434 461 572 531 aliunde
593 461 837 555 trepidandum
861 475 926 534 est.
952 465 1050 542 Vale,
1072 463 1202 534 ducum
1224 487 1264 535 ac
1286 468 1359 536 vi-

268 605 385 654 rorum
406 583 542 675 optime.

408 730 525 799 Patavii,
542 730 600 785 XV.
622 729 682 785 Kal.
698 731 802 804 Aprilis
815 733 851 785 M.
868 730 942 786 CCC.
958 730 1003 785 LI.

766 1031 842 1040 -—-.-

683 1292 860 1358 EPlSTOLA
882 1295 927 1357 lX.

384 1514 576 1564 Falnctscus
597 1516 765 1564 ruraliter
787 1516 920 1564 IOHANNI
941 1517 1080 1566 ARETINO
1102 1519 1128 1566 S.
1150 1520 1176 1567 P.
1201 1521 1231 1568 D.

309 1711 452 1766 Severiana
467 1711 568 1765 nostris
583 1711 696 1781 antiqua
709 1727 826 1782 quaeque
838 1709 936 1766 fuisse:
952 1727 1038 1782 seque
1051 1711 1131 1766 illum
1146 1711 1181 1767 ad
1195 1712 1303 1767 Vallem

570 1800 698 1854 Clausam
712 1799 872 1872 propediem
887 1806 1040 1873 expectare.

324 2091 326 2096 ¹
364 2067 545 2159 Speratum
560 2065 719 2136 solatium
736 2065 852 2137 Padus
870 2064 1071 2135 abstulerat.
1088 2063 1179 2134 Nihil
1191 2065 1345 2138 ioculare

266 2189 360 2282 quod
386 2189 576 2262 scriberem
593 2188 670 2272 luit,
685 2187 753 2258 nisi
770 2188 854 2260 illud
865 2196 920 2259 sat
935 2188 1078 2260 lorsitan
1096 2189 1169 2259 risu
1186 2189 1343 2280 dignum,

269 2312 444 2406 quaesisse
459 2310 564 2382 anxie
581 2311 676 2403 quod
694 2311 853 2383 riderem.
876 2310 1047 2394 Severior,
1070 2321 1238 2403 quantum
1259 2312 1344 2382 mibi

268 2435 416 2518 videtur,
432 2433 631 2525 antiquitas,
645 2442 732 2504 aetas
746 2445 866 2532 nostra
882 2433 1045 2504 iocosior:
1063 2433 1203 2525 quando
1219 2442 1346 2506 natura

268 2581 384 2628 rerum
406 2566 462 2627 est
481 2567 520 2627 ut
539 2557 573 2626 in
594 2578 696 2628 curas
718 2557 834 2640 seriis,
858 2555 893 2626 in
918 2555 1012 2628 iocos
1038 2555 1175 2651 ineptiis
1201 2577 1346 2628 movea-

267 2705 355 2752 mur.
378 2681 489 2752 Crede
521 2681 619 2765 mibi,
643 2681 720 2772 plus
753 2702 858 2772 quam
893 2681 1002 2751 semel
1034 2679 1171 2750 risisset
1192 2680 1344 2750 Crassus

269 2805 324 2874 ille
338 2803 462 2886 senior,
473 2804 504 2874 si
518 2802 584 2874 sibi
597 2801 677 2872 nobi
683 2823 779 2872 scum
793 2801 915 2872 vivere
928 2801 1141 2892 contigisset,
1159 2803 1346 2894 saeclisque

268 2927 398 2998 collatis
419 2924 702 3019 intempestivum
716 2924 825 2996 risum
844 2945 948 2996 suum
963 2925 1179 2996 Democritus
1197 2947 1266 2996 non
1283 2947 1347 2996 ne-

269 3059 408 3143 gasset:
431 3057 480 3118 tot
493 3049 595 3120 modo
611 3047 725 3119 stultis
744 3047 896 3133 senibus,
917 3057 966 3122 tot
982 3047 1209 3120 delirantibus
1226 3049 1347 3119 anicu-

269 3173 311 3245 lis
332 3174 435 3266 plena
455 3181 536 3244 sunt
561 3171 687 3255 omnia,
722 3179 760 3241 ut
791 3193 901 3243 vanos
934 3195 975 3244 ac
1008 3171 1170 3242 ridiculos
1198 3171 1345 3244 iuvenes

270 3295 542 3390 praetermittam.
564 3297 686 3366 Coram
708 3307 822 3368 tamen
842 3297 911 3368 ista
927 3296 1122 3368 iucundius.
1141 3299 1179 3367 ln
1197 3297 1347 3368 transitu

271 3417 410 3513 Alpium
425 3418 485 3490 tibi
506 3418 582 3490 baec
603 3417 732 3491 scribo:
753 3443 797 3491 ne
817 3419 947 3492 litteras
968 3417 1109 3514 Alpinas
1126 3429 1346 3513 angustoque

272 3547 347 3618 loco
366 3565 408 3615 ae
428 3540 574 3633 tempori
594 3545 803 3614 conformem
824 3543 1005 3638 epistolam
1026 3544 1171 3616 mireris.
1195 3546 1247 3616 Tu
1266 3567 1344 3629 me,

272 3689 349 3753 oro,
371 3666 551 3738 confestim
573 3687 732 3758 sequere,
754 3675 789 3737 et
808 3665 922 3750 facies,
943 3668 1022 3738 scio.
1042 3668 1179 3739 blallem
1204 3667 1348 3740 comita·

274 3791 377 3875 reris,
399 3801 439 3860 ut
459 3811 553 3882 saepe
574 3790 676 3861 alias:
699 3789 762 3860 sed
781 3791 873 3860 nulla
892 3789 1086 3864 iucunditas
1103 3791 1159 3862 bic
1178 3799 1348 3884 perpetua

178 3932 182 3940 '‘
274 3925 338 3986 est.
360 3913 416 3986 Ad
436 3914 563 3985 fontem
584 3912 717 4004 sergiae
739 3920 772 3982 te
789 3921 935 4004 expecto
952 3915 1064 3986 locum
1087 3937 1224 4011 semper
1241 3915 1349 3986 mira-

275 4037 377 4106 bilem
399 4045 502 4131 atque
531 4058 721 4108 amoenum:
748 4037 812 4110 sed
838 4047 961 4110 aestate
981 4039 1192 4132 persimilem
1216 4039 1347 4131 campis

276 4157 414 4253 Elysiis.
449 4160 519 4230 lllic
545 4160 794 4250 aliquantulum
827 4162 1081 4257 respirabimus
1114 4162 1208 4257 prius
1242 4185 1346 4255 quam
