2988 4800
406 314 498 362 niuno
519 311 923 362 nonnullius-nurerum
947 313 1010 360 viu.
1191 301 1246 363 tlt

156 456 230 524 tina
257 452 316 522 vis
344 451 484 542 ingruat
506 437 618 520 adtsi
643 470 712 542 qua
732 447 928 532 barbaries,
957 447 1052 541 quod
1077 449 1248 522 interdum

158 573 222 646 sed
244 593 428 666 nunquam
449 572 666 662 gratisausa
685 579 753 655 est,
777 565 866 640 fines
888 577 1028 638 nostros
1055 567 1246 661 irrumpat,

157 697 262 792 primi
284 695 468 768 vobiscum
491 715 586 766 arma
603 715 667 789 pro
688 693 924 765 communium
946 693 1161 762 fortunarum
1188 692 1250 764 de-

158 817 320 889 fensione
342 817 542 910 suscipient,
566 817 626 908 qni
653 817 754 887 simul
773 826 914 908 pectora
933 837 997 885 sua
1022 816 1123 886 morti
1145 825 1249 909 atque

159 939 349 1011 hostilibus
370 938 447 1009 telis
469 938 647 1024 obiicient,
669 937 729 1032 qui
749 947 785 1008 et
805 937 933 1009 vestris
953 948 1114 1030 tegentur
1131 947 1166 1009 et
1184 961 1248 1011 vos

159 1063 293 1158 clypeis
315 1070 351 1131 et
370 1061 573 1155 corporibus
602 1061 674 1132 suis
697 1071 832 1152 tegent,
861 1060 920 1153 qui
941 1062 1106 1154 profugos
1127 1062 1248 1134 hostes

159 1185 336 1257 classibus
357 1195 624 1278 prosequentur,
645 1183 775 1276 pariter
793 1183 930 1268 vivent,
950 1185 1079 1276 pariter
1097 1186 1247 1257 morien-

161 1319 231 1394 tur,
264 1309 398 1403 pariter
430 1307 649 1400 pugnabunt,
686 1305 814 1394 paritor
844 1306 1116 1400 triumphabunt.
1147 1308 1246 1378 Tales

160 1433 266 1524 igitur
288 1431 354 1494 hos
375 1421 471 1493 viros
489 1433 629 1516 propter
647 1423 736 1495 levis
753 1423 898 1496 forsitan
917 1428 1109 1500 iracundiae
1126 1430 1247 1501 stimu-

159 1551 208 1619 los
228 1545 413 1628 invadere,
436 1555 487 1631 et,
510 1569 721 1639 quamquam
743 1548 885 1641 impune
906 1549 1039 1642 possis,
1062 1562 1244 1637 evertere,

160 1669 242 1762 quid
260 1668 499 1740 delectationis
517 1668 656 1754 habeat,
677 1691 746 1740 uon
765 1670 928 1763 intelligo.
947 1673 1081 1743 Norunt
1098 1675 1246 1746 fortasse

161 1790 285 1862 melius
305 1791 438 1862 incensi
459 1790 689 1884 quorumdam
706 1793 825 1878 animi,
849 1794 909 1887 qui
930 1794 1099 1888 supplicio
1120 1796 1247 1867 amico—

161 1937 236 1986 rum
258 1923 295 1984 et
317 1914 469 1986 vindicta
486 1916 720 2008 quarumlibet
737 1917 948 1988 offensarum
975 1940 1070 1988 more
1096 1920 1245 1990 femineo

161 2040 390 2112 delectantur:
412 2041 566 2131 profecto
587 2061 651 2111 nec
673 2040 753 2110 utile
779 2062 843 2112 nec
869 2041 1068 2124 honesturn,
1091 2040 1242 2134 deniquo

159 2187 222 2236 nee
243 2164 435 2234 humanum
458 2175 522 2233 est.
545 2163 659 2234 Satius
685 2174 739 2232 est
771 2161 930 2233 oblivisci
950 2162 1111 2232 iniuriam
1134 2184 1237 2255 quam

160 2288 293 2372 ulcisci,
316 2297 351 2357 et
371 2285 545 2356 inimicum
567 2287 705 2380 placare
726 2306 829 2377 quum
851 2283 1009 2377 perdere,
1032 2285 1127 2354 illum
1150 2305 1239 2380 prae-

162 2410 260 2506 cipue
277 2411 378 2481 cnins
392 2418 427 2480 et
441 2409 564 2480 merita
577 2417 847 2504 praecesserunt,
864 2418 910 2486 et.
931 2407 961 2478 si
975 2408 1010 2479 in
1024 2410 1171 2500 gratiam
1185 2429 1241 2478 re-

162 2532 276 2615 dierit,
298 2531 398 2624 seqni
415 2541 572 2624 possunt.
590 2533 721 2625 Nempe
740 2533 770 2602 si
789 2530 970 2624 utrobique
989 2553 1051 2624 par
1068 2531 1164 2602 labor
1183 2551 1240 2603 es-

162 2668 229 2741 set,
251 2666 366 2727 tamen
386 2655 617 2727 mansuetudo
638 2656 816 2726 hominum
837 2663 905 2740 est,
929 2657 1079 2726 terarum
1106 2656 1238 2727 rabies:

161 2802 271 2873 eaque
289 2801 357 2850 non
375 2778 539 2862 omnium,
551 2779 619 2874 ,sed
635 2778 853 2871 ignobilium,
869 2777 1005 2873 et'quas
1021 2779 1161 2850 sinistra
1178 2802 1241 2850 na-

161 2915 248 2975 turae
262 2923 388 2973 manus
402 2901 524 2993 attigit.
540 2902 574 2971 Si
592 2901 698 2994 igitur
710 2901 799 2975 inter
811 2905 1027 2975 consultores
1043 2913 1134 2987 tuos,
1151 2924 1239 2995 quos

159 3026 325 3120 plurimos
347 3025 645 3119 gravissimosque
659 3049 729 3098 non
746 3027 880 3112 dubito,
900 3049 979 3099 mea
996 3050 1068 3099 vox
1089 3025 1237 3108 auditur,

158 3172 226 3221 non
248 3149 351 3220 modo
371 3147 570 3219 venientem
591 3170 660 3219 non
682 3153 827 3244 repelles
848 3173 982 3246 pacem,
1004 3150 1066 3221 sed
1084 3152 1174 3220 ultro
1191 3149 1246 3219 illi

157 3245 297 3344 obviam
330 3271 415 3357 ibis,
443 3282 478 3342 et
504 3272 726 3345 tenacissime
752 3278 958 3368 complexus
979 3273 1170 3358 inventam,
1198 3282 1235 3342 ut

157 3395 250 3491 apud
270 3415 336 3467 vos
357 3404 528 3466 aeternum
550 3405 688 3468 maneat
705 3397 858 3482 curabis,
877 3399 971 3492 quod
989 3397 1122 3470 facilius
1140 3417 1235 3468 asse-

157 3519 287 3611 queris
305 3517 344 3603 si,
360 3518 530 3612 quidquid
550 3520 627 3605 erit,
649 3519 798 3593 sobriam
820 3503 1125 3612 venerandamque
1142 3520 1237 3590 cani-

156 3642 237 3712 tiem
259 3642 294 3710 in
315 3641 448 3712 consilii
468 3651 602 3734 partem
617 3665 733 3716 voces.
754 3647 832 3716 lllos
848 3644 943 3728 audi,
959 3643 1017 3736 qui
1036 3652 1071 3712 et
1087 3644 1235 3712 fortunae

156 3764 257 3836 ludos
290 3785 395 3836 nosse
431 3773 467 3836 et
500 3789 617 3839 amare
643 3766 905 3860 llempnblioam
933 3764 1137 3836 didicerunt.
1174 3764 1234 3834 His

157 3888 247 3957 enim
267 3886 416 3960 dulcedo
436 3888 531 3984 pacis
557 3900 612 3960 est
633 3890 775 3982 gratior,
804 3888 862 3982 qni
888 3888 1049 3959 contrarii
1069 3887 1235 3958 amaritu-

156 4009 272 4082 dinem
293 4019 564 4105 praegustarunt.
587 4013 710 4084 Caeteri
735 4033 820 4105 ergo
848 4020 1023 4104 tamquam
1048 4009 1144 4104 pacis
1172 4011 1235 4080 ho-

157 4141 226 4206 stes
243 4156 264 4206 a
285 4134 402 4248 limine
423 4145 617 4207 arceantur.
637 4137 756 4230 Neque
776 4135 868 4207 enirn
889 4142 1004 4205 tamen
1017 4134 1093 4206 illos
1108 4134 1232 4207 admit-

281 4266 310 4306 n.
1062 4257 1078 4307 9
