3024 4802
557 375 560 380 '
585 377 634 423 ⁴DE
656 376 756 424 REBUS
779 374 1001 424 rnttlttttttoos

657 659 834 723 nnrsuotn
856 661 935 722 xvn.

304 866 497 916 Fnrtnctscns
519 866 688 915 Pnrntnct
710 866 840 915 GUIDONl
861 865 1114 917 ancfliurtscono
1135 868 1294 919 onnonnst

735 971 761 1018 S.
784 972 811 1019 P.
834 973 865 1020 1).

318 1156 397 1222 Quod
411 1157 440 1211 in
455 1156 534 1227 copia
549 1171 644 1210 rerum
659 1155 783 1210 omnium
798 1159 962 1226 paupertate
976 1156 1068 1226 potios
1083 1171 1167 1228 quam
1182 1155 1283 1212 divitiis

700 1245 760 1314 ipse
773 1245 891 1300 laboret.

352 1486 520 1560 Putabam
537 1489 663 1581 plenus
677 1505 778 1558 esses
795 1487 864 1557 mei
882 1508 1070 1578 rerumque
1089 1508 1262 1571 mearum,
1277 1487 1341 1560 sed

255 1610 365 1682 amori
386 1609 471 1681 nibil
491 1622 546 1682 est
567 1610 653 1684 satis
672 1609 758 1680 dum
781 1620 945 1703 superest
961 1609 1094 1702 aliquid
1110 1633 1181 1703 quo
1197 1611 1338 1704 aspiret.

255 1736 300 1807 Et
319 1734 451 1827 quaeris
471 1733 587 1804 adhuc
607 1755 652 1803 an
672 1733 782 1816 samae,
797 1753 878 1824 quae
898 1755 954 1804 me
970 1730 1105 1804 divitiis
1124 1744 1265 1805 auctum
1285 1756 1341 1804 re-

254 1858 328 1941 sert,
352 1855 515 1927 habenda
536 1856 581 1928 sit
601 1853 707 1938 fides,
729 1875 811 1948 quae
831 1853 926 1940 mihi,
947 1855 977 1926 si
997 1855 1117 1928 habita
1133 1867 1236 1939 esset,
1258 1866 1339 1926 nota

254 1990 289 2051 et
321 1989 499 2072 comperta
530 1997 602 2048 non
634 1998 829 2070 quaerereS,
863 1975 1140 2050 mediocritatem
1167 1980 1338 2072 professo.

253 2102 462 2175 Diuitiarum
484 2100 633 2195 quaestio
655 2097 855 2179 suboritur:
878 2099 929 2170 sio
954 2111 993 2172 ut
1016 2099 1123 2173 video
1148 2098 1339 2192 superioris

255 2227 414 2318 epistolae
440 2221 528 2296 fides
553 2234 666 2296 nutat:
689 2223 783 2316 quod
808 2245 902 2294 nuno
934 2222 1094 2314 cogitans
1119 2220 1239 2294 brevis
1266 2243 1337 2294 ero.

255 2351 356 2442 Saepe
375 2349 468 2420 enim
494 2347 711 2439 multiloquio
732 2344 820 2418 fides
840 2344 959 2430 deest,
981 2356 1016 2418 et
1039 2345 1223 2439 operosius
1248 2344 1341 2418 affir-

255 2473 363 2543 manti
383 2471 499 2542 minus
520 2470 686 2542 creditur.
708 2469 819 2562 igitur
839 2470 1034 2542 accessisse
1059 2469 1191 2563 aliquid
1214 2467 1339 2562 opibus

255 2616 324 2667 uon
346 2616 489 2686 negem,
513 2594 590 2680 sed,
618 2592 849 2680 mihicrede,
877 2597 1077 2688 plusculum
1103 2596 1252 2668 accessit
1277 2598 1341 2666 im-

255 2739 386 2811 pensae.
408 2719 484 2789 Mos
506 2716 570 2789 tibi
594 2728 699 2790 notus
726 2730 781 2790 est
808 2739 917 2790 meus.
945 2719 990 2790 Ut
1014 2718 1338 2812 nunquam'ditior,

257 2841 308 2912 sic
340 2860 404 2912 nec
435 2839 623 2934 pauperior
644 2861 797 2931 unquam
817 2839 883 2910 fui:
905 2859 975 2910 non
1001 2839 1097 2931 quod
1121 2841 1192 2911 ulla
1216 2861 1340 2931 egeam

256 2982 308 3045 re,
343 2982 468 3052 nempe
500 2960 656 3030 omnium
691 2961 793 3031 solito
825 2958 1074 3033 abundantior:
1108 2983 1222 3054 neque
1258 2961 1339 3034 ideo

255 3083 350 3174 quod
381 3092 508 3154 natura
531 3082 732 3155 divitiarum
760 3093 829 3167 est,
852 3095 891 3156 ut
914 3086 967 3156 eis
988 3084 1228 3159 crescentibus
1263 3086 1339 3158 sitis

255 3214 390 3276 crescat
409 3205 561 3288 illarum,
580 3224 662 3297 quae
678 3205 792 3276 maior
809 3206 930 3300 utique
949 3219 1005 3280 est
1024 3219 1213 3301 paupertas
1234 3230 1339 3302 quam

256 3329 323 3400 illis
350 3327 454 3400 simul
473 3350 664 3421 earumque
684 3326 862 3402 desiderio
882 3331 1063 3403 caruisse:
1085 3331 1260 3404 imovero
1281 3331 1340 3401 illa

256 3461 442 3548 paupertas
464 3451 599 3536 ultima,
623 3450 680 3522 he
700 3449 834 3524 divitiae
859 3455 981 3545 primae
1006 3461 1099 3526 sunt.
1125 3452 1196 3526 Nec
1222 3453 1253 3524 si
1278 3473 1341 3524 ve·

256 3597 333 3646 rum
353 3571 538 3669 quaeritur,
560 3575 630 3645 utta
649 3574 761 3672 maior
781 3585 836 3648 est
853 3575 967 3670 inopia
986 3599 1092 3670 quam
1114 3579 1222 3648 multa
1241 3583 1340 3668 opta-

256 3721 308 3784 re3
330 3720 394 3772 nee
414 3698 548 3770 divitiae
566 3698 718 3770 maiores
736 3718 842 3790 quam
860 3719 925 3772 suo
942 3720 1023 3772 esse
1041 3708 1252 3772 contentum.
1271 3699 1340 3770 Ne-

254 3843 324 3915 que
356 3843 442 3894 vero
475 3819 551 3893 fieri
583 3829 699 3914 potest
731 3822 808 3892 sive
840 3830 880 3896 ut
912 3821 1007 3916 quod
1040 3822 1191 3916 quisque
1216 3821 1341 3894 acriter

255 3943 468 4038 concupiscit
493 3965 563 4016 non
586 3944 710 4017 eodem
730 3943 835 4016 valde
861 3954 979 4037 egeat,
1008 3944 1085 4016 sive
1115 3953 1152 4017 ut
1176 3965 1219 4016 eo
1250 3923 1351 4012 indi-=

257 4074 337 4151 geat
365 4065 460 4158 quod
486 4089 555 4140 non
581 4069 685 4160 cupit.
713 4065 768 4140 Ab
787 4067 923 4160 egendo
945 4076 1060 4140 autem
1081 4087 1209 4140 nomen
1230 4064 1340 4136 traxit

256 4195 413 4270 egestas,
435 4209 516 4276 quae
537 4188 572 4260 id
594 4191 706 4280 ipsum
726 4200 782 4262 est
802 4192 895 4282 quod
917 4192 1030 4282 inopia
1055 4193 1115 4264 vel
1139 4197 1336 4283 paupertas
