2988 4800
258 364 315 426 tlt
596 379 636 426 nn
657 377 758 426 annus
778 375 997 425 rnurcrnnmus

258 527 371 587 terum
393 517 505 587 omnis
522 515 598 586 dies
616 515 763 600 bomini,
786 516 890 586 etiam
907 535 999 584 nunc
1016 512 1147 585 morbis
1167 513 1326 602 obnoxio,

158 659 161 666 ·
258 661 388 712 novum
410 638 549 731 aliquod
565 639 609 711 de
628 639 739 734 ipsius
760 646 872 710 morte
894 637 1081 730 suspirium
1103 639 1212 731 parit,
1231 648 1281 723 ut,
1301 639 1329 709 si

258 773 378 834 cuncta
400 761 522 834 litteris
543 762 708 834 mandare
740 760 859 846 velim,
891 762 941 830 nil
973 763 1045 832 lere
1071 759 1165 833 aliud
1190 771 1329 832 acturus

259 885 508 978 sim,.ide0que
533 886 648 956 ventis
674 884 838 956 mandare
864 883 1055 958 consultius
1076 885 1136 955 sit:
1156 885 1329 956 interdum

259 1018 377 1086 tamen¹
395 1018 429 1079 et
448 1008 584 1092 litteris,
607 1009 710 1101 quale
730 1019 785 1078 est
804 1005 889 1079 illud
907 1007 1098 1100 quodcum
1119 1007 1247 1079 nudius
1265 1017 1332 1079 ter-

259 1129 328 1200 tius
354 1129 579 1221 digressurus
608 1131 765 1215 Patavio,
800 1129 843 1202 ad
876 1131 1077 1202 memoriam
1110 1151 1330 1203 revocassem

259 1262 418 1346 rogatum
440 1276 509 1339 me,
528 1263 578 1339 ut,
598 1254 692 1346 quod
713 1254 789 1325 sine
809 1253 971 1348 precibus
988 1251 1112 1339 debeo,
1135 1254 1182 1324 illi
1198 1275 1279 1326 caro
1299 1266 1333 1326 et

258 1384 372 1448 amato
384 1375 491 1447 cineri
503 1376 642 1470 aliquod
654 1377 867 1472 epigramma
881 1375 1146 1462 subscriberem,
1163 1377 1226 1450 sed
1240 1378 1332 1451 diem

259 1498 380 1571 dedic
401 1499 592 1570 trahentem
613 1499 829 1590 neglexisse,
852 1498 945 1570 dolui
966 1521 1102 1571 mecum
1127 1475 1163 1571 et
1186 1499 1331 1584 erubui,

258 1621 447 1717 quidquam
467 1621 607 1692 omnino
624 1631 695 1692 tam
713 1622 769 1713 pio
785 1633 820 1693 et
837 1630 908 1693 tam
924 1621 1040 1694 debito
1056 1622 1225 1716 obsequio
1245 1643 1336 1715 prae-

259 1748 376 1816 latum.
399 1745 554 1837 Cumque
575 1744 644 1813 iam
663 1745 865 1837 frequentes
886 1745 1030 1816 afferent
1053 1745 1114 1839 qui
1138 1767 1195 1838 me
1214 1767 1337 1839 prose-

259 1878 459 1963 querentur,
481 1878 516 1939 et
536 1866 571 1937 in
591 1867 710 1961 primis
730 1869 902 1962 promissa
922 1878 1156 1962 reposcerent,
1175 1889 1255 1961 quae
1270 1889 1335 1940 nec

259 1993 379 2086 negari
393 1992 504 2086 pudor
523 1991 662 2075 sineret,
677 2013 741 2063 nec
754 2000 893 2087 tempus
906 1991 1054 2085 impleri,
1068 1990 1153 2084 quid
1164 1993 1336 2063 lacerem?

260 2117 357 2211 Coepi
377 2117 507 2210 impetu
529 2116 559 2187 si
579 2137 650 2209 quo
669 2114 773 2188 modo
793 2136 933 2209 possem
954 2115 1082 2187 addere
1108 2116 1221 2186 calcar
1239 2115 1337 2206 iuge-

260 2241 330 2322 ni0;
355 2244 597 2335 profectusque
617 2261 696 2311 cum
713 2237 834 2333 paucis
855 2237 900 2310 ad
921 2238 1069 2332 sepulcri
1089 2237 1217 2322 locum,
1235 2235 1335 2329 quasi

258 2363 430 2436 licentiam
456 2385 561 2457 quam
594 2385 614 2434 a
638 2363 780 2435 vivente
806 2382 1073 2443 consueveram,
1109 2359 1154 2433 ab
1183 2359 1335 2431 exanimi

260 2496 495 2580 percepturus.
520 2484 767 2578 Intempestiva
787 2484 873 2556 bora
893 2483 961 2556 diei
982 2493 1072 2568 erat,
1094 2481 1336 2575 obseratisque

260 2607 377 2702 templi
396 2606 528 2678 loribus
548 2614 583 2679 et
604 2604 867 2678 meridiantibus
887 2607 1041 2691 aedituis,
1059 2605 1124 2677 vix
1145 2603 1334 2689 admissus

260 2729 367 2802 iussis
385 2739 570 2823 expectare
589 2729 790 2814 comitibus,
814 2729 948 2802 accessi
966 2732 1063 2802 solus
1083 2727 1128 2801 ad
1148 2731 1333 2813 tumulum,

262 2851 406 2946 sedique
426 2853 536 2937 iuxta,
557 2861 591 2922 et
611 2871 681 2922 nou
701 2852 924 2944 responsuris
944 2853 1086 2924 ossibus
1111 2850 1220 2923 verba
1242 2849 1333 2923 dedi.

262 2975 332 3046 lllic
348 2996 432 3066 ergo
446 2995 507 3067 pro
521 2983 675 3067 tempore
687 2973 933 3046 brevissimam
952 2996 1085 3046 moram
1099 2974 1251 3058 trahens,
1266 2995 1335 3045 non

262 3097 337 3168 sine
369 3097 532 3192 lacrymis
562 3094 743 3169 sexdecim
768 3098 889 3189 elegos
914 3096 1042 3170 dictavi
1073 3097 1196 3170 ardore
1223 3095 1336 3188 magis

262 3219 384 3304 animi,
406 3242 510 3312 quam
532 3218 648 3291 studio
668 3228 728 3291 aut
748 3221 880 3292 ratione
905 3220 989 3292 artis
1015 3220 1167 3305 adiutus,
1194 3219 1337 3292 tradidi-

263 3364 331 3438 que
350 3342 615 3439 expectantibus
647 3344 766 3416 amicis
796 3343 858 3414 vix
885 3343 931 3415 ad
961 3344 1095 3416 exitum
1126 3342 1334 3438 perductoS,

264 3477 367 3559 atque
397 3465 479 3550 abii,
501 3466 659 3573 hortatus
680 3477 718 3538 ut
739 3466 769 3538 si
789 3465 874 3538 nibil
894 3475 954 3540 aut
973 3465 1040 3537 illis
1060 3475 1120 3538 aut
1145 3465 1230 3537 mibi
1250 3467 1337 3535 inte-

265 3589 328 3661 rim
342 3581 467 3662 melius
478 3588 699 3675 occurrisset,
714 3611 761 3661 ex
775 3588 829 3661 bis
847 3589 877 3660 si
894 3589 979 3682 quid
991 3591 1143 3684 placeret
1158 3588 1337 3680 eligerent,

265 3712 431 3786 arbitratu
452 3735 530 3798 suo,
552 3711 773 3785 incidendum
803 3712 980 3798 marmori,
1012 3712 1057 3785 ad
1089 3711 1183 3804 quod
1208 3711 1338 3804 polien-

265 3836 349 3908 dum
370 3835 515 3929 insignis
535 3859 628 3909 nunc
647 3833 817 3908 artificum
837 3834 988 3908 desudat
1008 3835 1187 3908 industria.
1212 3835 1302 3908 Vale.
