2958 4804
278 366 336 426 ν230
605 379 659 425 «ΒΕ
681 379 780 426 nunus
802 377 1023 425 rnuumnmus

279 501 374 585 sedis
400 514 577 586 humilitas
598 516 799 609 postularet.
822 515 923 597 Quod
947 535 1025 584 oum
1051 536 1099 584 ex
1119 515 1254 586 illorum
1278 538 1348 598 ore,

279 637 338 730 qui
352 648 463 710 status
477 638 544 709 mei
561 661 679 708 curam
694 638 901 730 praecipuam
916 636 1075 728 agebant,
1091 636 1175 707 mihi
1187 639 1351 709 innotuis-

281 770 348 844 set,
370 759 641 854 primoquidem
665 769 785 853 stupor
805 757 962 851 arripuit,
985 757 1190 852 veritusque
1211 782 1286 830 sum
1312 785 1353 832 ne

280 879 419 952 ironicis
433 879 552 952 verbis
566 880 750 951 illuderent
767 878 994 950 humilitatem
1013 901 1136 966 meam,
1155 879 1256 952 cuius
1273 881 1354 951 mihi

281 1025 359 1074 cum
382 1005 417 1073 in
443 1005 573 1083 multis,
602 1004 801 1074 tumeliam
828 1003 863 1074 in
888 1004 1042 1075 oratione
1076 1027 1154 1076 sum
1187 1005 1354 1076 conscius.

280 1126 413 1198 Deinde
434 1126 492 1197 ubi
512 1127 735 1198 iureiurando
752 1127 955 1219 interposito
972 1126 1138 1220 perdidici
1156 1128 1206 1199 sic
1222 1125 1358 1220 pontifi-

282 1249 326 1331 ci,
348 1249 400 1318 sic
417 1250 562 1340 collegio
583 1248 704 1332 videri,
723 1260 758 1319 et
775 1249 841 1318 hoc
859 1272 967 1319 uuum
985 1269 1005 1318 a
1020 1271 1077 1318 me
1094 1249 1222 1342 requiri
1241 1259 1279 1320 ut
1295 1250 1358 1320 hu-

283 1371 416 1444 miliare
436 1373 615 1464 ingenium
636 1373 725 1466 (utor
738 1373 829 1442 enim
847 1371 967 1442 verbis
981 1371 1127 1466 illorum)
1146 1381 1181 1443 et
1197 1372 1358 1444 inclinare

284 1493 398 1563 stilum
420 1511 678 1571 assuescerem3
700 1488 759 1560 ubi
780 1498 949 1582 praeterea
973 1490 1068 1582 quod
1092 1511 1113 1560 a
1138 1488 1276 1560 duobus
1302 1512 1361 1561 au-

283 1615 415 1687 dieram
438 1635 458 1683 a
477 1613 593 1683 multis
614 1635 661 1681 ex
681 1612 802 1682 eodem
825 1612 946 1683 ordine
976 1611 1178 1704 conscriptis
1205 1612 1360 1705 patribus

283 1736 414 1819 audivi,
439 1746 533 1805 tanto
553 1734 681 1825 gaudio
702 1735 856 1828 repletus
878 1757 970 1819 sum,
993 1746 1162 1827 quantum
1178 1735 1243 1805 vix
1260 1734 1362 1806 habet

284 1860 343 1950 qui
364 1858 408 1928 de
429 1859 545 1927 limine
566 1855 715 1928 carceris
735 1857 846 1927 odiosi
872 1856 1093 1928 liberatorem
1119 1879 1222 1928 suum
1248 1857 1363 1952 inspe-

284 1995 398 2056 ratum
419 1979 601 2072 conspicit:
624 1979 705 2050 hinc
724 1979 817 2051 enim
844 1979 1017 2052 evadendi
1041 1980 1133 2050 viam
1158 1983 1362 2075 patefactam

284 2103 368 2174 milri
390 2103 503 2172 rebar.
525 2103 597 2173 Nec
618 2101 770 2173 fallebar.
789 2103 908 2195 ltaque
930 2103 1118 2195 requisitus
1140 2114 1179 2173 ut
1197 2103 1362 2175 dictarem

286 2227 415 2321 aliquid
436 2248 506 2319 quo
527 2247 631 2318 posse
648 2248 703 2296 me
721 2247 827 2318 prope
844 2239 970 2296 terram
988 2229 1107 2297 volare
1123 2237 1159 2296 et
1175 2226 1363 2297 humilibus

285 2372 340 2420 me
361 2359 522 2442 coaptare
544 2349 724 2420 sententiis
745 2358 927 2440 appareret
953 2347 1001 2442 (id
1022 2348 1114 2418 enim
1140 2347 1226 2418 mihi
1246 2347 1363 2420 facilli-

285 2495 379 2541 mum
401 2480 599 2543 constanter
619 2470 868 2544 asseverabant
887 2471 946 2564 qui
973 2493 1027 2543 me
1049 2471 1083 2541 in
1103 2493 1294 2556 carcerem,
1317 2475 1365 2542 al-

286 2600 359 2662 tum
378 2594 470 2676 licet,
485 2602 616 2663 arctum
633 2603 756 2677 tamen,
778 2593 979 2686 urgebant),
998 2602 1036 2664 ut
1052 2595 1200 2686 primum
1215 2593 1363 2665 dictandi

287 2715 433 2806 materia
449 2715 532 2787 data
552 2726 618 2800 est,
641 2716 735 2784 omni
752 2714 832 2786 nisu
849 2715 1011 2807 ingenioli
1028 2717 1095 2788 mei
1112 2718 1186 2787 alas
1202 2701 1364 2808 explicui,

287 2836 415 2929 quibus
436 2860 491 2908 me
512 2839 617 2908 humo
638 2839 806 2920 tollerem,
829 2848 868 2907 ut
892 2837 939 2909 ait
965 2839 1098 2910 Ennius
1122 2849 1158 2909 et
1184 2848 1262 2930 post
1285 2859 1363 2908 eum

288 2961 400 3043 Maro,
422 2970 457 3029 et
477 2961 544 3030 alte
564 2959 651 3030 adeo
674 2961 845 3066 volarem,
868 2969 918 3045 ut,
944 2962 973 3032 si
995 2961 1071 3034 lieri
1090 2971 1223 3055 posset,
1245 2962 1291 3032 ab
1308 2962 1363 3044 iis,

289 3083 348 3172 qui
366 3105 422 3153 me
438 3090 576 3174 captum
594 3080 780 3166 ducebant,
800 3104 868 3154 non
885 3083 1034 3156 viderer.
1054 3083 1219 3156 Adfuisse
1235 3085 1364 3168 Musas,

289 3224 500 3295 quamquam
522 3202 661 3274 minime
682 3203 827 3298 pierium
849 3229 938 3299 opus
958 3218 1066 3292 esset,
1085 3217 1121 3278 et
1139 3219 1299 3278 nostrum
1317 3209 1333 3276 f
1350 3247 1365 3258 -

289 3326 385 3398 visse
406 3337 506 3419 putes
527 3326 731 3421 Apollinem.
753 3329 855 3414 Quod
875 3330 1101 3414 dictaveram,
1121 3351 1259 3421 magnae
1278 3330 1364 3422 parti

289 3472 358 3520 non
379 3450 465 3522 satis
486 3450 811 3542 intelligibile‚,cum
832 3461 949 3524 tamen
968 3464 1064 3523 esset
1084 3452 1361 3546 apertissimum,

289 3574 500 3667 quibusdam
522 3597 606 3647 vero
627 3595 780 3666 graecum
798 3598 861 3648 sen
878 3577 990 3669 magis
1010 3577 1230 3649 barbaricum
1251 3577 1363 3648 visum

290 3709 354 3770 est.
373 3698 426 3768 En
443 3699 571 3792 quibus
589 3698 735 3790 ingeniis
750 3721 865 3770 rerum
882 3722 1017 3770 summa
1030 3699 1263 3772 committitur.
1283 3701 1364 3771 Tres

289 3821 452 3913 equidem
474 3823 583 3904 stilos,
606 3831 746 3894 auctore
766 3821 883 3906 Tullio,
907 3823 1049 3908 scimus,
1071 3843 1162 3916 quos
1182 3823 1258 3917 ipse
1279 3821 1365 3914 figu-

292 3966 350 4015 ras
371 3957 480 4018 vocat.
508 3944 793 4037 Grandiloquum,
820 3967 924 4037 quem
945 3967 1088 4036 gravem
1110 3948 1272 4038 appellat,
1296 3969 1365 4019 mc-

290 4066 464 4151 deratum,
484 4089 585 4158 quem
601 4068 806 4140 mediocrem
819 4076 931 4150 vocat,
944 4079 1048 4159 atque
1066 4067 1244 4151 humilem,
1264 4091 1365 4160 quem

294 4198 520 4260 extenuatum
535 4189 624 4260 dicit.
640 4192 768 4260 Horum
784 4191 915 4281 primus
930 4200 1047 4262 nostra
1066 4199 1167 4262 etate
1181 4212 1280 4284 paene
1294 4195 1365 4262 uul-
