3024 4802
259 311 318 374 tot
599 321 641 370 oa
662 320 763 370 nanus
784 319 1005 368 annullamus

260 465 364 536 ticum
395 459 553 532 scribens
586 481 667 530 cum
700 457 894 552 saepissime
930 455 1117 538 variasset,
1151 453 1277 526 adiecit
1307 468 1343 528 et

260 585 361 678 quasi
381 582 427 654 ad
448 582 604 677 seipsum
625 583 786 674 loquens:
808 580 905 650 Anae
926 581 1044 670 ipitcr,
1062 578 1188 670 inquit,
1209 590 1342 648 senten-

261 708 341 777 tium
360 706 491 775 matos?
523 714 559 775 et
590 702 777 795 respondet
801 710 840 773 ut
863 701 949 774 dixi.
971 700 1044 793 Epo
1065 712 1186 784 tecum,
1200 699 1339 793 inquit,

161 910 165 916 ⁴
261 843 428 921 tamquam
459 849 584 898 mecum
610 831 733 918 loquor.
765 825 846 914 Quis
871 835 981 893 autem
1001 835 1064 908 est,
1091 834 1184 893 matu
1212 821 1342 912 quadem

261 953 300 1024 dc
331 975 383 1037 re,
413 954 493 1045 quia
526 951 620 1020 caric
648 969 758 1020 secam
777 951 846 1042 ipse
871 945 1020 1040 disputet.
1046 942 1161 1037 Atque
1180 943 1265 1015 huic
1287 965 1343 1014 ra-

263 1076 346 1149 tioni
366 1073 423 1146 ille
443 1074 545 1145 aliam
567 1074 803 1144 accumulans:
829 1072 929 1140 simul
951 1080 982 1139 et
1007 1071 1122 1138 elicere
1147 1068 1247 1160 cupio·
1267 1089 1343 1136 sea-

263 1201 399 1270 tentiam
425 1173 530 1281 taam,
552 1195 614 1280 ait,
641 1198 671 1264 st'
692 1205 819 1278 maaet,
852 1203 889 1263 ct
912 1194 1041 1286 firmior
1064 1192 1141 1274 sim,
1162 1189 1193 1258 si
1215 1199 1359 1260 matam

262 1332 309 1392 est
326 1331 364 1390 ct
384 1322 443 1390 tibi
461 1321 634 1392 assentior.
655 1318 757 1411 Quod
777 1316 935 1388 ultimum
953 1333 1100 1386 menon
1120 1311 1241 1404 tangit.
1266 1311 1342 1381 Non

262 1465 341 1515 sum
362 1453 432 1514 tam
452 1453 590 1524 cautus;
618 1442 714 1512 nulla
746 1438 830 1510 mihi
861 1437 897 1509 in
930 1436 1089 1509 amicitiis
1111 1457 1188 1521 ars,
1211 1433 1280 1505 nisi
1307 1443 1343 1506 ut

262 1567 366 1639 valde
386 1565 539 1657 diligam,
562 1540 665 1636 valde
686 1561 871 1644 confidam,
898 1558 982 1629 nihil
1008 1558 1150 1650 fingam,
1178 1557 1266 1628 nihil
1285 1579 1342 1628 oc·

262 1690 400 1773 cultam,
423 1697 459 1758 et
483 1685 627 1778 perinde
648 1685 764 1754 omnia
789 1684 963 1778 explicem
988 1683 1025 1754 in
1049 1681 1194 1753 auribus
1214 1681 1343 1751 amico-

262 1830 352 1892 rum,
375 1815 414 1878 ut
433 1808 469 1876 in
489 1806 607 1877 animo
627 1827 704 1878 meo
725 1790 817 1877 sunt.
840 1805 910 1876 Sed
929 1805 1043 1877 redeo.
1067 1803 1235 1886 Quamvis
1255 1822 1341 1893 ergo

263 1949 332 2000 non
351 1930 464 2022 magis
486 1950 590 1999 aures
610 1939 688 2001 tuas
705 1951 809 2022 quam
828 1950 927 2000 meas
943 1927 1196 2002 circumvenire
1217 1947 1342 2019 propo·

264 2053 369 2124 situm
404 2051 462 2138 sit,
488 2029 524 2123 et
554 2059 668 2124 tamen
688 2051 774 2122 mihi
796 2073 892 2144 saepe
912 2051 1004 2122 idem
1025 2049 1199 2124 efficacius
1230 2071 1251 2118 a
1283 2069 1342 2118 me

262 2179 338 2270 ipso
370 2177 497 2249 dicitur
528 2176 668 2269 quaudo
700 2178 750 2247 sic
783 2175 908 2248 dieitur
940 2174 1174 2256 excitantibus
1210 2169 1342 2244 scilicet

261 2308 367 2392 atque
386 2297 624 2391 pungentibus
649 2297 781 2381 verbis,
808 2319 913 2390 quam
940 2296 970 2368 si
994 2296 1121 2366 leutius
1147 2294 1338 2376 diceretur,

261 2433 343 2492 tuuc
363 2420 475 2492 amico
496 2441 564 2491 non
585 2419 685 2492 aliter
704 2441 810 2512 quam
836 2419 920 2490 mihi
941 2428 1081 2490 mutata
1098 2418 1233 2492 ratione
1257 2437 1340 2487 con-
1440 2433 1444 2441 ·

261 2544 390 2614 sultum
418 2541 533 2625 velim,
557 2551 639 2613 tunc
670 2544 773 2635 paulo
804 2540 974 2614 curiosior
1005 2539 1234 2611 insermene
1259 2558 1340 2613 sum

260 2663 436 2737 excitandi
463 2664 578 2736 studio
600 2685 669 2736 non
688 2664 827 2736 fallendi
848 2673 908 2734 aut
927 2661 1020 2733 inani
1040 2660 1184 2733 artificio
1205 2660 1340 2733 demul-

259 2787 370 2860 cendi.
399 2789 508 2871 Quale
528 2788 697 2880 estquod
716 2787 800 2859 dum
821 2786 1003 2880 epistolam
1024 2807 1129 2878 quam
1155 2783 1200 2856 ad
1220 2792 1256 2854 te
1278 2805 1340 2878 pe-

258 2910 440 2981 nultimam
470 2908 607 3002 scripsi,
628 2907 753 2978 tacitus
783 2907 819 2978 iu
843 2907 1057 2991 memoriam,
1078 2906 1178 2998 quod¹
1196 2912 1293 2976 esset
1317 2925 1339 2976 a

258 3051 314 3102 me
345 3031 549 3102 festinanter
572 3027 742 3118 digressa,
769 3027 988 3114 reducerem,
1010 3028 1129 3100 nescio
1147 3027 1232 3120 quid
1257 3025 1338 3099 addi

257 3170 361 3243 posse
384 3149 502 3221 visum
527 3157 595 3234 est,
623 3171 693 3241 quo
719 3150 896 3222 sonantior
922 3149 968 3222 sit
987 3149 1235 3242 rotundiorque
1257 3169 1338 3220 sen-

259 3272 374 3344 tentia.
396 3272 436 3345 ld
469 3272 532 3344 tibi
553 3293 724 3345 seorsum
754 3282 793 3346 ut
824 3271 861 3344 iu
892 3273 1046 3346 animum
1072 3274 1169 3344 venit
1189 3270 1336 3366 scripsi:

256 3393 352 3488 quod
366 3397 395 3468 si
407 3394 535 3490 probas
552 3395 621 3470 illic
641 3395 785 3483 inseres,
803 3404 840 3476 et
855 3403 916 3470 tua
932 3415 1056 3470 manus
1073 3404 1193 3470 nostro
1212 3397 1338 3487 lunge-

258 3528 315 3590 tur
335 3518 456 3592 officio.
476 3519 573 3591 Vale.
816 3533 819 3539 ·
