3078 4798
244 267 304 328 356
587 277 626 322 nu
649 275 749 323 uncus
771 275 993 324 uturummnus

245 407 399 479 lacrimis
424 407 527 475 laetus
553 401 649 472 obiit.
677 403 814 486 Quanto
842 403 967 474 melius
993 413 1112 474 noster
1143 405 1327 498 episcopus

245 532 304 624 qui
317 528 472 602 moriens
486 550 554 599 non
574 534 690 619 togam
708 538 768 597 aut
786 528 957 620 clypeum,
979 527 1042 598 sed
1059 526 1210 599 animam
1230 551 1328 602 suam

244 663 279 724 et
298 653 481 724 ecclesiam
502 649 686 741 cogitabat,
706 647 974 742 simillimosque
992 649 1150 734 lllartiuo,
1166 671 1230 723 nec
1243 652 1329 724 mori

246 776 391 847 timebat
408 797 471 846 nec
489 796 552 868 pro
572 773 690 869 populi
712 775 824 844 salute
841 771 1008 864 longioris
1030 773 1112 844 vitae
1131 773 1270 846 labores
1291 797 1330 847 ac

246 897 350 970 taedia
383 906 594 969 recusasset.
630 895 736 965 Cuius
764 894 812 966 rei
837 910 927 967 cura·
947 894 1076 967 divinae
1101 895 1330 987 providentiae

247 1022 434 1093 commissa
456 1019 530 1112 ipse
551 1015 689 1087 interim
706 1015 800 1108 quod
820 1015 856 1085 in
877 1039 916 1088 se
932 1027 1006 1088 erat
1023 1028 1058 1090 et
1078 1021 1187 1090 Deum
1208 1019 1331 1092 orabat

245 1154 281 1214 et
296 1163 386 1234 quos
402 1140 459 1210 bic
477 1147 612 1232 poterat
630 1137 790 1208 homines
808 1138 1026 1230 precabatur,
1044 1152 1080 1211 ut
1098 1161 1238 1233 sponsae
1257 1163 1330 1214 suae

247 1261 405 1335 viduitati
426 1284 467 1333 ac
493 1260 670 1332 solitudini
692 1259 927 1352 providerent.
955 1263 1005 1333 lle
1031 1285 1235 1336 successore
1255 1265 1332 1356 qui-

247 1388 326 1459 dem
346 1385 519 1476 cogitasse
536 1381 708 1474 quosdam
726 1383 891 1475 legimus;
910 1383 979 1453 imo
1000 1405 1086 1453 vero
1104 1387 1184 1475 quis
1200 1396 1256 1454 est
1272 1388 1330 1476 qui

247 1509 292 1582 de
315 1529 520 1580 successore
546 1528 616 1577 non
634 1508 786 1597 cogitet?
808 1505 869 1577 sed
896 1507 941 1579 ad
961 1507 1174 1579 movendum
1197 1507 1331 1580 animos

247 1631 434 1702 illustriora
455 1628 734 1723 perstringimus.
756 1629 869 1700 David
889 1629 966 1698 Rex
983 1628 1184 1719 aliquandiu
1204 1629 1332 1702 anxius

248 1751 388 1826 tandem
414 1761 509 1823 certo
531 1760 567 1822 et
585 1749 748 1822 discusso
768 1749 897 1822 iudicio
918 1749 1025 1820 filium
1047 1745 1095 1820 e'x
1117 1773 1155 1822 sc
1175 1752 1331 1843 genitum

248 1876 346 1968 regni
370 1874 449 1947 fecit
470 1874 649 1946 haeredem
676 1859 985 1967 sapientissimum,
1009 1881 1047 1944 ut
1063 1876 1154 1944 sama
1171 1875 1330 1967 loquitur,

248 1997 374 2070 virum.
392 1999 488 2068 Duos
505 2019 553 2067 ex
569 1996 692 2070 ordine
709 1995 798 2068 filios
818 1995 952 2088 imperii
970 2015 1195 2068 successores
1212 1995 1333 2068 babuit

247 2120 353 2193 divus
373 2119 614 2214 Vespasianus
640 2122 819 2191 Romanus
841 2119 1044 2212 Imperator,
1072 2122 1220 2190 alterum
1241 2120 1334 2192 viro

251 2260 339 2314 rum
355 2243 539 2335 optimum,
562 2241 756 2335 pessimum
782 2263 867 2313 vero
893 2243 1056 2326 alterum,
1079 2241 1174 2334 quod
1200 2243 1274 2334 ipse
1300 2254 1335 2314 et

250 2367 481 2461 praesensisse
507 2377 542 2436 et
568 2365 706 2461 publice
738 2365 950 2460 praedixisse
985 2364 1149 2450 traditur,
1183 2385 1333 2457 quorum

251 2507 434 2563 successor
454 2488 570 2559 Nerva
596 2489 710 2560 lacere
730 2488 822 2560 idem
850 2509 918 2558 uon
945 2486 1058 2580 potuit
1078 2489 1174 2579 prole
1199 2509 1332 2560 careus.

144 2657 149 2662 -
249 2611 439 2706 Adoptauit
465 2619 583 2683 autem
607 2611 721 2684 virum
748 2613 872 2685 sortem
894 2633 935 2682 ac
956 2618 1138 2681 strenuum
1164 2619 1200 2683 et
1220 2612 1333 2704 reipu-

250 2737 351 2810 blicae
374 2735 491 2806 utilem
515 2736 710 2820 Traianum,
733 2737 835 2831 isque
855 2736 961 2808 alium
983 2734 1060 2819 sibi,
1078 2742 1114 2806 et
1134 2721 1334 2808 illerursus

250 2859 353 2930 alium
376 2856 563 2951 adoptavit,
583 2857 717 2949 diuque
732 2858 766 2926 in
785 2857 930 2952 imperio
952 2879 1094 2929 romano
1112 2859 1141 2928 is
1162 2858 1335 2951 adoptivae

252 2979 487 3050 successionis
500 2979 588 3049 ordo
600 2980 799 3068 permansit,
814 3002 884 3072 quo
898 2982 1004 3051 multo
1018 2992 1098 3052 autc
1112 2981 1259 3074 primum
1273 2981 1336 3050 im-

251 3109 430 3194 peratores
457 3101 510 3171 usi
531 3111 631 3172 eraut
657 3112 695 3171 ut
719 3101 827 3173 lulius
850 3102 969 3173 Caesar
993 3103 1049 3174 cui
1074 3113 1276 3196 assumptus
1302 3103 1334 3172 in

251 3206 360 3293 filium
375 3221 546 3294 successit
559 3220 753 3316 Augustus,
767 3234 802 3296 et
816 3225 891 3318 ipse
904 3225 1008 3296 etiam
1022 3223 1205 3318 Augustus
1219 3226 1337 3298 Caesar

254 3345 314 3437 qui
335 3343 510 3417 Tiberium
537 3346 737 3440 privignum
762 3368 863 3417 suum
884 3368 1037 3444 suorum
1059 3351 1206 3440 cogente
1231 3366 1337 3442 penu-

253 3466 302 3538 ria
324 3466 389 3538 sibi
411 3465 518 3539 filium
537 3476 572 3539 et
593 3489 836 3540 successorem
854 3468 990 3562 imperii
1008 3470 1149 3562 delegit.
1168 3469 1336 3554 Quamvis

179 3583 181 3587 ’
251 3611 322 3660 oon
342 3589 574 3662 sim'nescius
601 3590 765 3662 incidisse
792 3612 872 3661 eum
898 3591 934 3660 in
961 3593 1209 3686 suspicionem,
1236 3589 1337 3684 quasi

252 3715 377 3785 voleus
399 3714 584 3807 sciensque
606 3715 706 3786 talem
729 3688 902 3804 elegisset,
922 3736 992 3806 quo
1013 3715 1143 3786 scilicet
1163 3714 1239 3807 ipse
1259 3721 1338 3807 post

252 3844 399 3905 mortem
426 3833 625 3928 reipublicae
658 3835 770 3905 carior
796 3844 901 3928 atque
932 3835 1115 3929 optabilior
1140 3840 1235 3910 foret.
1262 3836 1337 3908 Non

178 3982 180 3986 ·
254 3954 339 4026 satis
360 3955 505 4047 dignum
529 3964 623 4028 tanto
649 3956 804 4050 principe
824 3958 1029 4042 consilium,
1058 3960 1088 4030 si
1114 3969 1229 4031 tamen
1255 3979 1339 4030 vera

254 4094 310 4142 res
325 4085 399 4158 est;
417 4098 498 4172 nam
516 4099 579 4148 nec
600 4078 797 4149 verisimilis
815 4090 876 4151 est·
887 4080 1041 4172 quidem,
1060 4092 1095 4152 et
1112 4081 1157 4152 ab
1176 4081 1242 4152 bac
1257 4101 1336 4152 eum
