3078 4798
264 371 321 432 34⁶2
476 359 479 364 ’
569 381 644 427 wnu
665 381 765 428 naeus
787 381 1009 429 slururrureus

264 518 366 591 audis
386 519 513 602 almam
537 515 659 586 urbem
681 525 719 587 ut
734 515 876 587 ¹nomine
896 514 1084 610 Babylonis
1106 514 1281 603 infamem,
1301 519 1353 591 sio

265 665 372 714 carisa
384 639 528 732 originis
542 647 577 710 et
589 637 789 730 dignatione
805 639 981 732 praecipua
993 639 1147 711 eoelestis
1165 639 1353 733 providen-

267 765 325 836 tiae
359 761 562 856 gloriosam:
584 759 668 831 dum
694 759 777 832 dicit
795 782 859 853 per
877 785 974 853 quum
994 760 1064 831 Deo
1090 765 1219 854 placuit
1243 767 1353 836 orbem

267 885 427 956 debellare
457 895 631 953 terrarum.
656 871 794 955 ¹Poterat
826 905 952 976 nempe
972 905 1034 976 per
1054 883 1170 970 aliam,
1202 887 1267 959 sed
1288 909 1353 983 per

268 1007 358 1080 hanc
378 1005 499 1090 voluit,
522 1027 625 1099 quam
649 1005 780 1076 scilieet
801 1013 894 1076 tanto
915 1006 1011 1098 operi
1028 1027 1101 1098 prae
1122 1010 1256 1080 cunetis
1277 1009 1354 1082 ido·

268 1153 370 1202 neam
391 1129 436 1202 ab
456 1137 589 1200 aeterno
610 1123 828 1220 praeviderat.
850 1126 971 1220 Neque
988 1127 1080 1198 enim
1098 1128 1274 1202 mediocre
1291 1153 1353 1202 ne-

270 1254 402 1344 gotium
423 1260 499 1324 erat
517 1250 593 1324 orbi
615 1250 781 1323 indomito
799 1259 834 1322 et
854 1249 985 1321 effraeni
1005 1261 1109 1345 ‘caput
1127 1250 1232 1336 dare,
1259 1254 1353 1345 quod

270 1375 490 1470 Augustinus
507 1377 582 1471 ipse
604 1396 672 1446 non
697 1373 895 1447 dissimulat
918 1373 1057 1466 quando
1083 1375 1288 1448 sententiam
1314 1375 1353 1446 il-

270 1505 338 1573 lam
362 1522 462 1573 suam
485 1483 617 1570 ratione
638 1495 864 1570 confirmans:
893 1509 989 1568 eruut
1013 1499 1113 1582 euim,
1136 1496 1258 1592 inquit,
1287 1499 1354 1569 iam

266 1625 385 1719 populi
404 1621 510 1693 ualidi
528 1633 558 1690 et
574 1625 675 1714 sortes
688 1633 718 1690 et
731 1625 833 1691 aruris
852 1633 963 1710 gentes
983 1609 1185 1704 emeritum,
1201 1640 1353 1712 quoeuuu

268 1748 366 1836 focile
387 1742 551 1826 cederent,
567 1765 648 1832 quus
668 1764 748 1836 opus
769 1754 849 1813 esset
865 1743 1054 1832 inportu-'dus
1071 1744 1231 1836 periculis
1247 1755 1278 1812 et
1295 1765 1355 1812 vo·

269 1870 409 1940 statione
434 1868 588 1958 utrinque
610 1887 677 1935 uon
694 1889 804 1958 parva
828 1877 923 1958 utque
949 1864 1109 1936 borreudo
1130 1867 1240 1938 labore
1258 1888 1356 1959 supe-

270 2015 356 2062 rare.
387 1989 477 2061 Ecce
498 1987 628 2082 quibus
653 1987 834 2060 effectibus
860 1987 980 2060 divina
1006 1987 1225 2082 providentia
1243 2009 1379 2060 roma.

226 2135 231 2142 ·
271 2137 355 2186 num
374 2111 558 2208 imperium
577 2111 744 2184 fabricata
763 2121 832 2196 est,
849 2121 886 2184 ut
898 2111 995 2184 esse't
1008 2111 1137 2184 seilicet
1149 2113 1280 2185 mundo
1299 2135 1355 2185 ca·

252 2230 253 2234 ’
273 2237 399 2334 put.Et
411 2255 520 2327 regno
533 2232 920 2330 quidemAssyrio,sive
935 2234 1053 2307 finium
1064 2234 1353 2329 spatiobreviore,

272 2361 349 2432 sive
370 2358 448 2430 rudi
468 2365 504 2428 et
523 2356 654 2428 imbelli
674 2355 924 2430 domandarum
947 2356 1102 2448 gentium
1122 2355 1295 2440 barbarie,
1318 2365 1356 2426 nt

272 2479 492 2572 Augustinus
512 2478 603 2550 idem
626 2477 784 2571 pluribus
804 2477 922 2552 verbis
942 2478 1108 2561 ostendit,
1130 2478 1228 2551 laoile
1247 2477 1354 2550 conti-

272 2617 370 2696 gerat
395 2625 474 2678 non.
490 2611 530 2674 ut
554 2601 649 2674 orbis
677 2602 741 2675 sed
767 2610 805 2674 ut
830 2600 925 2674 Asiae
946 2610 1050 2698 eaput
1075 2612 1181 2672 esset.
1202 2600 1356 2672 Romano

273 2737 388 2800 autem
410 2724 557 2819 imperio
583 2725 665 2818 quia
687 2724 818 2797 maiora
837 2725 1000 2817 quaedam
1026 2735 1061 2794 et
1087 2721 1281 2794 difficiliora
1301 2743 1356 2792 re-

273 2848 421 2932 stabant,
438 2849 504 2920 tale
519 2847 602 2918 illud
617 2848 709 2918 Deus
722 2867 804 2918 esse
817 2845 940 2929 voluit,
953 2846 1057 2937 quale
1068 2843 1244 2934 quantitas
1259 2842 1355 2916 laho-

275 2993 350 3041 rum
372 2980 407 3041 et
423 2967 890 3061 complanandarumrerum
906 2965 1079 3057 asperitas
1099 2965 1278 3058 exigebat.
1295 2967 1355 3038 His

273 3089 435 3160 omnibus
456 3089 571 3160 adhuc
591 3087 689 3173 nihil,
712 3099 751 3162 ut
775 3097 873 3182 puto,
901 3095 1030 3182 praeter
1055 3108 1183 3160 nomen
1207 3089 1357 3186 Babylo·

227 3271 231 3280 ,
274 3213 329 3283 nis
349 3209 536 3283 obscurum
563 3222 632 3295 est3
654 3233 724 3304 quo
750 3211 863 3296 multi,
892 3209 956 3284 sed
981 3211 1017 3282 in
1042 3211 1163 3306 primis
1189 3210 1357 3304 Augusti-

275 3357 358 3406 num
380 3355 532 3427 sequens
566 3335 601 3405 in
635 3333 779 3408 historia
813 3335 921 3407 utitur
952 3334 1009 3406 ille
1041 3333 1160 3408 mundi
1187 3337 1355 3408 malorum

171 3490 173 3494 ·
274 3468 497 3531 coacervator
534 3457 690 3530 Orosius.
730 3459 830 3531 Certe
861 3433 1097 3554 Hieronymus
1136 3455 1171 3528 in
1209 3455 1370 3550 epistola.

274 3580 424 3672 quadam
450 3581 558 3652 otium
585 3581 687 3653 suurn
709 3580 1055 3673 Bethlemitieumque
1082 3577 1257 3651 silentium
1281 3580 1356 3649 lau-

275 3701 378 3790 dans,
401 3704 657 3797 gratioremque
674 3705 745 3776 Deo
762 3705 886 3774 volens
902 3701 1087 3774 ostendere
1105 3701 1242 3795 inopem
1261 3700 1355 3772 illurn

277 3827 389 3898 locum
410 3850 514 3919 quarn
549 3827 703 3919 Capitolii
737 3847 852 3897 arcem
877 3832 937 3897 tot
967 3823 1151 3918 triumphis
1172 3823 1353 3914 insignem,

274 3947 357 4020 dicit
377 3971 492 4020 arcem
521 3949 631 4042 ipsam
666 3969 761 4043 saepe
794 3946 993 4020 fulminibus
1026 3947 1071 4019 de
1104 3947 1192 4019 eoelo
1218 3953 1354 4017 tactam.

274 4070 345 4140 Nec
365 4072 507 4142 fallitur:
530 4071 626 4164 quod
651 4068 1055 4165 historiaspercurrenti
1080 4078 1275 4164 promptum
1301 4076 1357 4138 est

275 4211 478 4300 agnoscere.
501 4175 624 4286 Neque
649 4193 740 4265 illam
768 4193 883 4279 modo,
908 4192 971 4265 sed
1004 4201 1039 4263 et
1071 4192 1223 4286 reliquas
1256 4207 1355 4261 areos
