2988 4800
240 329 278 391 98
571 345 612 393 nn
635 343 737 394 nunus
758 343 983 396 susurramus

239 474 557 566 quoedicituroitc,
583 492 760 552 moreest:
794 482 888 556 unde
925 481 964 554 lit
994 495 1031 555 ut
1064 494 1209 556 mortem
1242 505 1315 579 prae

240 597 401 670 omnibus
422 608 457 670 et
477 601 653 676 oderimus
679 613 715 676 et
741 626 913 690 amemus,
942 607 1195 700 conveniatque
1216 605 1316 679 nobis

239 719 325 791 illud
361 723 546 795 comicum:
584 725 665 796 Volo
701 729 799 813 uolo,
831 731 908 799 nolu
950 731 1035 798 uoto.
1070 729 1240 800 Caetorum
1278 738 1318 800 ιιι

239 841 317 914 haec
349 843 587 938 philosophica
611 847 647 918 in
674 857 813 942 tempus
834 850 1008 934 omittam,
1029 849 1226 945 importuna
1250 852 1319 922 lor-

240 974 336 1037 tasse
358 967 423 1038 sed
442 989 528 1038 vera
553 972 674 1063 loquar
699 972 879 1045 hominum
905 995 1004 1045 more
1035 973 1243 1064 vulgarium.
1276 974 1319 1046 Ut

242 1089 287 1160 sit
306 1089 383 1160 haec
402 1090 488 1174 vita,
511 1113 592 1183 quae
613 1095 721 1185 vulgo
739 1093 811 1167 vita
827 1093 967 1181 dicitur,
988 1105 1152 1189 tantaque
1172 1095 1318 1188 diligen-

240 1212 288 1283 tia
308 1221 483 1296 servatur,
505 1224 635 1308 quanta
656 1225 785 1302 tamen,
813 1239 886 1302 oro,
922 1227 990 1302 est,
1017 1218 1083 1290 etsi
1108 1217 1211 1290 hodie
1235 1218 1319 1289 inci-

241 1335 331 1425 piat?
343 1335 456 1406 Facile
470 1336 503 1408 id
517 1339 657 1431 quidem
672 1340 841 1433 intelliget
852 1340 1013 1435 quisquis
1027 1339 1224 1434 praeteritos
1236 1341 1319 1412 vitae

241 1480 352 1532 annos
373 1461 579 1552 cogitatione
598 1485 820 1558 percurrens
844 1465 966 1538 eadem
988 1463 1117 1536 sedicet
1137 1483 1317 1548 mensura,

240 1605 310 1676 qua
322 1583 399 1656 illos
413 1587 530 1680 lapsos
548 1588 718 1673 meminit,
734 1598 902 1660 venturos
919 1587 1081 1672 metiens,
1096 1608 1219 1680 usquc,
1234 1585 1266 1658 si
1279 1586 1320 1656 li-

241 1703 314 1788 bet,
335 1705 382 1776 ad
401 1706 631 1778 centesimum
651 1730 781 1780 annum
804 1730 886 1803 spes
916 1729 1088 1802 curasque
1111 1706 1317 1802 porrexerit.

240 1824 339 1896 Nunc
352 1845 437 1896 vero
450 1827 588 1918 longius
601 1827 669 1900 iam
683 1829 859 1922 provectis
876 1831 1090 1922 quantulum,
1109 1848 1243 1921 quaeso,
1265 1836 1320 1900 est

242 1947 387 2042 reliqui?
406 1951 560 2022 Profecto
581 1951 672 2023 enim
691 1951 895 2045 quidquido
911 1963 1012 2044 tergo
1027 1960 1097 2036 est,
1113 1962 1208 2024 certa
1224 1973 1318 2023 mors

243 2071 399 2144 abstulit:
421 2073 516 2166 quod
534 2083 614 2146 ante
631 2083 700 2160 est,
719 2076 793 2148 vita
809 2075 977 2171 promittit
996 2074 1131 2160 breviS,
1150 2073 1317 2158 volatilis

241 2205 277 2268 et
296 2195 441 2270 incerta:
462 2217 553 2290 quae,
575 2206 614 2270 ut
634 2197 775 2293 impleat
790 2200 887 2293 quod
904 2197 1101 2294 spopondit,
1115 2206 1252 2269 constat
1268 2208 1320 2268 ta-

244 2349 335 2410 men,
358 2324 425 2398 etsi
446 2325 590 2398 totidem
611 2325 694 2411 sint,
713 2325 830 2398 nescio
850 2325 1038 2418 quomodo,
1060 2322 1241 2395 breviores
1263 2343 1320 2394 se-

241 2471 325 2521 num
359 2469 469 2519 annos
502 2469 583 2520 esse
614 2470 720 2542 qua-n
753 2447 930 2519 iuvenum.
967 2448 1038 2518 lam
1070 2445 1150 2540 quis
1182 2443 1320 2516 dubitet

242 2573 327 2645 illud
365 2571 416 2644 sic
451 2593 534 2643 esse
557 2595 621 2668 per
644 2546 774 2656 omnia,
801 2578 840 2654 ut
866 2570 969 2643 dicis:
999 2571 1056 2642 hic
1083 2591 1148 2642 nos
1177 2569 1321 2643 assidue

244 2717 449 2788 summoque
488 2694 604 2767 studio
639 2694 718 2766 dies
753 2694 864 2767 bonos
906 2704 942 2766 et
980 2695 1176 2768 felicitatem
1221 2711 1321 2787 quae-

242 2840 334 2903 rere,
365 2817 425 2891 ubi
454 2839 568 2911 neque
597 2816 672 2889 dios
702 2838 852 2911 usquam
885 2816 981 2903 boni,
1016 2839 1129 2911 neque
1160 2815 1318 2902 felicitae,

243 2963 357 3036 neque
377 2940 492 3036 quies,
516 2962 629 3033 neque
652 2940 762 3026 salus,
794 2962 908 3034 neque
930 2939 1015 3025 vita,
1042 2959 1156 3033 neque
1180 2939 1321 3012 omnino

244 3062 433 3155 quidquam
469 3071 525 3134 est
560 3061 655 3134 aliud
690 3085 794 3155 quam
830 3062 959 3136 durum
994 3063 1060 3136 iter
1102 3083 1145 3140 ac,
1182 3060 1320 3134 difficile

199 3217 203 3224 ·
244 3188 288 3260 ad
315 3196 497 3272 aetemam,
525 3185 585 3258 ubi
614 3185 832 3278 respicimus,
860 3187 982 3271 vitam,
1010 3189 1080 3271 vel,
1112 3185 1142 3258 si
1173 3184 1321 3276 negligi-

244 3333 333 3397 mus,
347 3311 394 3382 ad
408 3320 575 3382 aeternam
598 3313 766 3383 mortem?
785 3310 853 3381 illic
873 3330 960 3381 vero
979 3309 1056 3382 dies
1076 3309 1187 3382 bonos
1206 3306 1319 3402 quaeri

118 3514 120 3518 .
244 3443 417 3528 oportere,
436 3432 519 3505 dum
540 3441 678 3526 tempus
694 3443 763 3516 est,
777 3431 838 3505 ubi
857 3433 989 3528 optima
1009 3453 1051 3504 ac
1069 3433 1222 3528 perlecta
1238 3438 1322 3502 sunt

245 3557 384 3628 omnia?
404 3557 538 3638 Caetera
570 3555 703 3628 eisdem
735 3557 772 3626 in
803 3555 926 3627 litteris
960 3554 1028 3626 tuis
1061 3553 1321 3647 elegantissime

246 3688 390 3752 tractata
409 3690 594 3773 praetereo,
622 3677 716 3772 quod
735 3686 771 3750 et
791 3676 949 3750 absoluta
975 3699 1033 3750 res
1053 3689 1120 3764 est,
1143 3675 1234 3748 etin
1257 3695 1319 3762 ore

191 3851 194 3859 ι
244 3799 436 3894 peccatoris
469 3799 618 3872 hominis
651 3799 779 3872 devota
811 3821 934 3893 parum
967 3797 1182 3873 auctoritatis
1215 3795 1322 3867 habet

246 3923 363 4008 oratio,
378 3923 413 3994 in
431 3923 566 3996 silentio
586 3923 762 3996 admirans
778 3933 814 3996 et
833 3924 938 3996 animi
958 3923 1008 3996 tui
1025 3921 1264 4005 constantiam,
1285 3928 1322 3990 et

247 4044 316 4114 stili
343 4044 461 4129 robur,
489 4067 559 4138 quo
593 4045 678 4117 satis
710 4045 898 4119 admoneor
922 4046 1025 4118 alium
1048 4042 1233 4137 quemdam
1257 4043 1321 4112 ha-

246 4167 366 4242 buisse
386 4170 472 4246 tein
492 4171 704 4243 monasterio
728 4179 974 4266 praeceptorem
999 4192 1103 4264 quam
1129 4169 1163 4240 in
1191 4171 1321 4242 saeoulo
