2988 4800
368 359 461 407 nrnnn
483 325 885 408 annuemus—‘mimoni
908 360 980 407 xvu.
1160 347 1215 408 157

137 494 220 566 catis
240 493 372 565 nostris
392 503 549 563 vestrum
570 491 738 564 auxilium
762 513 829 562 non
850 513 1043 576 meremur;
1062 492 1123 564 sed
1142 515 1216 564 me-

137 630 230 690 retur
249 627 345 689 eerte
366 618 491 689 domus
511 614 756 710 Apostolorum
783 638 803 686 a
830 626 1057 712 tyrannorum
1083 616 1218 688 violen-

137 741 179 812 tia
196 739 349 827 liberari,
369 750 547 812 merentur
563 741 608 812 de
625 741 831 834 praedonum
846 739 1007 810 manibus
1025 739 1111 833 eripi
1128 750 1217 810 tern-

137 868 187 960 pla
209 876 425 949 sanctorum,
453 874 608 936 meretur
641 887 740 936 sacro
774 865 877 934 tellus
904 873 1025 935 ornata
1052 865 1219 962 martyrio

137 988 226 1061 civili
248 987 419 1080 sanguine
439 1008 509 1057 non
529 987 661 1060 foedari.
686 987 786 1072 Quod
807 988 851 1070 ni,
875 987 1054 1084 tyrannica
1071 1010 1133 1082 per
1152 1010 1218 1060 vos

136 1111 228 1182 rabie
250 1132 460 1205 compressa,
479 1110 569 1203 plebi
588 1110 727 1182 miserae
746 1111 955 1206 tempestivo
967 1095 1124 1182 remedio
1137 1132 1218 1204 pro-

137 1234 287 1317 videtur,
317 1255 385 1304 non
418 1243 567 1326 possunt
598 1233 665 1305 ista
698 1234 910 1325 contingere.
931 1235 1017 1304 Sunt
1039 1233 1130 1304 enim
1158 1234 1218 1327 qui

135 1355 300 1448 peccandi
317 1355 420 1428 finem
437 1357 564 1428 iaciant
583 1366 620 1426 et
636 1357 670 1426 in
689 1356 782 1427 viam
801 1365 940 1440 rectam,
958 1378 1036 1428 sera
1051 1358 1133 1428 lieet
1144 1378 1221 1450 pae-

135 1479 287 1571 nitentia,
310 1487 545 1558 revertantur;
561 1489 643 1550 sunt
661 1480 732 1572 qui,
752 1479 818 1552 nisi
836 1480 1019 1573 compulsi,
1039 1503 1216 1573 nunquam

135 1604 290 1674 redeant.
317 1602 373 1673 Sic
397 1602 528 1674 affectis
555 1604 753 1674 salutariter
780 1602 834 1674 vis
860 1603 1014 1674 insertur.
1042 1603 1216 1695 Optimum

134 1737 185 1796 est
204 1724 339 1797 homini
360 1735 482 1818 sponte
505 1747 568 1798 sua
589 1727 751 1797 virtutem
773 1729 900 1806 ualere,
923 1725 1008 1797 vitia
1029 1725 1216 1806 deserere;

134 1849 346 1943 proximum,
369 1851 426 1918 vel
446 1858 576 1920 coacte.
600 1849 719 1940 Cogite
740 1849 846 1942 igitur
866 1852 924 1920 vel
944 1848 1087 1936 invitos,
1111 1849 1219 1942 pesti-

133 1975 320 2064 feramque*
347 1971 563 2066 tyrannidem
595 1972 675 2042 lieet
699 1971 968 2043 reclamantibus
989 1979 1216 2063 extorquete,

132 2117 247 2189 neque
277 2096 389 2165 solnm
416 2115 594 2166 romanam
619 2095 755 2188 plebem
782 2095 817 2163 in
843 2106 976 2187 partem
1003 2093 1130 2187 publici
1155 2091 1219 2163 ho-

131 2216 227 2288 noris
262 2216 445 2302 admittite,
482 2219 545 2290 sed
579 2217 730 2310 pessime
765 2239 901 2310 semper
937 2216 1216 2288 administratum

132 2347 278 2410 senatus
300 2338 450 2409 officium
472 2338 738 2430 possessoribus
765 2337 916 2430 indignis
941 2335 1080 2430 eripite;
1102 2336 1160 2430 qui
1188 2337 1218 2408 si

130 2463 226 2534 cives
241 2469 279 2532 et
293 2462 322 2533 si
343 2461 425 2534 boni
445 2474 574 2549 essent,
594 2485 662 2533 non
681 2455 807 2549 tamen,
827 2460 894 2531 nisi
911 2483 974 2555 pro
992 2459 1143 2546 dimidio,
1163 2461 1238 2532 ius·

132 2585 318 2658 baberent:
342 2609 432 2657 nunu
453 2596 570 2657 autem
592 2585 640 2658 ita
659 2608 697 2657 se
718 2596 855 2678 gerunt,
880 2593 918 2654 ut
937 2584 1089 2672 civitate,
1112 2606 1216 2676 qnam

132 2708 335 2793 destruunt,
358 2721 393 2781 et
408 2710 568 2783 convictu
587 2710 730 2793 civium,
750 2731 839 2802 quos
859 2709 1068 2802 opprimunt,
1088 2706 1216 2778 nedum
1292 2767 1297 2774 .

135 2835 283 2905 summis
305 2834 506 2920 honoribus,
531 2833 600 2904 sint
620 2832 763 2925 indigni.
792 2833 881 2904 Sane
900 2855 1004 2926 quam
1023 2831 1147 2902 frivola
1174 2832 1220 2901 sit

134 2957 323 3030 nobilitatis
344 2957 613 3050 divitiarumque
635 2957 811 3040 iactantia,
830 2956 958 3048 quibus
977 2954 1040 3026 fixi
1055 2955 1130 3027 sine
1149 2956 1218 3026 ullo

135 3082 276 3152 virtutis
298 3079 506 3152 adminiculo
524 3101 563 3150 se
583 3082 764 3163 extollunt,
786 3089 846 3151 ant
862 3102 1012 3173 quonam
1035 3087 1134 3175 paeto
1152 3079 1218 3151 llo-

80 3215 84 3220 '
136 3204 228 3276 mani
248 3213 404 3287 veteres
430 3202 559 3296 quibus
587 3203 772 3294 singularis
799 3214 834 3274 et
858 3203 989 3276 eximia
1009 3203 1122 3273 virtus
1144 3201 1216 3284 fnit,

136 3325 273 3420 plebem
308 3337 425 3397 tamen
457 3325 503 3396 ab
534 3325 726 3398 honoribus
756 3327 944 3398 excludere
978 3325 1217 3419 nequiverint,

137 3449 325 3522 verborum
339 3449 490 3542 plurium
502 3471 591 3544 opus
608 3459 679 3532 est,
695 3451 891 3543 longusque
905 3447 1002 3534 fiam,
1019 3448 1047 3519 si
1066 3450 1131 3520 hoc
1144 3450 1219 3523 loco

137 3571 359 3667 particularia
372 3572 469 3665 sequi
482 3573 598 3643 velim.
615 3576 756 3646 Summa
773 3586 839 3659 est,
855 3575 949 3665 quod
967 3573 1128 3666 quotiens
1145 3576 1217 3645 lere

138 3694 310 3767 bonorum
332 3696 570 3766 controversia
591 3697 738 3778 exarsit,
768 3718 907 3788 semper
931 3718 952 3767 a
978 3694 1077 3788 plebe
1099 3695 1220 3765 humili

139 3817 291 3912 superba
312 3818 474 3890 nobilitas
496 3820 585 3890 vieta
604 3829 669 3896 est
692 3840 796 3911 quam
820 3840 892 3887 rem
914 3815 1120 3909 expressius
1148 3817 1221 3909 epi-

139 3943 228 4012 stola
249 3963 362 4033 nuper
387 3942 432 4012 ad
458 3963 522 4012 vos
549 3942 736 4036 prolixiore
764 3942 969 4034 complexus
992 3960 1084 4024 sum,
1107 3939 1164 4010 eui
1190 3941 1220 4010 si

139 4062 259 4136 horam
281 4086 385 4135 unam
406 4087 476 4135 non
496 4065 673 4158 occupatis
694 4062 870 4134 mentibus
895 4062 978 4134 dare
1003 4061 1215 4154 dignemini,

139 4207 243 4280 spero
260 4187 372 4278 quods
386 4187 554 4258 maiorum
569 4187 728 4278 vestigiis
739 4187 956 4272 inhaerentes,
974 4190 1107 4260 salvam
1122 4185 1218 4257 iube-
