3078 4798
392 364 484 412 tinuit
506 363 1004 422 Qulunusunmllus-trlsuoul
1027 365 1066 414 lv.
1210 353 1263 416 321

187 502 310 573 saltem
332 499 479 570 leniatur
499 489 679 592 asperitas,
708 500 762 570 Sic
789 500 909 584 iactor,
932 521 1001 572 non
1027 501 1170 602 ignarus
1193 505 1283 592 nul-q

187 627 257 696 lum
280 623 336 694 bic
355 622 483 714 quietis
504 625 632 717 locum:
655 623 719 695 sed
741 609 802 714 per
826 624 953 695 multos
980 617 1189 720 laboresad
1215 647 1270 698 re-

186 747 303 837 quiem
339 745 585 839 suspiraudum
612 745 907 839 gemendumque,
934 754 970 817 et
995 747 1268 839 quodomnium

187 867 437 962 gravissimum
456 867 580 939 merito
597 867 762 951 dixerim,
781 867 870 940 inter
888 877 937 940 lot
953 867 1091 940 labores
1109 869 1268 963 interque

186 1003 258 1061 tam
281 989 397 1062 varios
418 990 501 1062 vitae
521 1001 631 1062 aestus
656 989 701 1061 de
727 989 868 1063 aeternis
892 989 1152 1063 difficultatibus
1174 993 1269 1064 aesti-

186 1112 326 1207 busque
346 1115 523 1208 perpetuis
544 1136 585 1185 ac
606 1111 783 1186 laboribus
805 1113 1070 1186 formidandum.
1092 1113 1183 1198 Quid
1209 1137 1271 1187 au·
1348 1099 1352 1108 ’

186 1247 272 1322 tem,
298 1235 390 1309 dicet
415 1235 554 1329 aliquis,
576 1235 706 1329 inquis,
729 1236 823 1329 quod
844 1236 941 1308 multi
964 1236 998 1306 in
1018 1236 1152 1310 eisdem
1179 1237 1271 1311 sedl-

186 1359 254 1431 bus
276 1359 459 1453 inquibus
481 1367 519 1429 tu
539 1358 735 1431 concuteris
756 1357 943 1451 quiescunt
968 1358 1168 1453 immotique
1187 1382 1271 1434 con-

186 1483 340 1554 sistunt?
359 1482 421 1553 Cui
442 1503 510 1574 ego
531 1481 738 1574 respondeo:
760 1503 865 1575 quam
892 1480 991 1552 multi
1012 1481 1054 1552 iis
1075 1483 1208 1555 eisdem
1232 1485 1269 1554 in

184 1605 270 1676 locis
291 1604 479 1696 inquietius
514 1603 673 1676 habitant
703 1603 931 1698 crebriusque
958 1605 1166 1676 volvunturl
1194 1606 1268 1677 Non

184 1725 298 1798 dicam
332 1729 507 1800 coelestem
542 1727 711 1819 originem
747 1714 954 1810 animarum,
982 1726 1078 1819 quod
1102 1727 1268 1820 Virgilius

184 1850 245 1934 ait,
269 1870 381 1942 neque
400 1849 495 1942 quod
512 1849 560 1919 ait
578 1849 713 1934 Cicero,
732 1850 885 1921 animum
906 1848 1008 1920 nobis
1029 1849 1148 1922 datum
1166 1871 1213 1921 ex
1231 1849 1270 1920 il-

184 1972 228 2044 lis
250 1972 469 2067 sempiternis
491 1973 630 2066 ignibus
656 1993 746 2064 quos
774 1973 888 2056 sidera
913 1981 949 2042 et
974 1974 1094 2043 stellas
1116 1973 1266 2068 appella-

184 2117 279 2179 muS,
303 2107 341 2167 ut
361 2093 585 2167 similitudine
610 2093 774 2187 quadam,
797 2093 892 2186 quod
913 2093 1054 2164 Senecae
1075 2095 1200 2186 placet,
1222 2113 1269 2164 ex

184 2217 317 2309 ignium
338 2215 555 2289 volubilitate
574 2215 782 2298 celestium,
804 2214 998 2285 animarum
1023 2212 1102 2284 inde
1124 2233 1270 2285 nascen-

184 2340 270 2412 tium
298 2338 496 2411 volubilitas
527 2346 729 2409 excusetur.
757 2336 824 2408 Sed
849 2337 915 2408 hcc
940 2336 1032 2421 dioc,
1060 2345 1196 2408 creatas
1223 2339 1270 2410 si-

183 2465 326 2557 mulque
346 2461 549 2557 corporibus
570 2461 704 2534 infusas
725 2459 859 2531 animas
881 2484 902 2532 a
922 2463 994 2533 Dec
1015 2483 1109 2545 esse,
1128 2462 1191 2532 Dei
1213 2483 1268 2533 se-

183 2586 264 2658 dem
291 2586 325 2656 in
351 2586 439 2657 coelo
459 2605 555 2670 esse,
578 2585 673 2678 quod
693 2584 740 2656 ait
759 2583 957 2669 Psalmista‚
979 2585 1058 2656 coeli
1078 2606 1164 2657 vero
1189 2607 1268 2678 per-

184 2718 328 2802 petuum
347 2716 477 2779 motum
492 2721 586 2791 esse,
606 2706 700 2801 quod
719 2705 807 2801 ipsis
824 2705 934 2778 oculis
952 2705 1126 2778 videmus.
1148 2707 1269 2798 ltaque

185 2829 270 2901 nibil
303 2829 380 2901 miri
413 2829 444 2901 si
476 2851 582 2922 quam
615 2829 696 2902 inde
727 2827 985 2900 similitudinem
1011 2827 1181 2900 traximus
1210 2827 1267 2898 ubi
1329 2883 1338 2904 ,

187 2955 330 3025 Creator
349 2961 469 3025 noster
485 2952 628 3024 habitat.
646 2931 773 3025 Nescio
788 2953 930 3047 quidem
945 2952 1050 3036 unde,
1067 2955 1138 3025 scio
1151 2961 1295 3043 autem*¹

185 3077 298 3170 qualis
320 3075 547 3148 nobilioribus
567 3073 692 3147 animis
709 3075 904 3168 praesertim
922 3074 1061 3148 visendi
1081 3097 1173 3147 nova
1194 3077 1269 3147 loca
1290 3052 1296 3141 l¹

186 3209 223 3270 et
243 3198 488 3271 mutandarum
517 3199 698 3289 regionum
724 3207 780 3270 est
796 3197 923 3269 innata
948 3198 1134 3294 cupiditas,
1162 3220 1266 3291 quarn
1294 3206 1296 3215 '

187 3322 330 3393 rationis
351 3323 461 3394 lraeuo
481 3319 711 3424 cohibendam
735 3318 1063 3412 temperantiamque
1080 3341 1148 3392 non
1166 3319 1295 3411 nego„f

188 3444 300 3516 Crede
320 3454 435 3516 autem
463 3443 561 3528 mibi,
584 3444 778 3536 credasque
806 3443 940 3515 lacilius
964 3454 1145 3535 expertus,
1167 3439 1285 3514 dulce¹

188 3567 468 3661 laboriosumque
488 3567 607 3638 nescio
638 3567 723 3660 quid
756 3565 863 3637 babet
887 3566 954 3637 ista
978 3564 1163 3637 curiositas
1190 3587 1267 3658 pro-

189 3687 320 3759 vincias
342 3686 533 3784 ambiendi:
552 3710 621 3759 una
638 3695 753 3760 autem
773 3687 858 3760 sede
876 3687 1078 3760 sedentibus
1097 3687 1267 3781 peculiare

189 3829 330 3901 semper
349 3832 427 3880 cum
449 3809 566 3902 quiete
587 3809 774 3882 fastidium.
795 3810 944 3882 Proinde
964 3809 1049 3902 quid
1070 3810 1104 3880 in
1126 3809 1192 3880 boc
1216 3809 1268 3879 iu-

187 3953 256 4023 que
273 3931 349 4002 aliis
367 3931 545 4004 hominum
564 3931 658 4002 curis
675 3932 842 4027 optimum
861 3935 935 4004 Deo
954 3932 1017 4004 soli
1035 3942 1153 4004 notum
1173 3942 1266 4025 puto.

95 4145 100 4154 Ι
189 4052 224 4122 Si
244 4053 324 4146 quis
344 4066 400 4125 est
420 4075 505 4125 sane
526 4054 585 4147 qui
607 4053 771 4124 virtutem
793 4076 860 4126 non
878 4055 913 4124 in
931 4055 1060 4142 animo,
1085 4057 1201 4129 sedin
1218 4058 1268 4128 lo-

188 4176 238 4246 cis
260 4185 379 4267 ponat,
407 4187 442 4247 et
467 4175 737 4248 immobilitatem
758 4178 986 4250 constantiam
1016 4192 1136 4265 uocet,
1165 4177 1268 4251 valde

316 4307 343 4346 u,
1082 4297 1108 4350 tt
