3062 4798
392 349 485 398 LIBER
506 347 807 399 SEPTIMUSDECIMUS.
818 369 858 382 ··
868 349 1022 400 hrlsrohn
1044 351 1064 399 l.
1206 341 1266 404 415

134 461 138 472 ’
183 485 343 556 christus
365 484 425 555 uer
447 485 569 568 rannus,
592 485 811 580 philosophia
828 498 942 560 auten
967 489 1147 584 sapientiae
1169 513 1267 567 amor

182 616 250 691 est,
284 628 332 677 ex
361 605 446 700 ipsis
482 607 587 680 etiam
622 607 806 699 Augustini
841 608 957 681 verbis
985 610 1059 683 sine
1089 611 1266 686 dubietate

183 729 407 812 concluditur,
426 751 548 800 verum
566 728 810 822 philosophum
831 731 897 801 nisi
913 732 977 802 Dei
994 742 1185 804 amatorem
1203 757 1268 806 ve·

184 874 331 954 rumque
354 851 594 924 Clnnistieolam
621 873 700 924 esse
728 873 796 923 non
824 875 940 948 posse.
968 855 1064 926 Hane
1091 865 1125 925 tu
1154 855 1266 950 philo·

186 975 356 1067 sophiam,
376 995 542 1066 germane
562 973 700 1067 optime,
722 998 789 1046 non
812 974 958 1048 Athenis
976 978 1181 1062 autRomee,
1196 999 1265 1048 uon

184 1096 336 1180 Parisiis,
365 1096 429 1168 sed
454 1097 582 1168 devoto
607 1095 643 1167 iu
663 1107 779 1168 monte
805 1119 845 1170 ao
867 1097 1028 1189 religioso
1061 1098 1094 1167 in
1125 1121 1268 1171 nemore

185 1219 327 1290 feliciter
352 1218 631 1312 apprehendisti,
660 1221 768 1292 multo
795 1219 861 1291 illis
893 1221 1010 1292 verior
1043 1221 1267 1312 securiorque

185 1339 411 1434 philosophus
437 1339 506 1432 qni,
535 1349 572 1412 ut
591 1341 809 1432 Augustinus
832 1340 920 1412 idem
943 1342 1007 1413 ait:
1033 1371 1045 1407 n
1073 1341 1268 1434 Siquando

190 1489 205 1526 n
233 1463 278 1534 ad
298 1463 565 1556 disputationem
588 1465 732 1547 venitur,
760 1462 936 1536 Platonico
956 1463 1095 1536 nomine
1117 1486 1179 1535 ora
1194 1487 1269 1535 ere·
1398 1491 1401 1498 ·

192 1613 206 1650 n
234 1585 350 1678 pantia
370 1607 474 1678 quum
496 1593 618 1678 peetus
640 1607 725 1657 vero
746 1587 886 1678 plenum
911 1584 1024 1676 magis
1049 1583 1180 1657 hahere
1208 1609 1269 1677 ge-

191 1733 207 1770 n
235 1705 353 1776 stiunt.
380 1732 394 1768 n
418 1705 520 1789 Quod
541 1707 570 1775 si
591 1706 635 1777 de
652 1706 837 1780 Platonicis
859 1706 962 1778 etiam
985 1728 1106 1777 verum
1125 1718 1188 1792 est,
1207 1707 1265 1799 qui

187 1829 350 1900 exomni
383 1827 667 1922 philosophorum
702 1829 1039 1922 acie'praeleruntur
1073 1851 1093 1897 a
1123 1829 1264 1914 nostrie,

187 1959 316 2042 quanto
336 1949 381 2020 de
398 1947 464 2018 illis
481 1957 537 2018 est
550 1949 685 2032 verius,
704 1948 749 2018 de
767 1949 895 2040 quibus
912 1948 1100 2041 Apostolus
1121 1952 1268 2043 loquens

185 2072 252 2142 ait:
274 2081 383 2140 cenete
404 2091 446 2138 ue
463 2072 535 2160 quis
555 2093 612 2140 oos
631 2069 772 2161 decipiet
788 2093 850 2162 per
872 2071 1113 2162 philosophiam
1138 2084 1169 2141 et
1193 2074 1268 2142 iuo-

187 2215 263 2264 nem
283 2192 504 2262 seductionem
523 2190 702 2262 seeundum
723 2193 882 2262 elemento
902 2190 1031 2275 muudi,
1051 2191 1110 2284 qui
1138 2193 1267 2264 scilieet

187 2314 272 2385 alies
293 2325 397 2408 atque
418 2314 513 2397 alias,
535 2335 623 2405 quas
645 2336 738 2385 nuuc
758 2333 964 2384 enumerare
979 2333 1046 2383 nou
1060 2322 1202 2404 oportet,
1218 2315 1270 2383 in-

187 2436 420 2507 numerabiles
442 2445 558 2507 seetas
579 2457 626 2506 ex
647 2434 791 2506 infinitis
812 2433 990 2505 erroribus
1011 2439 1269 2507 extruxerunt?

285 2557 376 2642 Quid
397 2580 488 2630 nunc
508 2558 553 2629 de
574 2557 711 2649 legibus
731 2578 787 2627 me
804 2556 978 2628 dicturum
998 2559 1126 2650 putas?
1143 2558 1269 2658 Multos

187 2681 302 2771 legum
329 2680 528 2752 inventores
553 2679 703 2752 diversis
726 2678 944 2770 ingentibus
966 2679 1268 2752 luissenovimus.

188 2802 255 2873 Sed
275 2809 313 2873 ut
332 2803 535 2874 obscuriora
556 2813 775 2894 praeteream,
793 2800 876 2872 olari
894 2813 976 2872 sunt
993 2799 1129 2892 legibus
1148 2799 1271 2871 iuven-

187 2924 231 2997 tis
264 2927 357 3018 apud
388 2925 502 3018 Argos
528 2927 757 3008 Phoroneeus‚
786 2924 878 3018 apud
904 2922 1186 2995 Lacedaemonios
1213 2922 1271 2992 Li-

187 3068 330 3138 curgus‚
353 3048 444 3140 apud
465 3047 696 3120 Athenienses
714 3050 830 3132 Solon,
853 3047 953 3118 cuius
974 3047 1070 3138 leges
1088 3046 1132 3117 ad
1146 3045 1269 3116 Rome-

186 3167 354 3240 nos-inde
375 3178 589 3252 transvectus,
613 3173 760 3241 multum
781 3185 926 3242 ornatus
946 3178 1051 3261 atque
1073 3167 1269 3260 amplitudi-

188 3291 242 3362 nis
264 3297 480 3381 aeceperunt.
503 3288 588 3358 Hinc
609 3291 666 3360 lex
686 3290 868 3362 duodecim
887 3287 1083 3361 tabularum
1103 3292 1270 3382 legesque

188 3412 266 3484 aliae
298 3421 332 3483 et
357 3413 504 3481 Senatus
531 3409 695 3480 Consulto
720 3419 755 3480 et
781 3410 960 3501 plebiscita
987 3419 1022 3481 et
1047 3408 1268 3481 honorarium

189 3535 243 3606 ius
265 3543 471 3628 praetorum,
491 3541 666 3624 postremo
688 3532 895 3604 dictatorum
917 3554 958 3604 ac
983 3531 1176 3624 principum
1197 3529 1271 3602 edi-

189 3665 254 3727 eta.
276 3656 338 3726 Hae
358 3665 472 3726 autem
495 3657 591 3746 leges
610 3675 744 3739 omnes,
766 3664 816 3739 et,
836 3654 864 3726 si
891 3675 971 3746 quae
996 3653 1074 3723 aliae
1100 3660 1195 3735 snut,
1225 3652 1270 3721 si-

190 3789 248 3850 eut
273 3776 475 3850 humanitus
513 3776 727 3861 adinventae,
767 3777 817 3848 sic
854 3775 1054 3848 humanitus
1079 3775 1270 3845 immutatae

190 3924 251 3996 per
270 3902 473 3974 varietatem
494 3910 686 3992 temporum
713 3900 855 3970 mutatis
883 3897 1061 4002 affectibus
1087 3907 1123 3968 et
1147 3897 1269 3967 volun·

190 4024 319 4096 tatibus
340 4022 532 4105 hominum,
556 4019 739 4115 inquibus
764 4021 832 4092 illae
857 4021 1012 4091 fundatae
1035 4029 1149 4103 erant3
1176 4039 1270 4090 eom-

190 4167 295 4216 mune
311 4158 366 4218 est
386 4144 476 4218 enirn
499 4153 537 4216 ut
558 4167 625 4216 una
643 4146 700 4216 lex
718 4144 817 4216 aliam
837 4142 996 4234 corriget.
1020 4143 1079 4214 Vis
1101 4152 1266 4214 aeternam
