<?xml version="1.0" encoding="UTF-8"?>
<!DOCTYPE html PUBLIC "-//W3C//DTD XHTML 1.0 Transitional//EN"
    "http://www.w3.org/TR/xhtml1/DTD/xhtml1-transitional.dtd">
<html xmlns="http://www.w3.org/1999/xhtml" xml:lang="en" lang="en">
 <head>
  <title>
</title>
<meta http-equiv="Content-Type" content="text/html;charset=utf-8" />
  <meta name='ocr-system' content='tesseract 3.04.00' />
  <meta name='ocr-capabilities' content='ocr_page ocr_carea ocr_par ocr_line ocrx_word'/>
</head>
<body>
  <div class='ocr_page' id='page_1' title='image "./franciscipetrar01fracgoog_0562.png"; bbox 0 0 3024 4802; ppageno 0'>
   <div class='ocr_carea' id='block_1_1' title="bbox 374 370 1235 431">
    <p class='ocr_par' dir='ltr' id='par_1_1' title="bbox 374 370 1235 431">
     <span class='ocr_line' id='line_1_1' title="bbox 374 370 1235 431; baseline 0.006 -5"><span class='ocrx_word' id='word_1_1' title='bbox 374 379 467 427; x_wconf 81' lang='lat' dir='ltr'>uranu</span> <span class='ocrx_word' id='word_1_2' title='bbox 491 378 958 430; x_wconf 81' lang='lat' dir='ltr'>ucuusnecluus-urtsrcun</span> <span class='ocrx_word' id='word_1_3' title='bbox 979 383 1029 431; x_wconf 85' lang='lat' dir='ltr'>xv.</span> <span class='ocrx_word' id='word_1_4' title='bbox 1181 370 1235 431; x_wconf 82' lang='lat'>551</span> 
     </span>
    </p>
   </div>
   <div class='ocr_carea' id='block_1_2' title="bbox 109 511 1263 2929">
    <p class='ocr_par' dir='ltr' id='par_1_2' title="bbox 109 511 1263 2929">
     <span class='ocr_line' id='line_1_2' title="bbox 150 511 1263 610; baseline 0.004 -26"><span class='ocrx_word' id='word_1_5' title='bbox 150 516 247 587; x_wconf 84' lang='lat' dir='ltr'>inter</span> <span class='ocrx_word' id='word_1_6' title='bbox 266 512 492 607; x_wconf 88' lang='lat' dir='ltr'>equitandum</span> <span class='ocrx_word' id='word_1_7' title='bbox 506 511 691 606; x_wconf 80' lang='lat' dir='ltr'>cogitasse.</span> <span class='ocrx_word' id='word_1_8' title='bbox 719 514 768 586; x_wconf 89' lang='lat' dir='ltr'>lta</span> <span class='ocrx_word' id='word_1_9' title='bbox 790 514 875 585; x_wconf 93' lang='lat' dir='ltr'>mihi</span> <span class='ocrx_word' id='word_1_10' title='bbox 892 514 1016 588; x_wconf 87' lang='lat' dir='ltr'>accidit</span> <span class='ocrx_word' id='word_1_11' title='bbox 1034 527 1071 588; x_wconf 88' lang='lat' dir='ltr'>ut</span> <span class='ocrx_word' id='word_1_12' title='bbox 1094 517 1238 610; x_wconf 90' lang='lat' dir='ltr'>patriam</span> <span class='ocrx_word' id='word_1_13' title='bbox 1258 541 1263 571; x_wconf 60' lang='grc' dir='ltr'><em>τ</em></span> 
     </span>
     <span class='ocr_line' id='line_1_3' title="bbox 148 610 1257 739; baseline -0.001 -30"><span class='ocrx_word' id='word_1_14' title='bbox 148 658 337 731; x_wconf 90' lang='lat' dir='ltr'>nunquam</span> <span class='ocrx_word' id='word_1_15' title='bbox 358 635 485 708; x_wconf 88' lang='lat' dir='ltr'>clarius</span> <span class='ocrx_word' id='word_1_16' title='bbox 506 657 612 729; x_wconf 89' lang='lat' dir='ltr'>quam</span> <span class='ocrx_word' id='word_1_17' title='bbox 629 634 664 704; x_wconf 92' lang='lat' dir='ltr'>in</span> <span class='ocrx_word' id='word_1_18' title='bbox 686 636 963 729; x_wconf 81' lang='lat' dir='ltr'>peregrinatione</span> <span class='ocrx_word' id='word_1_19' title='bbox 981 659 1238 731; x_wconf 84' lang='lat' dir='ltr'>cognoscerem,</span> <span class='ocrx_word' id='word_1_20' title='bbox 1244 610 1257 739; x_wconf 61' lang='lat' dir='ltr'>j&#39;</span> 
     </span>
     <span class='ocr_line' id='line_1_4' title="bbox 149 748 1245 867; baseline -0.002 -36"><span class='ocrx_word' id='word_1_21' title='bbox 149 771 190 831; x_wconf 88' lang='lat' dir='ltr'>et</span> <span class='ocrx_word' id='word_1_22' title='bbox 211 758 261 831; x_wconf 91' lang='lat' dir='ltr'>ad</span> <span class='ocrx_word' id='word_1_23' title='bbox 281 779 454 830; x_wconf 86' lang='lat' dir='ltr'>summam</span> <span class='ocrx_word' id='word_1_24' title='bbox 474 758 742 852; x_wconf 81' lang='lat' dir='ltr'>quampulchre</span> <span class='ocrx_word' id='word_1_25' title='bbox 762 767 860 830; x_wconf 87' lang='lat' dir='ltr'>esset</span> <span class='ocrx_word' id='word_1_26' title='bbox 877 760 972 832; x_wconf 88' lang='lat' dir='ltr'>ltalia</span> <span class='ocrx_word' id='word_1_27' title='bbox 994 760 1027 829; x_wconf 93' lang='lat' dir='ltr'>in</span> <span class='ocrx_word' id='word_1_28' title='bbox 1055 748 1245 867; x_wconf 73' lang='lat' dir='ltr'>Germania(</span> 
     </span>
     <span class='ocr_line' id='line_1_5' title="bbox 150 878 1239 978; baseline 0.002 -26"><span class='ocrx_word' id='word_1_29' title='bbox 150 880 336 976; x_wconf 80' lang='lat' dir='ltr'>perdidici.</span> <span class='ocrx_word' id='word_1_30' title='bbox 355 881 399 952; x_wconf 84' lang='lat' dir='ltr'>Et.</span> <span class='ocrx_word' id='word_1_31' title='bbox 418 880 484 953; x_wconf 90' lang='lat' dir='ltr'>hoc</span> <span class='ocrx_word' id='word_1_32' title='bbox 505 880 589 953; x_wconf 91' lang='lat' dir='ltr'>mihi</span> <span class='ocrx_word' id='word_1_33' title='bbox 622 881 779 976; x_wconf 75' lang='lat' dir='ltr'>epistole</span> <span class='ocrx_word' id='word_1_34' title='bbox 812 881 1019 978; x_wconf 91' lang='lat' dir='ltr'>principium</span> <span class='ocrx_word' id='word_1_35' title='bbox 1052 880 1117 953; x_wconf 87' lang='lat' dir='ltr'>luit</span> <span class='ocrx_word' id='word_1_36' title='bbox 1147 878 1239 956; x_wconf 78' lang='lat' dir='ltr'>illul</span> 
     </span>
     <span class='ocr_line' id='line_1_6' title="bbox 149 1004 1239 1098; baseline 0 -24"><span class='ocrx_word' id='word_1_37' title='bbox 149 1025 265 1096; x_wconf 91' lang='lat' dir='ltr'>quam</span> <span class='ocrx_word' id='word_1_38' title='bbox 287 1024 451 1075; x_wconf 89' lang='lat' dir='ltr'>reversus</span> <span class='ocrx_word' id='word_1_39' title='bbox 477 1026 603 1097; x_wconf 80' lang='lat' dir='ltr'>magno</span> <span class='ocrx_word' id='word_1_40' title='bbox 636 1005 768 1098; x_wconf 86' lang='lat' dir='ltr'>impetu</span> <span class='ocrx_word' id='word_1_41' title='bbox 799 1015 948 1098; x_wconf 83' lang='lat' dir='ltr'>caeptam</span> <span class='ocrx_word' id='word_1_42' title='bbox 982 1027 1064 1080; x_wconf 85' lang='lat' dir='ltr'>mox</span> <span class='ocrx_word' id='word_1_43' title='bbox 1098 1004 1239 1077; x_wconf 89' lang='lat' dir='ltr'>destitui</span> 
     </span>
     <span class='ocr_line' id='line_1_7' title="bbox 149 1128 1240 1222; baseline 0.002 -25"><span class='ocrx_word' id='word_1_44' title='bbox 149 1128 249 1198; x_wconf 88' lang='lat' dir='ltr'>mole</span> <span class='ocrx_word' id='word_1_45' title='bbox 269 1147 385 1198; x_wconf 89' lang='lat' dir='ltr'>rerum</span> <span class='ocrx_word' id='word_1_46' title='bbox 403 1148 549 1219; x_wconf 89' lang='lat' dir='ltr'>pressus</span> <span class='ocrx_word' id='word_1_47' title='bbox 570 1139 606 1199; x_wconf 92' lang='lat' dir='ltr'>et</span> <span class='ocrx_word' id='word_1_48' title='bbox 625 1128 794 1201; x_wconf 86' lang='lat' dir='ltr'>varietate</span> <span class='ocrx_word' id='word_1_49' title='bbox 815 1128 1015 1200; x_wconf 88' lang='lat' dir='ltr'>distractus.</span> <span class='ocrx_word' id='word_1_50' title='bbox 1032 1130 1168 1222; x_wconf 50' lang='lat' dir='ltr'>*Nempe</span> <span class='ocrx_word' id='word_1_51' title='bbox 1193 1151 1240 1199; x_wconf 83' lang='lat' dir='ltr'>ex</span> 
     </span>
     <span class='ocr_line' id='line_1_8' title="bbox 109 1248 1241 1343; baseline 0.004 -25"><span class='ocrx_word' id='word_1_52' title='bbox 109 1305 114 1310; x_wconf 95' lang='lat'>.</span> <span class='ocrx_word' id='word_1_53' title='bbox 150 1249 214 1321; x_wconf 91' lang='lat' dir='ltr'>illo</span> <span class='ocrx_word' id='word_1_54' title='bbox 236 1250 352 1320; x_wconf 87' lang='lat' dir='ltr'>nullus</span> <span class='ocrx_word' id='word_1_55' title='bbox 373 1248 457 1321; x_wconf 91' lang='lat' dir='ltr'>mihi</span> <span class='ocrx_word' id='word_1_56' title='bbox 478 1252 549 1321; x_wconf 87' lang='lat' dir='ltr'>sere</span> <span class='ocrx_word' id='word_1_57' title='bbox 571 1250 777 1343; x_wconf 86' lang='lat' dir='ltr'>tranquillus</span> <span class='ocrx_word' id='word_1_58' title='bbox 798 1251 888 1334; x_wconf 89' lang='lat' dir='ltr'>dies,</span> <span class='ocrx_word' id='word_1_59' title='bbox 909 1253 1039 1323; x_wconf 90' lang='lat' dir='ltr'>nullum</span> <span class='ocrx_word' id='word_1_60' title='bbox 1062 1251 1160 1323; x_wconf 89' lang='lat' dir='ltr'>liberi</span> <span class='ocrx_word' id='word_1_61' title='bbox 1182 1273 1241 1323; x_wconf 89' lang='lat' dir='ltr'>su·</span> 
     </span>
     <span class='ocr_line' id='line_1_9' title="bbox 150 1368 1254 1466; baseline 0 -24"><span class='ocrx_word' id='word_1_62' title='bbox 150 1368 257 1466; x_wconf 86' lang='lat' dir='ltr'>spirii</span> <span class='ocrx_word' id='word_1_63' title='bbox 277 1381 415 1464; x_wconf 89' lang='lat' dir='ltr'>tempus</span> <span class='ocrx_word' id='word_1_64' title='bbox 435 1371 509 1444; x_wconf 85' lang='lat' dir='ltr'>fuit.</span> <span class='ocrx_word' id='word_1_65' title='bbox 531 1372 632 1456; x_wconf 89' lang='lat' dir='ltr'>Quod</span> <span class='ocrx_word' id='word_1_66' title='bbox 654 1372 794 1444; x_wconf 91' lang='lat' dir='ltr'>minime</span> <span class='ocrx_word' id='word_1_67' title='bbox 820 1383 913 1466; x_wconf 91' lang='lat' dir='ltr'>pulc,</span> <span class='ocrx_word' id='word_1_68' title='bbox 940 1372 1113 1445; x_wconf 83' lang='lat' dir='ltr'>mirabere</span> <span class='ocrx_word' id='word_1_69' title='bbox 1134 1373 1163 1445; x_wconf 88' lang='lat' dir='ltr'>si</span> <span class='ocrx_word' id='word_1_70' title='bbox 1184 1369 1254 1444; x_wconf 79' lang='lat' dir='ltr'>Li-&#39;</span> 
     </span>
     <span class='ocr_line' id='line_1_10' title="bbox 150 1494 1241 1590; baseline 0.004 -24"><span class='ocrx_word' id='word_1_71' title='bbox 150 1494 270 1588; x_wconf 83' lang='lat' dir='ltr'>guriae</span> <span class='ocrx_word' id='word_1_72' title='bbox 290 1495 428 1568; x_wconf 86' lang='lat' dir='ltr'>labores</span> <span class='ocrx_word' id='word_1_73' title='bbox 448 1506 484 1569; x_wconf 86' lang='lat' dir='ltr'>ct</span> <span class='ocrx_word' id='word_1_74' title='bbox 515 1495 681 1590; x_wconf 88' lang='lat' dir='ltr'>temporis</span> <span class='ocrx_word' id='word_1_75' title='bbox 710 1494 815 1569; x_wconf 89' lang='lat' dir='ltr'>huius</span> <span class='ocrx_word' id='word_1_76' title='bbox 849 1505 977 1568; x_wconf 87' lang='lat' dir='ltr'>statum</span> <span class='ocrx_word' id='word_1_77' title='bbox 1010 1508 1092 1570; x_wconf 86' lang='lat' dir='ltr'>ante</span> <span class='ocrx_word' id='word_1_78' title='bbox 1121 1499 1241 1570; x_wconf 89' lang='lat' dir='ltr'>oculos</span> 
     </span>
     <span class='ocr_line' id='line_1_11' title="bbox 149 1617 1241 1716; baseline -0.002 -25"><span class='ocrx_word' id='word_1_79' title='bbox 149 1619 269 1712; x_wconf 79' lang='lat' dir='ltr'>ponis,</span> <span class='ocrx_word' id='word_1_80' title='bbox 292 1619 328 1690; x_wconf 93' lang='lat' dir='ltr'>ln</span> <span class='ocrx_word' id='word_1_81' title='bbox 346 1618 429 1690; x_wconf 88' lang='lat' dir='ltr'>navi</span> <span class='ocrx_word' id='word_1_82' title='bbox 449 1617 614 1712; x_wconf 86' lang='lat' dir='ltr'>equidem</span> <span class='ocrx_word' id='word_1_83' title='bbox 632 1619 736 1692; x_wconf 86' lang='lat' dir='ltr'>tantis</span> <span class='ocrx_word' id='word_1_84' title='bbox 757 1619 881 1693; x_wconf 87' lang='lat' dir='ltr'>iactata</span> <span class='ocrx_word' id='word_1_85' title='bbox 902 1617 1167 1716; x_wconf 77' lang='lat' dir='ltr'>tempestatibus</span> <span class='ocrx_word' id='word_1_86' title='bbox 1188 1619 1241 1690; x_wconf 92' lang='lat' dir='ltr'>in-</span> 
     </span>
     <span class='ocr_line' id='line_1_12' title="bbox 150 1730 1240 1839; baseline -0.002 -25"><span class='ocrx_word' id='word_1_87' title='bbox 150 1742 332 1839; x_wconf 86' lang='lat' dir='ltr'>trepidum</span> <span class='ocrx_word' id='word_1_88' title='bbox 352 1745 439 1815; x_wconf 81' lang='lat' dir='ltr'>ferte</span> <span class='ocrx_word' id='word_1_89' title='bbox 460 1756 636 1834; x_wconf 76' lang='lat' dir='ltr'>vectorem</span> <span class='ocrx_word' id='word_1_90' title='bbox 655 1730 752 1828; x_wconf 88' lang='lat' dir='ltr'>esse,</span> <span class='ocrx_word' id='word_1_91' title='bbox 775 1742 1024 1815; x_wconf 85' lang='lat' dir='ltr'>inconcussum</span> <span class='ocrx_word' id='word_1_92' title='bbox 1056 1751 1150 1816; x_wconf 88' lang='lat' dir='ltr'>certe</span> <span class='ocrx_word' id='word_1_93' title='bbox 1170 1764 1240 1814; x_wconf 91' lang='lat' dir='ltr'>uon</span> 
     </span>
     <span class='ocr_line' id='line_1_13' title="bbox 149 1863 1242 1961; baseline 0 -25"><span class='ocrx_word' id='word_1_94' title='bbox 149 1865 263 1937; x_wconf 91' lang='lat' dir='ltr'>licuit.</span> <span class='ocrx_word' id='word_1_95' title='bbox 285 1865 473 1938; x_wconf 88' lang='lat' dir='ltr'>Meministi</span> <span class='ocrx_word' id='word_1_96' title='bbox 497 1865 592 1961; x_wconf 90' lang='lat' dir='ltr'>quod</span> <span class='ocrx_word' id='word_1_97' title='bbox 612 1865 834 1959; x_wconf 79' lang='lat' dir='ltr'>Augustinus</span> <span class='ocrx_word' id='word_1_98' title='bbox 853 1864 897 1938; x_wconf 91' lang='lat' dir='ltr'>de</span> <span class='ocrx_word' id='word_1_99' title='bbox 932 1887 970 1938; x_wconf 92' lang='lat' dir='ltr'>se</span> <span class='ocrx_word' id='word_1_100' title='bbox 1002 1866 1094 1960; x_wconf 90' lang='lat' dir='ltr'>ipsc,</span> <span class='ocrx_word' id='word_1_101' title='bbox 1128 1863 1242 1958; x_wconf 91' lang='lat' dir='ltr'>deque</span> 
     </span>
     <span class='ocr_line' id='line_1_14' title="bbox 149 1986 1239 2081; baseline -0.001 -23"><span class='ocrx_word' id='word_1_102' title='bbox 149 1988 223 2060; x_wconf 88' lang='lat' dir='ltr'>hac</span> <span class='ocrx_word' id='word_1_103' title='bbox 245 1988 322 2078; x_wconf 89' lang='lat' dir='ltr'>ipsa</span> <span class='ocrx_word' id='word_1_104' title='bbox 343 1986 430 2057; x_wconf 91' lang='lat' dir='ltr'>urbe</span> <span class='ocrx_word' id='word_1_105' title='bbox 450 1987 485 2057; x_wconf 92' lang='lat' dir='ltr'>in</span> <span class='ocrx_word' id='word_1_106' title='bbox 508 1987 611 2059; x_wconf 85' lang='lat' dir='ltr'>simili</span> <span class='ocrx_word' id='word_1_107' title='bbox 632 2011 749 2060; x_wconf 89' lang='lat' dir='ltr'>rerum</span> <span class='ocrx_word' id='word_1_108' title='bbox 776 1997 870 2060; x_wconf 86' lang='lat' dir='ltr'>statu</span> <span class='ocrx_word' id='word_1_109' title='bbox 894 1989 1043 2081; x_wconf 87' lang='lat' dir='ltr'>loquens</span> <span class='ocrx_word' id='word_1_110' title='bbox 1070 1988 1132 2060; x_wconf 88' lang='lat' dir='ltr'>ait:</span> <span class='ocrx_word' id='word_1_111' title='bbox 1165 2009 1239 2068; x_wconf 78' lang='lat' dir='ltr'>nos,</span> 
     </span>
     <span class='ocr_line' id='line_1_15' title="bbox 153 2107 1242 2204; baseline -0.001 -25"><span class='ocrx_word' id='word_1_112' title='bbox 153 2109 290 2202; x_wconf 91' lang='lat' dir='ltr'>inquil,</span> <span class='ocrx_word' id='word_1_113' title='bbox 318 2107 425 2180; x_wconf 79' lang='lat' dir='ltr'>adhuc</span> <span class='ocrx_word' id='word_1_114' title='bbox 448 2109 610 2200; x_wconf 72' lang='lat' dir='ltr'>sripidic</span> <span class='ocrx_word' id='word_1_115' title='bbox 638 2115 745 2181; x_wconf 83' lang='lat' dir='ltr'>calore</span> <span class='ocrx_word' id='word_1_116' title='bbox 777 2111 911 2204; x_wconf 83' lang='lat' dir='ltr'>spiritus</span> <span class='ocrx_word' id='word_1_117' title='bbox 937 2108 1242 2180; x_wconf 62' lang='lat' dir='ltr'>intendebantur</span> 
     </span>
     <span class='ocr_line' id='line_1_16' title="bbox 155 2228 1243 2322; baseline 0 -22"><span class='ocrx_word' id='word_1_118' title='bbox 155 2242 291 2302; x_wconf 83' lang='lat' dir='ltr'>lantum</span> <span class='ocrx_word' id='word_1_119' title='bbox 308 2231 441 2302; x_wconf 86' lang='lat' dir='ltr'>civitate</span> <span class='ocrx_word' id='word_1_120' title='bbox 456 2232 599 2302; x_wconf 81' lang='lat' dir='ltr'>ctlcailu</span> <span class='ocrx_word' id='word_1_121' title='bbox 615 2243 711 2322; x_wconf 81' lang='lat' dir='ltr'>alque</span> <span class='ocrx_word' id='word_1_122' title='bbox 728 2233 868 2304; x_wconf 82' lang='lat' dir='ltr'>turbata.</span> <span class='ocrx_word' id='word_1_123' title='bbox 887 2229 986 2314; x_wconf 89' lang='lat' dir='ltr'>Quod</span> <span class='ocrx_word' id='word_1_124' title='bbox 1006 2229 1035 2302; x_wconf 95' lang='lat' dir='ltr'>si</span> <span class='ocrx_word' id='word_1_125' title='bbox 1053 2228 1099 2300; x_wconf 91' lang='lat' dir='ltr'>illi</span> <span class='ocrx_word' id='word_1_126' title='bbox 1118 2228 1243 2302; x_wconf 87' lang='lat' dir='ltr'>accidit</span> 
     </span>
     <span class='ocr_line' id='line_1_17' title="bbox 152 2351 1241 2448; baseline 0 -24"><span class='ocrx_word' id='word_1_127' title='bbox 152 2353 365 2447; x_wconf 75' lang='lat' dir='ltr'>alienigenae</span> <span class='ocrx_word' id='word_1_128' title='bbox 385 2365 435 2439; x_wconf 88' lang='lat' dir='ltr'>et,</span> <span class='ocrx_word' id='word_1_129' title='bbox 459 2365 497 2428; x_wconf 90' lang='lat' dir='ltr'>ut</span> <span class='ocrx_word' id='word_1_130' title='bbox 520 2355 597 2448; x_wconf 91' lang='lat' dir='ltr'>ipse</span> <span class='ocrx_word' id='word_1_131' title='bbox 620 2353 680 2438; x_wconf 89' lang='lat' dir='ltr'>ait,</span> <span class='ocrx_word' id='word_1_132' title='bbox 707 2353 822 2427; x_wconf 88' lang='lat' dir='ltr'>adbuc</span> <span class='ocrx_word' id='word_1_133' title='bbox 847 2352 987 2446; x_wconf 83' lang='lat' dir='ltr'>frigide,</span> <span class='ocrx_word' id='word_1_134' title='bbox 1015 2351 1101 2446; x_wconf 91' lang='lat' dir='ltr'>quid</span> <span class='ocrx_word' id='word_1_135' title='bbox 1127 2351 1241 2424; x_wconf 82' lang='lat' dir='ltr'>italico</span> 
     </span>
     <span class='ocr_line' id='line_1_18' title="bbox 153 2475 1240 2571; baseline 0 -25"><span class='ocrx_word' id='word_1_136' title='bbox 153 2476 297 2561; x_wconf 90' lang='lat' dir='ltr'>homini,</span> <span class='ocrx_word' id='word_1_137' title='bbox 320 2501 384 2551; x_wconf 93' lang='lat' dir='ltr'>nec</span> <span class='ocrx_word' id='word_1_138' title='bbox 409 2478 478 2549; x_wconf 88' lang='lat' dir='ltr'>iam</span> <span class='ocrx_word' id='word_1_139' title='bbox 499 2479 571 2550; x_wconf 90' lang='lat' dir='ltr'>Dec</span> <span class='ocrx_word' id='word_1_140' title='bbox 600 2477 731 2571; x_wconf 85' lang='lat' dir='ltr'>gratias</span> <span class='ocrx_word' id='word_1_141' title='bbox 752 2498 773 2547; x_wconf 88' lang='lat' dir='ltr'>a</span> <span class='ocrx_word' id='word_1_142' title='bbox 793 2479 908 2548; x_wconf 89' lang='lat' dir='ltr'>calore</span> <span class='ocrx_word' id='word_1_143' title='bbox 929 2475 1072 2569; x_wconf 88' lang='lat' dir='ltr'>spiritus</span> <span class='ocrx_word' id='word_1_144' title='bbox 1092 2496 1240 2568; x_wconf 84' lang='lat' dir='ltr'>prorsus</span> 
     </span>
     <span class='ocr_line' id='line_1_19' title="bbox 153 2597 1242 2694; baseline -0.001 -25"><span class='ocrx_word' id='word_1_145' title='bbox 153 2601 302 2694; x_wconf 78' lang='lat' dir='ltr'>algenti,</span> <span class='ocrx_word' id='word_1_146' title='bbox 322 2612 358 2673; x_wconf 87' lang='lat' dir='ltr'>el</span> <span class='ocrx_word' id='word_1_147' title='bbox 378 2610 471 2673; x_wconf 89' lang='lat' dir='ltr'>certe</span> <span class='ocrx_word' id='word_1_148' title='bbox 492 2600 537 2672; x_wconf 87' lang='lat' dir='ltr'>ab</span> <span class='ocrx_word' id='word_1_149' title='bbox 557 2599 659 2670; x_wconf 90' lang='lat' dir='ltr'>annis</span> <span class='ocrx_word' id='word_1_150' title='bbox 680 2599 810 2670; x_wconf 88' lang='lat' dir='ltr'>teneris</span> <span class='ocrx_word' id='word_1_151' title='bbox 830 2619 948 2670; x_wconf 88' lang='lat' dir='ltr'>amore</span> <span class='ocrx_word' id='word_1_152' title='bbox 967 2617 1038 2691; x_wconf 90' lang='lat' dir='ltr'>quc</span> <span class='ocrx_word' id='word_1_153' title='bbox 1055 2597 1158 2669; x_wconf 86' lang='lat' dir='ltr'>italici</span> <span class='ocrx_word' id='word_1_154' title='bbox 1181 2618 1242 2668; x_wconf 92' lang='lat' dir='ltr'>no-</span> 
     </span>
     <span class='ocr_line' id='line_1_20' title="bbox 153 2717 1239 2816; baseline -0.01 -17"><span class='ocrx_word' id='word_1_155' title='bbox 153 2726 262 2799; x_wconf 88' lang='lat' dir='ltr'>minis</span> <span class='ocrx_word' id='word_1_156' title='bbox 284 2745 390 2816; x_wconf 89' lang='lat' dir='ltr'>super</span> <span class='ocrx_word' id='word_1_157' title='bbox 406 2733 606 2796; x_wconf 86' lang='lat' dir='ltr'>cooetaneos</span> <span class='ocrx_word' id='word_1_158' title='bbox 627 2742 723 2793; x_wconf 91' lang='lat' dir='ltr'>meos</span> <span class='ocrx_word' id='word_1_159' title='bbox 741 2742 864 2792; x_wconf 91' lang='lat' dir='ltr'>omnes</span> <span class='ocrx_word' id='word_1_160' title='bbox 881 2740 971 2813; x_wconf 90' lang='lat' dir='ltr'>quos</span> <span class='ocrx_word' id='word_1_161' title='bbox 988 2719 1064 2813; x_wconf 89' lang='lat' dir='ltr'>ipse</span> <span class='ocrx_word' id='word_1_162' title='bbox 1081 2717 1239 2791; x_wconf 89' lang='lat' dir='ltr'>noverim</span> 
     </span>
     <span class='ocr_line' id='line_1_21' title="bbox 153 2840 1241 2929; baseline -0.008 -10"><span class='ocrx_word' id='word_1_163' title='bbox 153 2845 333 2929; x_wconf 77' lang='lat' dir='ltr'>aestuanti,</span> <span class='ocrx_word' id='word_1_164' title='bbox 356 2844 525 2916; x_wconf 89' lang='lat' dir='ltr'>accidisse</span> <span class='ocrx_word' id='word_1_165' title='bbox 551 2843 729 2916; x_wconf 76' lang='lat' dir='ltr'>aestimas?</span> <span class='ocrx_word' id='word_1_166' title='bbox 753 2843 927 2914; x_wconf 81' lang='lat' dir='ltr'>Caeterum</span> <span class='ocrx_word' id='word_1_167' title='bbox 948 2841 1017 2913; x_wconf 89' lang='lat' dir='ltr'>iam</span> <span class='ocrx_word' id='word_1_168' title='bbox 1036 2840 1169 2913; x_wconf 88' lang='lat' dir='ltr'>coelesti</span> <span class='ocrx_word' id='word_1_169' title='bbox 1191 2841 1208 2910; x_wconf 87' lang='lat' dir='ltr'>l</span> <span class='ocrx_word' id='word_1_170' title='bbox 1225 2880 1241 2890; x_wconf 98' lang='lat'>-</span> 
     </span>
    </p>
   </div>
   <div class='ocr_carea' id='block_1_3' title="bbox 154 2962 1241 3550">
    <p class='ocr_par' dir='ltr' id='par_1_3' title="bbox 154 2962 1241 3550">
     <span class='ocr_line' id='line_1_22' title="bbox 154 2962 1239 3062; baseline -0.008 -21"><span class='ocrx_word' id='word_1_171' title='bbox 154 2989 244 3041; x_wconf 88' lang='lat' dir='ltr'>vore</span> <span class='ocrx_word' id='word_1_172' title='bbox 261 2967 384 3039; x_wconf 87' lang='lat' dir='ltr'>civitas</span> <span class='ocrx_word' id='word_1_173' title='bbox 404 2989 425 3038; x_wconf 92' lang='lat' dir='ltr'>e</span> <span class='ocrx_word' id='word_1_174' title='bbox 443 2964 561 3040; x_wconf 88' lang='lat' dir='ltr'>multis</span> <span class='ocrx_word' id='word_1_175' title='bbox 580 2967 739 3061; x_wconf 89' lang='lat' dir='ltr'>procellis</span> <span class='ocrx_word' id='word_1_176' title='bbox 757 2977 885 3062; x_wconf 86' lang='lat' dir='ltr'>optatae</span> <span class='ocrx_word' id='word_1_177' title='bbox 901 2963 1029 3058; x_wconf 90' lang='lat' dir='ltr'>quietis</span> <span class='ocrx_word' id='word_1_178' title='bbox 1047 2962 1081 3032; x_wconf 91' lang='lat' dir='ltr'>in</span> <span class='ocrx_word' id='word_1_179' title='bbox 1100 2971 1239 3056; x_wconf 86' lang='lat' dir='ltr'>portum</span> 
     </span>
     <span class='ocr_line' id='line_1_23' title="bbox 154 3084 1240 3184; baseline -0.007 -21"><span class='ocrx_word' id='word_1_180' title='bbox 154 3090 254 3163; x_wconf 82' lang='lat' dir='ltr'>venit</span> <span class='ocrx_word' id='word_1_181' title='bbox 273 3091 382 3162; x_wconf 88' lang='lat' dir='ltr'>multa</span> <span class='ocrx_word' id='word_1_182' title='bbox 402 3111 481 3184; x_wconf 85' lang='lat' dir='ltr'>cum</span> <span class='ocrx_word' id='word_1_183' title='bbox 508 3089 628 3180; x_wconf 79' lang='lat' dir='ltr'>gloria.</span> <span class='ocrx_word' id='word_1_184' title='bbox 659 3089 740 3160; x_wconf 90' lang='lat' dir='ltr'>lllihi</span> <span class='ocrx_word' id='word_1_185' title='bbox 767 3100 884 3162; x_wconf 89' lang='lat' dir='ltr'>autem</span> <span class='ocrx_word' id='word_1_186' title='bbox 905 3089 950 3162; x_wconf 91' lang='lat' dir='ltr'>de</span> <span class='ocrx_word' id='word_1_187' title='bbox 970 3084 1114 3159; x_wconf 85' lang='lat' dir='ltr'>materia</span> <span class='ocrx_word' id='word_1_188' title='bbox 1134 3106 1240 3178; x_wconf 90' lang='lat' dir='ltr'>quam</span> 
     </span>
     <span class='ocr_line' id='line_1_24' title="bbox 156 3207 1241 3306; baseline -0.007 -21"><span class='ocrx_word' id='word_1_189' title='bbox 156 3213 274 3306; x_wconf 89' lang='lat' dir='ltr'>poscis</span> <span class='ocrx_word' id='word_1_190' title='bbox 299 3213 409 3283; x_wconf 87' lang='lat' dir='ltr'>multa</span> <span class='ocrx_word' id='word_1_191' title='bbox 428 3223 576 3302; x_wconf 89' lang='lat' dir='ltr'>utroque</span> <span class='ocrx_word' id='word_1_192' title='bbox 603 3212 681 3282; x_wconf 87' lang='lat' dir='ltr'>stilo</span> <span class='ocrx_word' id='word_1_193' title='bbox 707 3231 803 3303; x_wconf 74' lang='lat' dir='ltr'>saepe</span> <span class='ocrx_word' id='word_1_194' title='bbox 827 3223 1015 3282; x_wconf 84' lang='lat' dir='ltr'>occurrunt</span> <span class='ocrx_word' id='word_1_195' title='bbox 1041 3221 1078 3282; x_wconf 88' lang='lat' dir='ltr'>ut</span> <span class='ocrx_word' id='word_1_196' title='bbox 1110 3207 1241 3281; x_wconf 86' lang='lat' dir='ltr'>scribe-</span> 
     </span>
     <span class='ocr_line' id='line_1_25' title="bbox 156 3330 1241 3429; baseline -0.006 -21"><span class='ocrx_word' id='word_1_197' title='bbox 156 3359 248 3422; x_wconf 90' lang='lat' dir='ltr'>rem,</span> <span class='ocrx_word' id='word_1_198' title='bbox 275 3355 367 3429; x_wconf 82' lang='lat' dir='ltr'>quae,</span> <span class='ocrx_word' id='word_1_199' title='bbox 387 3345 427 3406; x_wconf 91' lang='lat' dir='ltr'>ut</span> <span class='ocrx_word' id='word_1_200' title='bbox 446 3353 609 3425; x_wconf 78' lang='lat' dir='ltr'>auguror,</span> <span class='ocrx_word' id='word_1_201' title='bbox 636 3330 772 3404; x_wconf 88' lang='lat' dir='ltr'>vidisti:</span> <span class='ocrx_word' id='word_1_202' title='bbox 805 3341 841 3404; x_wconf 92' lang='lat' dir='ltr'>et</span> <span class='ocrx_word' id='word_1_203' title='bbox 874 3333 904 3402; x_wconf 91' lang='lat' dir='ltr'>si</span> <span class='ocrx_word' id='word_1_204' title='bbox 936 3331 1022 3423; x_wconf 92' lang='lat' dir='ltr'>quid</span> <span class='ocrx_word' id='word_1_205' title='bbox 1042 3334 1128 3402; x_wconf 84' lang='lat' dir='ltr'>forte</span> <span class='ocrx_word' id='word_1_206' title='bbox 1149 3353 1241 3402; x_wconf 91' lang='lat' dir='ltr'>nuuc</span> 
     </span>
     <span class='ocr_line' id='line_1_26' title="bbox 155 3451 1042 3550; baseline -0.008 -21"><span class='ocrx_word' id='word_1_207' title='bbox 155 3460 263 3531; x_wconf 88' lang='lat' dir='ltr'>etiam</span> <span class='ocrx_word' id='word_1_208' title='bbox 282 3457 339 3530; x_wconf 91' lang='lat' dir='ltr'>hic</span> <span class='ocrx_word' id='word_1_209' title='bbox 359 3456 547 3550; x_wconf 85' lang='lat' dir='ltr'>scripsere,</span> <span class='ocrx_word' id='word_1_210' title='bbox 568 3463 650 3525; x_wconf 86' lang='lat' dir='ltr'>ante</span> <span class='ocrx_word' id='word_1_211' title='bbox 670 3454 755 3526; x_wconf 88' lang='lat' dir='ltr'>alios</span> <span class='ocrx_word' id='word_1_212' title='bbox 775 3451 923 3525; x_wconf 85' lang='lat' dir='ltr'>videbis.</span> <span class='ocrx_word' id='word_1_213' title='bbox 946 3453 1042 3524; x_wconf 89' lang='lat' dir='ltr'>Vale.</span> 
     </span>
    </p>
   </div>
   <div class='ocr_carea' id='block_1_4' title="bbox 300 3597 688 3671">
    <p class='ocr_par' dir='ltr' id='par_1_4' title="bbox 300 3597 688 3671">
     <span class='ocr_line' id='line_1_27' title="bbox 300 3597 688 3671; baseline -0.008 -13"><span class='ocrx_word' id='word_1_214' title='bbox 300 3601 458 3671; x_wconf 87' lang='lat' dir='ltr'>Mediolani,</span> <span class='ocrx_word' id='word_1_215' title='bbox 474 3599 510 3658; x_wconf 90' lang='lat'>11.</span> <span class='ocrx_word' id='word_1_216' title='bbox 528 3597 589 3656; x_wconf 87' lang='lat' dir='ltr'>Kal.</span> <span class='ocrx_word' id='word_1_217' title='bbox 607 3598 688 3655; x_wconf 89' lang='lat' dir='ltr'>lunii.</span> 
     </span>
    </p>
   </div>
   <div class='ocr_carea' id='block_1_5' title="bbox 0 0 1520 4802">
    <p class='ocr_par' dir='ltr' id='par_1_5' title="bbox 0 0 1520 4802">
     <span class='ocr_line' id='line_1_28' title="bbox 0 0 1520 4802; baseline 0 0"><span class='ocrx_word' id='word_1_218' title='bbox 0 0 1520 4802; x_wconf 95' lang='lat' dir='ltr'> </span> 
     </span>
    </p>
   </div>
  </div>
 </body>
</html>
