2958 4804
276 347 334 408 258
617 357 657 404 na
680 355 780 403 nauus
802 354 1024 402 aanruraarrrus

277 511 408 571 tantum
431 519 473 567 ne
494 495 628 567 animos
646 492 806 564 habeatis
827 490 872 562 ab
893 491 1055 563 amicitiae
1076 490 1202 563 studiis
1229 492 1356 563 abhor-

276 631 403 691 rentes.
444 621 618 690 Revocate
651 614 696 688 ad
727 616 942 699 memoriam,
982 617 1098 709 ponite
1128 628 1207 688 ante
1237 619 1354 689 oculos

276 743 446 837 quidquid
474 743 648 813 intervos
671 763 732 834 per
755 761 894 810 omnem
916 740 1023 810 vitan
1046 741 1165 825 dulce,
1186 741 1353 834 quidquid
1456 763 1457 848 p

275 867 383 939 fidum
405 878 465 938 aut
486 865 673 937 iucundum
692 863 766 945 fuit,
788 861 897 933 sicubi
919 870 1017 952 grata
1035 863 1284 956 peregrinatio,
1308 861 1352 932 si·
1456 857 1457 886 l

275 991 353 1063 cubi
371 994 510 1084 placens
531 988 721 1065 rusticatio,
758 985 869 1057 sicubi
899 985 1015 1056 iocosa
1047 983 1287 1068 contabulatio,
1308 984 1351 1054 si—

274 1115 354 1187 cubi
385 1132 466 1208 pax,
503 1110 613 1184 sicubi
643 1109 776 1193 militia,
809 1107 839 1179 si
865 1130 934 1201 qua
960 1106 1138 1202 expeditio
1166 1106 1301 1188 bellica,
1323 1107 1350 1177 si

274 1238 352 1330 quis
369 1235 493 1308 diesin
511 1235 668 1328 pulvere,
685 1232 715 1303 si
728 1254 796 1324 qna
810 1253 881 1301 nox
899 1241 974 1300 aeta
992 1229 1059 1301 sub
1076 1229 1148 1312 dio,
1169 1229 1351 1322 siquando
1457 1239 1458 1244 ’

273 1381 417 1430 somnus
443 1357 540 1428 humi
564 1365 687 1450 captus
712 1364 748 1426 et
771 1373 908 1447 caespes
934 1353 969 1424 in
991 1354 1123 1425 deliciis
1144 1353 1301 1440 habituS,
1324 1355 1351 1424 si

272 1481 412 1574 quando
432 1480 625 1552 militariter
654 1479 815 1549 inversus
846 1479 990 1572 clypeus
1020 1499 1083 1570 pro
1115 1478 1262 1548 tentorio
1281 1477 1350 1558 luit,

274 1607 302 1678 si
320 1606 399 1699 quis
416 1606 568 1697 denique
588 1600 781 1674 communis
804 1600 912 1684 labor,
933 1599 1050 1692 siqua
1070 1600 1264 1672 communis
1282 1602 1353 1692 glo-

273 1731 338 1811 ria,
350 1719 388 1798 'si
406 1728 500 1820 quod
520 1745 702 1797 commune
720 1723 927 1816 periculum,
948 1723 1076 1814 siquid
1094 1725 1184 1794 ultro
1201 1722 1353 1830 pitroque

272 1860 474 1944 opportunae
495 1847 583 1943 opis,
608 1847 637 1919 si
654 1845 739 1939 quid
756 1844 956 1938 tempestivi
974 1846 1102 1929 solatii,
1123 1846 1152 1916 si
1170 1847 1255 1939 quid
1273 1869 1353 1918 con-

201 1987 213 2006 ‘
272 1971 338 2042 silii
356 1970 528 2043 salutaris.
548 1972 673 2044 Contra
691 1980 816 2054 autem,
840 1968 970 2062 siquid
991 1972 1107 2039 forsan
1126 1970 1287 2063 asperius
1304 1971 1353 2040 in-

271 2095 432 2180 tervenit,
460 2092 555 2187 quod
580 2092 771 2164 teneriores
801 2093 906 2163 animi
938 2093 1007 2185 pati
1039 2095 1162 2177 solent,
1195 2093 1292 2186 quod
1320 2094 1353 2164 in

271 2221 374 2309 longa
404 2215 553 2289 amicitia
586 2217 696 2290 vitare
727 2215 878 2288 felicitati
908 2215 1023 2308 potius
1054 2239 1157 2308 quam
1189 2216 1352 2289 humanae

271 2341 465 2433 prudentiae
488 2341 682 2424 tribuerim,
709 2337 794 2411 illud
819 2338 957 2433 penitus
979 2362 1024 2411 ex
1052 2339 1129 2410 imis
1153 2340 1351 2432 praecordiis

270 2463 417 2534 abolete.
439 2466 514 2536 Duo
534 2466 609 2536 haec
628 2477 710 2537 sunt
729 2485 810 2558 quae
830 2474 865 2535 et
882 2475 1069 2556 perpetuas
1087 2465 1220 2535 faciunt
1237 2465 1351 2537 amici·

270 2585 335 2655 tias
356 2595 391 2656 et
412 2609 616 2678 magnorum
634 2589 738 2659 claris
759 2586 884 2659 animis
903 2588 1019 2658 lumen
1038 2587 1219 2670 adiiciunt3
1246 2589 1348 2660 bene-

269 2706 425 2780 ficiorum
461 2711 629 2781 memoria
666 2720 701 2781 et
735 2707 867 2780 oblivio
903 2709 1126 2780 offensarum.
1162 2711 1348 2804 Utrumque

269 2855 360 2905 nunc
380 2857 400 2906 a
420 2834 522 2905 vobis
537 2834 666 2935 'exigo;
693 2832 787 2925 quod
809 2832 839 2902 si
860 2833 1104 2925 praestiteritis,
1135 2833 1204 2906 voti
1231 2833 1347 2928 optimi

268 2977 411 3049 compos
432 2956 596 3038 evadam,
612 2964 647 3026 et
663 2953 812 3027 dextero
831 2956 933 3048 pede,
953 2966 992 3027 ut
1010 2959 1118 3042 aiunt,
1134 2956 1178 3029 ad
1197 2957 1349 3030 scriben-

268 3078 351 3148 dum
368 3099 511 3148 venero.
531 3077 590 3146 Sin
603 3077 755 3148 omnium
772 3078 972 3156 meminisse
990 3081 1190 3166 malueritis,
1210 3083 1348 3175 pluscu-

268 3202 338 3271 lum
356 3200 457 3283 mihi,
475 3222 543 3271 non
564 3198 708 3284 inficior,
739 3200 874 3292 negocii
894 3202 1011 3273 datur:
1034 3203 1080 3272 ita
1101 3213 1218 3273 tamen
1240 3213 1279 3275 ut
1303 3205 1349 3275 la·

267 3324 331 3394 eile
359 3343 494 3418 sperem
528 3321 696 3394 offensam
727 3326 850 3415 gratiae
881 3335 915 3396 et
949 3347 1095 3396 numero
1118 3335 1154 3396 et
1185 3328 1347 3418 qualitate

267 3445 504 3519 succumbere.
526 3445 646 3538 Neque
671 3448 762 3518 enim
782 3433 875 3519 'estis
897 3467 985 3540 quos
1007 3449 1110 3520 unius
1131 3449 1213 3520 dicti
1241 3453 1348 3522 ranci-

267 3568 373 3640 dioris
394 3567 581 3639 acrimonia
609 3570 719 3660 magis
740 3579 832 3655 urat,
853 3591 959 3662 quam
991 3575 1177 3643 multorum
1203 3572 1347 3645 dulcedo

267 3701 405 3765 actuum
433 3699 585 3786 spectata
612 3695 833 3785 permulceat.
862 3690 970 3784 lgitur
993 3695 1060 3764 etsi
1083 3717 1139 3766 res
1166 3672 1210 3766 ad
1236 3699 1346 3768 ealcu-

267 3816 337 3885 lum
355 3815 485 3898 redeat,
501 3815 612 3887 victor
631 3835 707 3896 ero;
728 3812 877 3885 sednon
895 3813 1008 3886 redire
1027 3815 1218 3886 maluerim.
1243 3819 1345 3890 Multa

268 3946 349 4007 sunt
364 3937 505 4030 quidem
521 3960 600 4031 quae
615 3959 678 4009 vos
693 3939 728 4009 in
741 3938 927 4010 amicitiam
944 3941 1090 4012 trahant.
1107 3939 1226 4025 Pauca,
1243 3943 1344 4012 immo

266 4062 480 4144 veronulla,
503 4082 584 4152 quae
605 4061 794 4133 retrahant.
816 4062 987 4155 Colligam
1008 4085 1071 4139 vos
1089 4064 1270 4156 praevalidi
1287 4085 1344 4134 ne-

266 4202 350 4264 xuS,
373 4193 472 4265 aetas,
495 4184 603 4268 natio,
626 4183 760 4268 militia,
783 4185 910 4270 virtus,
934 4186 1056 4276 gloria,
1079 4185 1253 4272 nobilitas
1274 4197 1342 4258 stu·
