3062 4798
279 371 339 435 390
612 383 654 432 on
675 382 777 434 nunus
799 382 1022 434 annullamus

697 673 876 737 EPISTOLA
895 673 941 737 lX.

358 856 553 907 Falnciscus
575 857 744 908 Pertinace
766 859 902 909 ZENOBIO
923 857 1128 910 FLORENTINO
1149 861 1175 910 S.
1198 862 1227 911 P.
1251 865 1281 913 ll.

378 1018 561 1076 Commendat
575 1017 733 1074 coenubium
746 1018 848 1074 Montis
863 1019 926 1072 Rivi
941 1024 971 1074 ut
989 1017 1063 1090 regis
1077 1021 1264 1092 patrocinium

721 1109 762 1164 illi
780 1109 915 1165 conciliet.

377 1378 409 1449 A
433 1377 610 1474 Babylone
635 1377 830 1448 novissima
860 1377 1013 1449 Nioaeam
1039 1376 1123 1448 Vari
1157 1377 1360 1474 Italiamque

279 1502 478 1597 petentibus
496 1501 565 1574 viae
581 1501 696 1573 medio
713 1502 809 1572 locus
827 1509 883 1572 est
898 1499 1123 1572 dextrorsum
1141 1501 1264 1572 decem
1282 1524 1362 1594 pas·

281 1647 384 1697 suum
406 1625 557 1696 millibus
582 1623 781 1707 submotus,
809 1624 967 1716 interque
993 1643 1199 1694 nemorosos
1225 1635 1361 1699 montes

209 1767 215 1781 ·
280 1757 317 1818 et
334 1757 517 1817 montanos
539 1747 634 1818 rivos
655 1745 806 1831 abditus,
825 1757 861 1818 et
879 1768 902 1817 e
922 1744 991 1816 situ
1008 1743 1086 1839 ipso
1106 1744 1229 1832 dictus,
1252 1758 1292 1819 ut
1309 1771 1362 1822 ar-

280 1867 405 1950 bitror;
426 1867 528 1938 Mons
545 1866 655 1938 Rivus
682 1867 775 1938 enim
803 1868 877 1938 loon
898 1887 1034 1939 nomen.
1063 1869 1196 1940 Domus
1223 1871 1363 1964 antiqua

281 1989 475 2061 Carthusiae
490 1998 527 2059 et
543 2012 650 2084 prope
667 1989 712 2061 ab
729 1990 822 2062 illius
840 1991 972 2062 ordinis
991 1990 1133 2063 fundata
1150 1992 1360 2086 primordiis

280 2111 444 2187 Geminos
459 2114 587 2184 tratres
609 2115 725 2184 ferunt
742 2114 934 2186 Iauuenses
951 2113 1064 2206 patria
1085 2125 1161 2187 arte
1180 2115 1362 2208 navigato

282 2258 339 2308 res
361 2244 397 2307 et
417 2246 620 2321 mutatores
645 2246 684 2307 ut
703 2237 835 2309 Lucani
859 2237 969 2308 verbo
992 2245 1087 2322 utar,
1109 2240 1258 2309 alterum
1279 2240 1362 2311 Eoae

282 2360 428 2430 alterum
454 2359 618 2431 deciduae
645 2359 770 2431 mercis
800 2360 950 2431 eximios
976 2361 1098 2432 fuisse.
1125 2357 1193 2430 Alii
1221 2361 1361 2453 quidem

282 2480 382 2552 aliter
394 2491 549 2553 narrant:
564 2481 661 2568 fides,
677 2491 715 2554 ut
728 2481 796 2554 diei
811 2484 906 2566 solet,
921 2492 1200 2578 penesauotores
1210 2492 1360 2554 maneat.

283 2604 359 2695 ugo
375 2605 520 2676 referam
535 2605 630 2698 quod
647 2605 777 2676 audivi.
796 2606 956 2676 Solemne
969 2605 1025 2676 his
1041 2605 1145 2677 simul
1162 2604 1265 2679 domo
1282 2627 1363 2700 pro

283 2723 407 2812 ficisci,
435 2750 585 2820 eumque
610 2730 697 2800 alter
726 2725 772 2800 ab
794 2739 887 2813 ortu,
913 2730 1001 2800 alter
1025 2729 1071 2800 ab
1096 2750 1224 2801 occasu
1257 2732 1362 2821 longo

283 2859 362 2942 post
381 2859 535 2944 tempore
553 2850 748 2935 rediissent,
767 2851 803 2922 iu
820 2852 930 2944 patria
949 2853 1143 2938 convenire,
1163 2853 1209 2924 ihi
1223 2875 1280 2924 res
1294 2855 1361 2925 ior-

284 2981 456 3065 lunasque
489 2992 572 3042 suas
606 2976 801 3057 recensere,
828 2984 946 3066 atque,
977 2982 1015 3046 ut
1040 2973 1158 3048 talium
1186 2997 1263 3048 mos
1289 2986 1358 3063 est,

283 3091 444 3163 omnibus
465 3091 530 3162 rite
550 3092 739 3186 dispositis,
759 3116 900 3167 rursum
917 3096 1052 3189 digredi
1068 3109 1103 3170 et
1120 3099 1228 3171 maria
1245 3108 1361 3171 reten-

283 3222 368 3286 tare.
402 3214 442 3287 ld
469 3238 549 3287 oum
576 3238 673 3312 saepe
704 3217 870 3290 fecissent
894 3221 1111 3316 propitiaque
1144 3224 1280 3294 fortuna
1306 3224 1360 3294 usi

284 3359 430 3429 magnas
449 3339 686 3433 honestasque
710 3339 851 3414 divitias
876 3352 1145 3435 aggregassent,
1171 3344 1360 3436 contigisse

283 3471 322 3534 ut
346 3461 402 3534 ille
423 3463 468 3534 ab
493 3463 623 3535 oriente
652 3465 786 3558 primus
810 3466 970 3550 rediens,
996 3467 1089 3540 huno
1115 3465 1160 3539 ab
1182 3467 1361 3539 occidente

283 3595 471 3657 venturum
491 3585 629 3658 audiret
649 3587 858 3680 applicuisse
875 3588 1063 3664 Massiliae:
1082 3612 1187 3684 quem
1203 3612 1283 3661 cum
1301 3589 1362 3662 ali-

284 3708 440 3801 quandiu
459 3711 590 3781 frustra
608 3711 813 3782 solicitatum
835 3711 957 3784 litteris
986 3721 1223 3806 expectasset,
1247 3711 1361 3805 Suspi-

283 3840 398 3901 catnm
423 3830 509 3901 forte
538 3831 679 3925 aliquid,
715 3840 751 3903 et
775 3842 815 3904 ut
841 3841 896 3904 est
919 3833 1096 3904 hominum
1123 3853 1236 3924 genus
1260 3831 1357 3916 illud,

283 3973 393 4025 morae
413 3948 606 4047 impatiens,
632 3955 869 4049 temporisque
888 3954 1147 4050 parcissimum,
1167 3955 1282 4048 ipsum
1299 3972 1362 4044 po-

282 4085 412 4145 stremo
441 4075 631 4148 Massiliam
657 4077 815 4162 venisse,
843 4077 1054 4170 inventoque
1078 4077 1195 4161 fratre,
1221 4067 1360 4146 mutatis

280 4194 434 4295 curis-au
455 4181 589 4282 studiis,
611 4171 702 4290 pene
723 4199 800 4283 alio,
822 4197 985 4270 miratum
1005 4196 1216 4290 quaesivisse
1230 4195 1361 4290 etquid
