3002 4794
244 330 282 390 ll
578 342 619 390 nn
640 305 742 392 annus
764 341 985 390 rnururlmnus

243 477 480 550 felicissimum
504 478 698 549 ostendam.
723 477 919 550 Recordare
942 477 1022 568 quis
1055 476 1112 548 ille
1141 476 1322 552 bominum

242 621 448 684 concursus
475 619 637 692 quaenam
662 598 784 694 praelia
814 599 1052 683 salutantium,
1084 609 1216 692 quanta
1244 623 1325 674 con·

243 704 458 795 cursantium
475 720 630 806 offensio,
655 733 868 813 quantumve
887 721 1026 793 sudoris
1043 743 1083 792 ac
1104 721 1272 806 laborum,
1289 731 1326 792 ut

242 846 370 940 compti
390 855 426 916 et
441 842 609 914 elaborati
631 865 723 913 nune
745 842 801 914 hic
821 865 913 914 nunc
939 843 1007 914 illic
1026 842 1061 912 in
1086 842 1224 937 publico
1250 865 1325 914 cer-

243 971 417 1040 neremur.
439 967 491 1050 Et,
511 967 605 1037 Deus
624 966 760 1057 optime,
779 965 839 1058 qui
853 987 967 1038 coecos
980 965 1164 1052 illuminas,
1180 967 1325 1039 claudos

243 1089 359 1182 erigis,
368 1098 523 1161 mortuos
538 1087 697 1171 suscitas,
711 1087 824 1180 qualis
838 1087 895 1158 illa
909 1087 1045 1160 iactatio
1055 1089 1324 1180 est‘lPostquam

243 1212 333 1283 enim
348 1210 510 1282 omnibus
524 1209 610 1281 vicis
625 1210 857 1303 omnibusque
872 1211 986 1284 scenis
998 1210 1197 1284 circumacti
1212 1213 1326 1285 omni-

245 1333 312 1406 bus
332 1333 403 1404 noti
427 1331 573 1418 erimus,
602 1343 711 1406 restat
731 1335 796 1404 iter
821 1342 959 1428 patrum
985 1342 1185 1422 nostrorum
1205 1357 1323 1427 agere,

244 1466 280 1526 et
298 1453 519 1526 formidatum
539 1455 689 1549 sepulcri
707 1455 812 1528 limen
833 1455 1019 1528 irradituro
1038 1454 1128 1551 pede
1148 1467 1326 1528 transcen-

245 1576 338 1647 dere.
357 1573 459 1646 Adde
483 1596 575 1645 nunc
601 1576 845 1647 conviviorum
873 1577 1025 1668 gloriosa
1057 1576 1208 1662 fastidia,
1244 1599 1326 1671 quae

245 1697 320 1767 sine
334 1719 469 1788 magno,
485 1707 524 1766 ut
543 1696 649 1781 aiunt,
665 1700 767 1769 lamae
785 1696 987 1773 discrimine
1011 1720 1081 1771 non
1097 1700 1268 1785 vitantur,
1290 1711 1327 1772 et

244 1819 423 1908 epularum
438 1818 572 1890 variam
590 1823 773 1914 procellam
787 1843 959 1898 concusso
972 1826 1188 1898 stomachulo
1201 1825 1327 1898 liuotu-

244 1949 371 2010 antem.
394 1937 481 2022 Quae
502 1940 532 2012 si
556 1941 601 2011 ab
633 1944 754 2014 amicis
788 1945 939 2039 patimur
973 1945 1207 2032 incommoda,
1241 1947 1325 2039 quid

243 2073 410 2158 expectes
427 2063 473 2134 ab
497 2065 678 2137 hostibus?
698 2089 846 2159 quorum
867 2070 976 2140 multa
997 2080 1079 2142 sunt
1097 2091 1242 2160 genera:
1263 2069 1327 2142 do-

244 2187 395 2272 mestici,
418 2189 572 2272 externi;
589 2190 784 2283 horumque
805 2190 863 2262 alii
887 2191 1105 2277 clandestini,
1127 2193 1327 2286 aliiexpro-

243 2311 338 2382 fesso
355 2308 551 2384 inimicitias
571 2322 695 2403 agunt,
718 2323 753 2386 et
773 2335 913 2388 rursum
931 2312 987 2386 alii
1008 2314 1139 2406 lingua,
1158 2314 1215 2386 alii
1231 2316 1328 2388 lrau·

243 2430 363 2517 dibus,
382 2432 439 2502 alii
459 2433 577 2523 gladio
589 2435 778 2506 decertant.
792 2436 941 2507 Brevius
954 2437 1076 2528 loquor
1088 2457 1192 2509 omne
1212 2457 1326 2528 genus

243 2562 398 2644 experto.
413 2554 468 2624 Ad
481 2554 557 2624 baec
576 2555 671 2647 quid,
694 2576 826 2647 quaeso,
854 2578 922 2630 non
948 2555 1150 2629 iniuriarum
1168 2577 1189 2626 a
1210 2555 1325 2628 servis

242 2674 599 2767 contumeliarumque
612 2677 1013 2768 perpetimurlllxcusat
1025 2679 1226 2752 eosSeneca
1236 2679 1326 2751 mul·

243 2795 287 2866 tis
307 2795 449 2887 quidem
475 2794 595 2868 verbis
615 2807 650 2870 et
669 2818 809 2868 omnem
828 2801 965 2893 culpam
983 2798 1130 2870 reflectit
1154 2798 1190 2866 in
1214 2798 1326 2870 domi-

242 2938 315 3002 nos,
331 2918 570 3009 Luciliumque
587 2941 689 2991 suum
707 2919 824 2992 laudat
844 2923 958 2994 servis
975 2921 1188 2992 familiariter
1205 2921 1326 2994 convi-

243 3049 394 3110 ventem.
421 3039 513 3124 Quid
537 3042 674 3114 dicam?
691 3044 823 3114 Vereor
841 3045 924 3115 tanti
943 3044 1010 3115 viri
1027 3044 1163 3116 vilitare
1184 3055 1326 3116 senten-

242 3162 337 3245 tiam,
355 3170 522 3236 ettamen
538 3164 632 3256 quod
651 3165 812 3258 perhibet
828 3169 930 3259 longe
948 3166 1034 3236 mibi
1052 3167 1153 3238 aliter
1171 3165 1322 3238 videtur.

241 3283 356 3355 Potuit
378 3285 445 3356 illis
477 3287 564 3358 sorte
588 3289 644 3358 vel
670 3288 853 3379 prudentia
886 3297 924 3360 ut
949 3289 1058 3360 bonos
1090 3307 1212 3362 servos
1232 3289 1325 3363 iace-

242 3416 332 3491 rent,
354 3408 412 3478 vel
429 3409 564 3478 fortuna
584 3419 620 3478 nt
632 3408 840 3494 invenirent,
860 3411 1083 3503 praestitisse:
1108 3411 1193 3482 mibi
1215 3412 1325 3482 fateor

242 3534 401 3596 neutrum
411 3522 569 3608 luit,cum
582 3525 926 3617 utriusquesludium
936 3525 1193 3619 semperluerit.
1203 3525 1323 3618 ltaque

241 3647 286 3718 de
300 3667 338 3718 se
351 3646 408 3718 alii
421 3646 576 3718 videant:
590 3668 668 3739 eg0,
681 3649 777 3740 quod
789 3648 916 3733 nescio,
930 3647 1071 3720 laudare
1083 3669 1152 3720 non
1165 3667 1322 3741 possum.

242 3765 344 3860 Apud
364 3778 471 3840 meet
487 3768 742 3862 iniquissimum
765 3778 820 3840 est
837 3789 1020 3840 servorum
1042 3789 1168 3860 genus,
1184 3777 1219 3840 et
1243 3790 1324 3862 pro-

243 3888 399 3960 verbium
419 3890 503 3964 illud
523 3903 626 3963 vetus
648 3912 669 3961 a
689 3891 821 3962 Seneca
842 3892 1104 3983 reprehensum,
1121 3890 1197 3964 veri
1209 3893 1322 3963 locum

244 4005 370 4078 babet:
398 4009 538 4082 totidem
564 4011 683 4084 hostes
710 4032 790 4082 esse
811 4019 896 4104 quot
922 4031 1057 4084 servos.
1079 4009 1126 4080 At
1151 4011 1196 4082 de
1220 4008 1322 4084 bonis

244 4127 357 4199 sorvis
372 4129 518 4220 epistola
534 4132 591 4234 illa
608 4143 678 4206 est:
700 4131 780 4204 mali
798 4134 899 4217 enim,
916 4134 1040 4208 eodem
1057 4143 1207 4220 auctore,
1227 4132 1323 4208 ado-
