3062 4798
364 381 458 431 utnon
481 377 995 458 summusouomos.—nersroun
1016 379 1045 425 v.
1192 363 1251 424 tta

173 529 291 592 notum
315 517 383 588 situ
403 513 646 606 moenibusque
672 511 1007 605 praevalidumlma
1027 511 1123 583 collis
1149 512 1253 581 Lam-

171 641 233 712 ber
254 637 388 721 lambit,
408 637 538 708 flumen
557 635 726 726 exiguum
755 635 818 706 sod
843 633 1003 716 nitidum,
1032 644 1067 703 et
1084 634 1152 702 iam
1170 632 1251 702 insti

172 761 308 857 patiens
329 758 477 850 navigii,
500 759 593 850 quod
619 777 681 847 per
707 754 913 826 Modoetiam
939 755 1158 826 descendens
1183 774 1252 822 uon

173 886 293 978 procul
315 883 394 954 hine
414 881 509 952 Pado
529 878 690 950 illabitur.
713 876 767 948 Ad
787 876 968 948 occiduum
992 879 1083 947 latus
1105 875 1253 945 solitudo

174 1005 373 1096 gratissima
391 1013 494 1073 estet
510 1001 611 1072 dulce
629 999 801 1071 silentium
821 997 1090 1088 liberrimusque
1110 1015 1255 1089 prospe-

173 1140 260 1200 ctus.
279 1128 456 1219 Nusquam
479 1123 619 1194 memini
640 1145 659 1192 e
681 1125 755 1192 loco
774 1131 844 1192 tam
862 1121 996 1192 modice
1016 1118 1161 1191 tumenti
1180 1126 1255 1186 tan-

175 1263 244 1320 tum
267 1261 302 1322 et
319 1258 390 1320 tam
408 1245 522 1317 nobile
541 1253 710 1316 terrarum
731 1248 965 1338 spectaculum
986 1242 1131 1314 vidisse:
1148 1262 1255 1334 parvo

175 1373 340 1442 luminum
362 1371 457 1443 llexu
479 1368 648 1452 Ticinum,
672 1367 845 1438 Placentia
866 1377 901 1438 et
922 1368 1090 1438 Cremona
1107 1386 1255 1435 cernun-

176 1505 246 1576 tur,
265 1496 477 1584 lamoseequc
499 1488 604 1560 urbes
627 1489 705 1560 aliae
727 1493 854 1561 multae.
874 1491 929 1560 Sic
949 1489 1039 1559 enim
1059 1487 1181 1558 incolae
1207 1488 1256 1555 al-

175 1615 327 1685 firmant:
348 1636 452 1707 quam
486 1634 569 1683 vere
602 1624 734 1696 autem,
761 1613 949 1684 hodiernus
971 1610 1153 1682 nubilosus
1179 1609 1254 1680 dies

175 1737 450 1830 experimentum
472 1746 591 1825 negat3
615 1734 731 1805 sedin
753 1733 809 1804 his
832 1733 944 1804 tribus
970 1735 1044 1826 ipsc
1066 1731 1153 1800 meis
1173 1752 1257 1800 ocu-

177 1858 218 1928 lis
236 1857 349 1927 credo.
372 1856 477 1946 Alpes
498 1875 578 1946 quae
598 1876 661 1923 nos
680 1877 700 1926 a
717 1855 897 1925 Germanis
911 1853 1078 1923 dirimunt
1091 1851 1256 1921 nivosisa
1353 1929 1359 1944 ⁸

176 1991 273 2069 tergo
287 1977 382 2067 jugis
406 1983 486 2045 sunt
507 1975 618 2045 nubes
638 1979 834 2068 coelumque
856 1985 1053 2066 tangentes:
1074 1984 1154 2044 ante
1174 1994 1256 2042 ocu-

174 2103 228 2172 los
254 2098 453 2191 Apenninus
480 2108 515 2168 et
540 2097 668 2190 oppida
686 2098 881 2182 innumera,
904 2111 1009 2189 atque
1035 2095 1124 2164 inter
1149 2097 1256 2165 multa

176 2220 379 2293 Clastidium
400 2219 478 2291 belli
498 2220 612 2313 punici
630 2229 836 2310 tempestate
849 2218 1091 2289 historicorum
1106 2238 1258 2286 comme-

177 2343 366 2414 moratione
386 2342 614 2427 nobilitatum‚
637 2351 672 2410 et
692 2341 775 2412 Padi
797 2343 895 2432 ripae,
913 2341 972 2410 ubi
986 2339 1055 2410 aori
1069 2337 1257 2409 admodum

177 2463 340 2556 etiniquo
358 2463 543 2533 certamine
565 2462 749 2532 Marcellus
771 2461 852 2531 olim
874 2462 948 2532 dux
970 2481 1143 2539 romanus,
1166 2479 1258 2530 caeso

179 2587 373 2658 Insubrium
394 2607 477 2675 rege
493 2585 669 2654 Gallorum
690 2583 910 2665 Viridomaro,
931 2584 1029 2653 tertia
1046 2581 1161 2674 opima
1181 2601 1260 2673 spo-

180 2707 284 2779 liade
304 2706 452 2778 ducibus
475 2705 628 2777 hostium
656 2703 852 2796 reportavit.
880 2705 995 2776 Padus
1017 2704 1091 2795 ipse
1114 2702 1180 2772 sub
1203 2723 1261 2794 pe-

180 2831 283 2902 dihus
301 2830 430 2920 ingenti
452 2827 585 2900 ambitu
619 2826 759 2920 pinguia
795 2849 875 2898 rura
909 2825 1164 2898 discriminans.
1191 2826 1262 2894 Hoc

180 2975 265 3045 ergo
285 2975 364 3024 cum
387 2951 535 3043 primum
557 2951 643 3021 colle
664 2939 906 3033 consisterem,
922 2949 1006 3042 quid
1020 2951 1074 3019 vel
1087 2948 1262 3039 cogitasse

182 3098 238 3146 me
256 3076 404 3168 primum
427 3084 529 3165 putas
550 3074 606 3143 vel
626 3075 789 3167 optasse?
807 3073 964 3156 Qualiter
985 3074 1071 3144 forte
1095 3071 1197 3141 urbes
1224 3069 1263 3138 il-

182 3202 234 3268 las
255 3198 337 3287 iugo
355 3217 563 3286 premerem,
578 3205 663 3286 quot
676 3197 799 3266 aratris
815 3218 898 3266 rure
915 3197 971 3266 illa
991 3193 1261 3288 proscinderem‚

183 3330 266 3412 quot
287 3317 450 3389 armentis
474 3337 603 3408 pascua
625 3320 701 3390 laeta
722 3320 955 3410 complerem:
973 3328 1102 3409 quanto
1124 3316 1264 3407 navigio
1368 3393 1375 3410 ι

184 3463 317 3512 merces
342 3451 508 3511 externas
535 3439 686 3511 adverso
711 3462 812 3510 amne
845 3440 1095 3521 subveherem,
1128 3438 1266 3530 quantis

183 3563 378 3654 legionibus
396 3564 544 3632 virentia
565 3584 650 3633 arva
671 3574 898 3656 protererem‚
921 3559 1048 3654 quibus
1076 3558 1267 3651 voluptati-

184 3687 250 3758 bus
290 3686 527 3757 amoenissima
568 3685 603 3757 in
643 3687 785 3778 regione
818 3687 1036 3758 diffluerem?
1070 3687 1150 3755 Tale
1184 3683 1266 3754 nibil

184 3807 336 3878 omnino:
359 3808 463 3877 alium
484 3808 566 3878 mihi
588 3811 760 3901 longeque
783 3810 888 3880 alium
910 3811 993 3880 vitae
1020 3807 1125 3880 finem
1147 3807 1265 3878 statui.

184 3929 274 4014 Quid
297 3933 403 4018 ergo‘l
425 3930 510 3998 scito
532 3951 587 3998 me
609 3951 781 4022 nusquam
804 3953 943 4008 arnoena
961 3935 1036 4002 loca
1054 3929 1266 4023 conspicere,
1324 3911 1327 3922 ¹

185 4052 268 4142 quin
288 4050 404 4122 subito
422 4051 562 4121 redeam
584 4051 617 4118 in
639 4052 838 4122 memoriam
862 4032 953 4124 ruris
975 4054 1058 4137 mei,
1077 4071 1269 4142 eorumque

188 4176 287 4245 simul
321 4174 528 4267 quibuscum
558 4172 704 4244 libenter
732 4175 847 4258 valde,
872 4177 900 4244 si
922 4177 1041 4248 dotum
1065 4189 1175 4257 esset,
1201 4173 1268 4246 illic
