3062 4798
395 339 487 386 ttnnn
510 337 1027 390 snrrrtttrsneetttns.-nrtsrntt
1050 343 1069 390 t.
1211 331 1267 392 tlt

196 497 211 530 r
242 478 326 553 tem,
350 483 389 541 ut
408 471 456 541 ait
476 470 555 568 nlilti
577 471 691 556 idem,
715 473 876 563 quamvis
894 475 1008 566 priora
1026 476 1095 548 sint
1116 487 1271 571 ternpore

197 620 212 658 tt
240 614 333 663 nova
354 603 477 684 ⁰temen
505 595 744 688 anteponenda
773 604 856 668 sunt
883 596 1073 688 dignitate3
1107 601 1275 692 quoniam

196 744 212 781 i
241 715 297 786 itta
328 727 447 787 vetera
473 717 645 809 praeconin
666 729 748 790 sunt
774 739 956 792 novorum.
978 749 993 785 r
1019 721 1139 816 ltaque
1163 734 1201 794 ut-
1226 725 1272 796 nd

193 840 405 934 propositum
427 849 581 912 reverter
603 844 662 912 lex
682 843 757 937 ipsa
779 843 939 928 Mosaica,
961 845 1124 937 quemvis
1149 847 1272 919 hume·

192 985 318 1034 narum
339 965 456 1054 legum
478 963 631 1035 omnium
654 965 889 1050 sanctissime,
912 967 988 1062 ipsa
1009 976 1138 1052 temen,
1162 978 1200 1040 nt
1221 968 1273 1039 vi-

193 1083 271 1168 des,
299 1086 335 1155 in
353 1085 469 1156 multis
490 1063 614 1178 grn'tiae
635 1087 752 1172 cessit,
775 1107 856 1180 quae
880 1111 940 1182 per
959 1090 1074 1162 lesum
1095 1089 1272 1162 Christum

192 1207 500 1282 reccesindus
520 1218 634 1280 eutem
663 1211 771 1282 soiius
792 1218 848 1280 est
867 1211 926 1282 lex
946 1211 1003 1284 itta
1023 1211 1209 1284 immobilis
1237 1221 1274 1282 et

193 1339 322 1402 aeterna
340 1327 423 1402 nulli
443 1352 594 1424 unquam
613 1351 772 1416 cessure3
787 1332 849 1404 sed
867 1332 923 1410 cui
946 1335 1001 1404 vet
1017 1354 1173 1407 nessurae
1190 1345 1274 1406 sunt

193 1473 316 1526 omnes
333 1454 388 1523 vel
406 1465 600 1524 cesserunt.
622 1455 705 1524 Haec
725 1463 781 1524 est
800 1453 857 1526 illa
878 1453 1100 1550 suscipienda
1120 1456 1179 1526 lex
1199 1455 1271 1539 Dei,

194 1574 238 1645 de
259 1595 328 1667 qua
349 1573 549 1646 Lactantius
570 1574 729 1646 Caecitius
751 1576 958 1648 Formianus
981 1599 1049 1648 non
1069 1577 1180 1648 otiose
1201 1575 1275 1668 egit

194 1697 228 1766 in
248 1697 399 1790 quodam
418 1699 492 1769 loco
511 1727 526 1766 r
543 1719 624 1790 quae
642 1719 705 1770 nos
723 1698 768 1770 ad
787 1698 967 1794 snpientiae
984 1698 1048 1771 iter
1068 1698 1195 1792 dirigit,
1218 1699 1275 1774 itta

197 1847 212 1884 r
243 1830 384 1904 sancta,
416 1821 473 1891 ilie
492 1820 643 1895 coelestis
671 1844 775 1913 quam
802 1822 941 1894 Marcus
962 1821 1094 1894 Tullius
1118 1821 1154 1892 in
1189 1821 1275 1895 tibrn

196 1971 211 2008 i
241 1942 280 2014 de
297 1943 476 2035 Republica
489 1943 590 2018 tertie
603 1965 690 2036 pene
702 1942 821 2014 divine
835 1965 921 2016 vnce
937 1943 1104 2038 depinxit.
1128 1971 1142 2008 t
1166 1943 1274 2018 Cuius

192 2087 261 2159 ego
281 2087 326 2136 ne
347 2068 447 2160 plura
463 2065 616 2138 dicerem
636 2064 746 2138 verba
766 2063 909 2138 subieci.
933 2093 948 2130 tt
972 2067 1037 2136 Est
1053 2065 1205 2158 quidem,
1224 2065 1276 2136 in-

153 2195 168 2206 *
198 2216 215 2255 r
242 2185 317 2281 quit
335 2186 468 2271 Cicero,
488 2208 574 2258 vern
591 2188 664 2272 lex,
679 2194 774 2258 recta
792 2185 892 2270 ratio,
911 2197 1047 2258 natnrae
1065 2206 1274 2278 congruere,

199 2338 215 2376 r
243 2291 369 2384 diffuea
387 2307 422 2380 in
438 2329 575 2394 omnen,
598 2317 775 2394 constane,
792 2309 1000 2402 sempiterne
1013 2329 1094 2403 quae
1114 2319 1217 2382 votet
1230 2309 1276 2384 nd

199 2463 213 2500 t
243 2433 392 2507 officinm
423 2431 587 2520 iubendo,
609 2432 762 2506 vetando
784 2454 804 2503 a
831 2431 953 2504 fraude
979 2432 1169 2518 deterrent3
1193 2453 1276 2526 quae

201 2585 216 2622 »
246 2565 361 2630 tamen
380 2579 493 2650 neque
509 2555 637 2650 probos
654 2557 783 2628 frustra
800 2555 897 2628 iubet
917 2566 977 2628 ant
997 2565 1107 2642 vetat,
1129 2579 1192 2629 nec
1212 2556 1276 2628 im·

201 2705 216 2744 t
246 2680 374 2774 probos
401 2681 555 2754 vetando
586 2688 647 2752 aut
673 2678 825 2752 iubendo
850 2688 978 2750 movet.
1005 2679 1092 2750 Huic
1120 2677 1187 2770 tegi
1212 2699 1277 2752 nec

201 2831 216 2868 »
244 2803 405 2898 obrogari
424 2807 475 2876 sas
494 2813 564 2890 est,
579 2825 693 2896 neque
710 2801 870 2894 derogari
889 2800 1020 2894 aliquid
1035 2823 1083 2872 ex
1101 2801 1165 2874 hac
1184 2801 1274 2886 licet,

201 2947 216 2984 »
245 2941 358 3013 neque
385 2931 454 2992 tota
474 2919 636 3014 abrogari
656 2928 786 3016 potest:
809 2939 873 2990 nec
896 2938 980 2989 vero
1007 2926 1068 2988 aut
1091 2937 1154 3012 per
1176 2937 1276 2990 sena·

201 3072 216 3108 r
244 3053 331 3126 tum,
353 3054 414 3113 eut
433 3065 496 3136 per
516 3045 680 3138 populum
702 3040 793 3114 solvi
812 3042 877 3112 hec
895 3041 971 3132 lege
989 3060 1195 3134 possumus,
1214 3061 1276 3112 ne·

201 3193 216 3230 tt
244 3184 312 3257 que
338 3173 393 3234 est
416 3164 630 3254 quaerendus
655 3166 881 3268 explanetor,
907 3172 968 3234 eut
993 3163 1165 3258 interpres
1198 3163 1274 3236 eius

202 3315 216 3352 »
245 3286 348 3370 alius,
368 3307 432 3357 nec
445 3284 510 3356 erit
523 3285 590 3355 alia
608 3284 666 3356 lex
682 3286 817 3370 Romae,
833 3285 899 3356 alia
912 3284 1074 3370 Athenis,
1089 3287 1156 3358 elie
1173 3308 1274 3372 nnnc,

201 3440 216 3478 i
245 3412 312 3483 alia
331 3409 492 3504 posthum
524 3406 586 3480 sed
609 3415 646 3476 et
663 3429 784 3478 omncs
806 3417 929 3498 gentes
950 3415 986 3477 et
1005 3405 1099 3478 omni
1121 3415 1276 3502 tempore

201 3563 216 3606 tt
246 3557 314 3606 nna
344 3537 400 3606 lex
432 3542 468 3604 et
497 3530 707 3626 sempiterne
742 3538 778 3601 et
806 3527 1031 3600 immutabitis
1071 3527 1273 3612 continebit;

202 3687 216 3722 »
243 3678 406 3750 nnusquc
426 3655 493 3728 erit
512 3652 705 3726 communis
725 3651 827 3745 quasi
847 3648 1013 3742 magister
1033 3661 1070 3723 et
1087 3651 1274 3744 imperator

202 3810 216 3846 i
244 3780 395 3852 omnium
418 3782 527 3862 Deus3
549 3777 606 3849 ille
626 3775 714 3868 legis
732 3772 836 3846 huius
854 3772 1027 3858 inventor,
1046 3772 1272 3866 disceptator,

201 3933 216 3969 r
244 3906 347 3975 lator:
369 3902 425 3974 cui
444 3902 505 3995 qui
526 3921 595 3972 non
617 3897 749 3992 parebit
770 3895 845 3990 ipsc
870 3915 907 3968 se
929 3893 1039 3986 fugiet
1059 3905 1094 3966 et
1113 3902 1275 3966 naturam

200 4007 225 4092 υΙ
244 4025 394 4098 hominis
412 4033 630 4118 aspernatus,
656 4021 722 4094 hnc
748 4020 825 4113 ipso
845 4019 917 4090 luet
941 4016 1113 4090 maximas
1135 4034 1273 4108 poenae,

202 4178 216 4214 n
244 4147 381 4222 etiamsi
405 4158 533 4222 coetcrn
564 4166 644 4238 quae,
673 4151 836 4239 putantur
863 4139 1031 4237 supplicia
1056 4133 1229 4230 effugerit.
1257 4163 1272 4202 r

321 4282 347 4319 tr.
1089 4258 1119 4308 nt
