3002 4794
253 359 292 420 dl
586 373 627 420 DE
647 371 747 421 REBUS
768 371 987 422 Flnlnlnalnos

253 527 292 585 ul
317 514 480 607 praesenti
506 514 747 586 maledicerem
772 536 876 608 quam
902 511 1046 584 absenti.
1086 513 1230 585 Delendi
1260 535 1325 606 ego

253 660 407 723 causam,
429 638 497 708 nisi
517 659 571 708 me
590 638 675 708 fallit
695 634 803 723 amor,
825 637 967 721 iustam3
991 635 1054 707 sed
1075 635 1105 706 si
1125 646 1219 707 esset
1238 636 1328 708 iniu-

254 771 320 846 sta,
356 770 394 831 ut
423 760 535 832 omnis
562 782 683 832 amans
709 781 838 846 caecus,
864 759 1066 831 iniustitiam
1092 781 1161 829 non
1186 761 1326 850 agnovi.

252 883 397 956 Delendi
429 892 522 954 certe
547 905 688 982 oausam
714 881 935 955 amicissimae
961 881 1045 953 mihi
1070 879 1327 972 carissimaeque

253 1007 404 1090 familiae,
432 1005 530 1077 cuius
556 1004 705 1100 primum
732 1005 837 1077 ductu
867 1013 982 1098 alque
1003 1003 1167 1098 auspiciis
1200 1003 1328 1102 ineas

177 1209 180 1218 f
253 1139 371 1225 partes
395 1129 499 1212 veni;
520 1127 619 1199 cuius
640 1149 764 1213 amore,
799 1138 838 1199 ut
870 1129 981 1212 vides
1008 1129 1156 1199 alienam
1181 1115 1329 1219 patriam

255 1275 367 1324 meam
388 1250 467 1336 leci,
491 1250 521 1322 si
541 1272 611 1344 qua
630 1272 699 1321 non
720 1271 785 1322 sua
804 1249 915 1344 patria
934 1248 1011 1320 viro
1031 1257 1100 1320 est:
1118 1265 1229 1341 quamv
1240 1247 1330 1318 inter

254 1372 360 1469 Alpes
381 1381 417 1445 et
435 1371 652 1467 Apenninum
673 1375 743 1446 ulla
763 1374 797 1443 in
814 1395 853 1443 re
870 1371 953 1443 nulli
971 1372 1160 1444 secundam
1177 1370 1276 1456 facio,
1295 1379 1330 1442 et

256 1519 278 1568 a
297 1519 367 1591 qua
387 1497 469 1568 nulli
492 1497 646 1568 secunda
666 1495 704 1568 fit
723 1506 763 1568 ul
784 1497 930 1568 arbitror
951 1494 1039 1567 fides
1060 1517 1148 1566 mea.
1174 1495 1230 1565 Ex
1253 1494 1331 1587 qui-

256 1620 323 1691 bus
344 1641 445 1691 nemo
462 1642 525 1705 me,
548 1618 659 1704 oredo,
682 1617 757 1691 iure
778 1630 909 1711 arguet,
936 1618 1109 1714 praecipue
1127 1626 1164 1689 tu
1177 1640 1282 1710 quem
1295 1617 1331 1689 in

255 1743 375 1836 primis
397 1742 467 1814 fida
486 1740 632 1814 delectat
652 1743 810 1814 amicitia.
832 1742 921 1814 Vide
940 1764 1044 1835 quam
1065 1740 1109 1812 de
1130 1741 1203 1846 ¹luis
1228 1740 1332 1811 mori-

257 1863 324 1936 bus
346 1865 539 1960 opinionem
561 1865 730 1937 habeam:
752 1867 860 1961 pluris
886 1876 969 1960 puto
995 1889 1051 1937 me
1076 1867 1180 1937 iacias
1207 1864 1333 1936 adven-

257 1987 387 2060 sarium
408 1988 485 2073 tibi,
508 1989 570 2061 sed
591 1988 729 2060 fidelem
746 1989 873 2083 quibus
891 1989 1015 2074 debeo,
1034 2012 1137 2082 quam
1156 1987 1218 2060 tibi
1233 1986 1333 2059 dedi-

258 2122 341 2197 tum,
363 2110 538 2184 infidelem
559 2113 636 2183 illis.
660 2114 804 2185 Delendi
827 2123 942 2184 autem
969 2133 1111 2184 causam
1131 2111 1242 2205 ipsam
1262 2133 1332 2183 non

257 2237 393 2332 patroni
425 2235 536 2308 officio
568 2236 631 2308 sed
663 2237 785 2309 amici:
811 2237 917 2330 idque
941 2258 1011 2307 non
1036 2234 1195 2327 argutiis,
1220 2256 1334 2328 neque

258 2359 439 2443 conviciis,
462 2369 522 2429 aut
542 2361 620 2430 ullis
642 2362 782 2432 omnino
804 2360 934 2433 salibus
955 2361 1127 2451 lamaeque
1146 2357 1332 2440 morsibus

259 2480 323 2552 sed
343 2480 535 2552 assertione
557 2503 673 2551 rarum
696 2481 841 2576 simplici
861 2503 902 2552 ac
921 2480 1093 2560 modesta,
1111 2490 1158 2562 ut,
1173 2479 1267 2571 quod
1280 2502 1337 2550 ra-

260 2626 336 2674 rum
362 2601 398 2672 in
422 2602 548 2688 causis,
562 2625 688 2693 neque
710 2625 845 2674 summo
865 2600 1021 2674 Pontifici
1040 2623 1153 2694 neque
1174 2601 1333 2693 Collegio‚

259 2749 377 2800 coram
397 2728 524 2822 quibus
545 2749 587 2799 ea
606 2725 648 2798 lis
668 2736 752 2814 erat,
774 2729 844 2798 ulla
862 2749 1008 2823 prorsus
1028 2727 1065 2797 in
1091 2737 1188 2798 tuum
1208 2747 1335 2797 nomen

260 2873 364 2923 novae
384 2850 591 2952 suspicionis
608 2851 744 2922 occasio
760 2850 985 2945 panderetur:
1002 2859 1038 2921 el
1054 2848 1191 2922 defendi
1209 2849 1337 2921 adver-

263 2997 325 3047 sus
346 2983 391 3059 ta,
416 2972 477 3045 sed
497 2983 719 3066 praesentem,
742 2972 882 3045 etmihi
902 2995 945 3046 ea
967 2972 1180 3065 incognitum
1207 2982 1338 3066 tempe-

264 3103 368 3180 state,
390 3106 425 3166 et
452 3095 522 3189 qui,
548 3118 758 3190 quamquam
783 3118 883 3168 esses
909 3095 1118 3190 Episcopus,
1146 3095 1230 3165 mihi
1255 3103 1338 3166 tunc

263 3219 457 3314 Episcopus
476 3220 631 3292 nondum
650 3242 740 3292 eras.
760 3221 884 3291 Postea
901 3241 996 3306 vero,
1018 3217 1186 3310 neglectis
1199 3215 1340 3288 maiori-

263 3343 331 3415 bus
354 3364 435 3437 quae
455 3346 545 3418 ultro
566 3363 659 3436 saepe
680 3342 764 3414 mihi
784 3343 907 3415 obtulit
927 3364 1080 3435 superna
1100 3342 1257 3433 largitas²
1283 3362 1340 3411 ar-

264 3466 487 3540 chidiaconus
507 3477 588 3538 tuus
607 3488 687 3539 esse
706 3468 811 3538 volui.
833 3465 948 3538 Habes
969 3467 1027 3539 vel
1046 3465 1112 3536 hoc
1132 3488 1251 3550 unum,
1271 3462 1339 3534 nisi

264 3593 377 3676 sallon,
399 3590 563 3661 idoneum
584 3597 660 3661 non'
674 3589 797 3660 alienae
817 3588 943 3661 mentis
964 3587 1140 3661 iudicium.
1165 3589 1251 3659 Nam
1277 3584 1338 3676 qui

238 3791 241 3797 ,
265 3715 380 3807 ipsum
397 3713 466 3784 lilis
491 3733 616 3784 nomen
635 3713 769 3798 horreo
798 3735 867 3806 qua
891 3707 1064 3785 dementia
1087 3722 1122 3784 el
1133 3716 1336 3804 perpetuam

265 3838 361 3908 litem
377 3839 509 3922 volens,
528 3844 563 3906 et
583 3857 725 3928 gravem
747 3836 989 3908 adversarium
1011 3833 1224 3926 elegissem?
1242 3831 1339 3901 Nun-

267 3980 380 4051 quam,
398 3959 428 4028 si
440 3969 473 4030 le
485 3959 570 4030 mihi
582 3959 717 4032 hostem
730 3960 917 4044 crederem,
932 3957 1163 4054 praetulissem
1176 3953 1338 4025 omnibus

267 4080 361 4151 huno
380 4081 507 4167 locum,
530 4082 590 4153 ubi
606 4107 672 4176 ego
692 4106 806 4156 novus
827 4082 973 4182 advena,
999 4092 1036 4150 tu
1055 4086 1182 4171 praeter
1202 4075 1340 4172 pontili-

170 4293 173 4298 .
253 4201 373 4308 cium,
395 4202 658 4296 antiquissimus
678 4216 714 4277 et
732 4205 993 4300 potentissimus
1012 4201 1100 4275 civis
1119 4221 1231 4276 esses.
1257 4202 1340 4273 Cre-
