3002 4794
244 341 284 402 ll
589 355 629 402 nu
652 354 753 404 annus
775 355 996 405 rlururnnmus

244 477 399 547 titantem
423 468 639 564 suspirabas
667 473 828 564 quoniam
850 470 1003 543 Orcades
1023 480 1058 543 et
1078 472 1269 568 Hyhernia
1294 483 1330 544 et

243 595 412 690 quidquid
433 604 605 666 terrarum
626 606 743 666 noster
762 594 888 665 fluctus
909 595 1018 679 alluit,
1038 593 1115 689 ipsa
1132 594 1166 664 in
1187 596 1329 666 civitate

245 720 442 804 sordebant.
466 719 557 801 Quid
577 728 691 789 autem
710 717 787 788 miri
811 719 841 789 si
861 728 1013 809 angusta
1030 718 1145 790 animo
1165 717 1329 790 literatis-

245 843 323 912 simi
345 841 493 912 bominis
515 850 606 911 terra
631 850 718 924 orat,
741 841 776 910 in
797 841 891 914 hunc
916 841 1098 913 assiduum
1124 841 1202 912 coeli
1223 840 1330 911 verti-

243 986 334 1048 cem,
357 961 417 1055 qui
445 983 550 1054 supra
576 983 641 1033 nos
669 963 782 1032 stabili
809 973 945 1035 temone
970 963 1195 1046 convertitur,
1224 961 1328 1053 inque

244 1086 339 1154 illum
359 1086 464 1155 alium
484 1106 597 1175 quem,
618 1083 647 1153 si
665 1083 725 1175 qui
744 1094 834 1169 sunt,
853 1083 1045 1178 Antipodes
1069 1083 1270 1177 suspiciunt
1294 1080 1328 1152 in

245 1205 423 1297 obliquum
446 1204 598 1297 denique
621 1204 704 1274 solis
724 1206 856 1284 callem,
879 1205 984 1297 inque
1005 1204 1097 1276 lixas
1118 1214 1153 1276 et
1172 1214 1328 1276 errantes

245 1329 361 1398 stellas
390 1325 591 1418 infatigabili
615 1327 729 1398 studio
750 1326 1016 1398 conscendenti?
1040 1328 1127 1397 Nam
1154 1325 1240 1418 qnid
1259 1347 1329 1396 non

244 1450 319 1522 dies
353 1449 488 1541 longior
513 1449 659 1520 evertit?
684 1451 776 1520 Esse
800 1448 835 1518 in
869 1449 965 1521 ltalia
991 1447 1156 1518 miserum
1184 1446 1329 1519 exilium

244 1573 340 1656 reris,
363 1585 463 1644 extra
483 1594 589 1664 quam
611 1593 701 1654 esse,
720 1571 788 1642 nisi
809 1571 891 1664 quia
912 1593 1014 1642 omne
1037 1573 1148 1642 solum
1169 1571 1248 1641 forti
1269 1593 1330 1664 pa-

244 1695 309 1764 tria
329 1703 399 1778 est,
422 1694 538 1786 potius
559 1692 669 1764 videri
695 1702 816 1786 posset
835 1694 1004 1764 exilium?
1030 1695 1118 1765 Pace
1145 1702 1204 1763 tua
1229 1694 1330 1764 dixe-

244 1816 332 1899 rim;
351 1816 453 1887 nimis
472 1816 529 1886 tibi
549 1838 680 1910 parvus
699 1837 787 1909 pons
807 1815 1009 1908 parisiensis
1028 1815 1206 1908 impressit
1218 1824 1330 1886 testu-

245 1939 338 2009 dinei
360 1938 414 2010 sui
434 1960 537 2010 arcus
558 1939 716 2030 effigiem,
739 1939 842 2008 nimis
863 1959 967 2010 aures
989 1948 1067 2010 tuas
1089 1937 1331 2010 subterlaben-

245 2061 288 2131 tis
307 2062 480 2153 Sequanae
496 2083 654 2132 murmur
667 2060 833 2144 oblectat3
853 2070 1030 2153 postremo
1043 2062 1127 2130 nihil
1140 2063 1256 2132 calceo
1271 2072 1330 2133 tuo

245 2183 313 2254 nisi
339 2183 484 2276 gallicus
516 2184 631 2278 pulvis
651 2184 788 2255 insedit.
816 2183 950 2254 Oblitus
973 2183 1055 2254 mihi
1080 2183 1212 2254 videris
1237 2183 1330 2254 illius

244 2305 312 2396 qui,
327 2305 563 2398 interrogatus
576 2290 673 2379 cuias
688 2318 792 2393 esset,
808 2309 1021 2380 ltlundanum
1037 2327 1075 2377 se
1089 2327 1171 2377 esse
1183 2325 1331 2401 respou-

130 2440 134 2447 ·
244 2426 304 2496 dit.
327 2428 378 2497 Tu
400 2450 513 2519 usque
534 2429 623 2499 adeo
643 2431 762 2500 Gallus
783 2451 838 2515 es
857 2443 895 2501 ut
910 2429 1030 2501 Galliae
1048 2427 1135 2499 fines
1156 2428 1330 2500 excedere

245 2548 434 2642 quamlibet
472 2549 517 2620 ob
545 2572 686 2621 causam
720 2551 865 2622 exilium
902 2554 1035 2623 voces?
1065 2551 1129 2621 llst
1165 2550 1328 2643 quidem,

245 2693 315 2743 non
335 2671 483 2756 inficior,
512 2672 635 2744 natalis
661 2674 784 2768 patriae
810 2673 958 2745 dulcedo
983 2674 1083 2746 nobis
1110 2673 1233 2756 insila;
1256 2674 1330 2744 scio

245 2797 535 2890 praeclarissimos
557 2795 653 2868 viros
674 2817 895 2889 nequaquam
915 2796 1020 2866 huius
1040 2795 1183 2868 allectus
1203 2817 1331 2887 exper-

247 2927 319 2997 tes;
344 2917 449 2989 audio
475 2917 568 3012 apud
588 2917 726 2987 Livium
754 2918 991 2990 restitutorem
1013 2917 1114 2989 Urbis
1136 2929 1170 2989 et
1190 2917 1329 3010 Imperii

246 3037 440 3121 Camillum,
463 3036 677 3129 quibuslibet
697 3038 842 3110 summis
863 3037 1012 3110 ducibus
1033 3060 1168 3131 parem,
1193 3059 1273 3109 sese
1292 3038 1328 3108 in

246 3159 352 3229 exilio
379 3157 558 3230 ardeatino
585 3160 731 3231 fractum
757 3161 881 3246 luisse,
908 3159 985 3233 ooeli
1012 3161 1112 3253 patrii
1138 3159 1326 3244 memoria;

244 3280 464 3374 confitentem
479 3280 581 3353 audio
594 3282 806 3367 Diomedem,
822 3282 915 3377 apud
928 3281 1120 3372 Virgilium,
1141 3303 1243 3355 suurn
1264 3282 1327 3353 Ca-

247 3404 374 3499 lydona
400 3405 549 3474 Deorum
577 3403 719 3476 invidiae
745 3404 999 3487 ascribentem;
1025 3404 1130 3476 audio
1154 3406 1327 3477 Nasonem

248 3549 345 3598 suam
374 3526 565 3600 absentiam
592 3550 662 3599 uon
684 3527 803 3622 paucis
824 3526 959 3612 verbis,
988 3527 1052 3599 sed
1073 3527 1207 3619 integro
1228 3529 1329 3599 volu-

247 3651 340 3721 mine
359 3651 610 3744 deplorantem.
630 3650 715 3721 Cum
737 3650 803 3720 hoc
824 3658 940 3721 autem
961 3660 996 3721 et
1015 3648 1099 3720 illud
1122 3651 1192 3721 scio
1212 3648 1328 3740 pusilli

246 3781 281 3842 et
313 3773 457 3844 invalidi
494 3774 601 3846 animi
632 3796 728 3860 esse,
755 3771 815 3844 ubi
845 3774 1002 3846 honestae
1035 3783 1163 3846 vacant
1191 3793 1325 3858 causae,

247 3894 392 3966 abiectis
413 3897 468 3968 his
488 3898 717 3991 compedibus
737 3920 806 3971 non
827 3919 932 3994 posse
953 3917 1175 3986 consurgere.
1198 3896 1327 3988 lugens

245 4025 302 4086 est
320 4016 555 4090 Romanorum
576 4032 611 4092 et
636 4031 860 4093 externorum
880 4019 1016 4103 ducum,
1039 4019 1162 4110 iugens
1187 4039 1329 4113 quoque

247 4135 529 4230 philosophorum
551 4142 664 4236 copia,
687 4143 745 4234 qui
766 4144 822 4214 vel
843 4152 880 4212 ut
900 4141 1071 4227 bellicam,
1093 4144 1150 4214 vel
1172 4153 1211 4216 ut
1230 4143 1328 4234 inge-
