3062 4798
389 387 481 434 uroun
504 385 1010 436 ournvusonuruus.-·urrsroun
1031 389 1062 436 rr.
1205 377 1265 439 tra

184 539 413 612 gemmasque
430 529 642 592 cometarum
664 521 698 590 in
719 543 850 594 morem
866 541 959 614 saepe
972 523 1154 615 lugubrem
1168 527 1266 619 pror-

184 664 246 714 sus
273 664 313 714 ac
340 644 567 734 sanguineum
595 645 787 715 rutilantes.
810 647 946 716 Donant
967 645 1107 717 monilia
1132 655 1167 718 et
1192 648 1266 719 bal-

183 765 299 851 theoS,
322 765 586 858 fuliginosorum
605 766 714 837 decus
735 765 918 856 artificum.
937 770 1075 839 Donant
1091 774 1263 842 excellen-

184 887 269 957 tium
287 908 375 981 opus
396 886 661 958 architectorum
690 903 789 958 arces
812 898 847 957 et
868 888 1005 960 moenia.
1029 889 1080 961 Tu
1101 912 1185 962 vero
1210 893 1266 962 vir

184 1008 311 1101 optime
328 1007 413 1078 nihil
430 1007 553 1082 horum
572 1031 652 1102 qnae
669 1021 704 1082 et
720 1011 930 1105 opulentiam
953 1013 1131 1104 largientis
1149 1025 1265 1086 osten-

184 1131 306 1204 derent
326 1142 361 1202 et
381 1131 580 1226 accipientis
598 1134 780 1206 avaritiam
801 1135 985 1208 irritarent.
1012 1136 1103 1220 Quid
1129 1136 1267 1228 igitur?

184 1253 313 1328 Rarum
332 1275 459 1326 munus
476 1262 511 1326 et
528 1255 728 1340 iucundum,
750 1277 874 1349 meque
897 1257 1039 1341 utinam,
1060 1268 1093 1352 te
1112 1261 1264 1352 prolecto

185 1377 428 1468 dignissimum
451 1389 490 1449 ut
514 1378 599 1450 dixi.
627 1379 718 1462 Quid
750 1380 840 1449 enim
876 1381 930 1450 vir
962 1381 1265 1475 ingeniosissimus

184 1510 288 1590 atque
305 1500 610 1593 eloquentissimus
631 1501 697 1572 nisi
720 1501 834 1595 ipsum
857 1502 985 1594 ingenii
1005 1514 1039 1574 et
1057 1503 1266 1595 eloquentiae

183 1622 311 1691 sontem
345 1620 468 1692 daret?
502 1621 644 1698 Donasti
665 1623 852 1694 Homerum
882 1643 987 1715 quem
1017 1622 1106 1694 hene
1135 1622 1266 1696 divinae

183 1744 295 1814 omnis
313 1743 522 1815 inventionis
543 1747 674 1815 fontem
703 1753 739 1814 et
770 1744 938 1836 originem
970 1754 1098 1816 vocant
1118 1743 1266 1815 Ambro-

185 1864 257 1936 sius
278 1875 313 1936 et
332 1865 540 1950 Macrobius
560 1877 594 1938 et
612 1866 641 1937 si
659 1888 781 1939 omnes
802 1877 970 1952 tacerent,
989 1887 1047 1938 res
1066 1867 1142 1959 ipsa
1160 1875 1265 1938 testa-

183 1997 250 2070 tur,
272 1986 333 2058 sed
354 1989 504 2058 fatentur
523 2009 657 2058 omnes.
678 1988 753 2078 Ego
771 1999 885 2059 autem
903 2009 950 2058 ex
967 1987 1130 2060 omnibus
1148 1989 1264 2060 sciens

182 2127 291 2178 unum
311 2106 372 2176 tibi
393 2116 517 2208 testem
540 2109 666 2200 protuli
680 2163 687 2193 ,
701 2131 806 2200 quem
827 2132 873 2180 ex
892 2111 1054 2181 omnibus
1072 2110 1186 2180 latinis
1204 2110 1263 2178 tibi

183 2230 490 2302 familiarissimum
509 2251 591 2302 esse
616 2230 794 2322 perpendi.
822 2231 891 2302 lllis
916 2231 1007 2300 enim
1033 2230 1133 2302 facile
1153 2230 1264 2301 credi-

185 2374 262 2424 mus
284 2373 373 2445 quos
391 2373 560 2423 amamus.
588 2352 656 2422 Sed
683 2352 786 2424 redeo
812 2352 857 2423 ad
879 2353 1076 2423 Homerum.
1103 2353 1203 2423 Hunc
1228 2361 1264 2422 tu

184 2473 266 2544 mihi
290 2475 343 2543 vir
359 2473 571 2545 amicissime
592 2473 744 2558 donasti,
767 2473 931 2568 promissi
953 2473 1002 2544 tui
1025 2474 1126 2543 simul
1146 2497 1185 2546 ao
1201 2474 1263 2545 de-

186 2595 299 2667 siderii
322 2595 390 2667 mei
412 2618 558 2680 memor,
581 2583 744 2688 quodque
772 2617 839 2665 non
866 2595 1037 2667 modicum
1064 2595 1157 2668 dono
1178 2597 1264 2668 adii-

184 2720 240 2803 cit,
263 2720 401 2791 donasti
421 2742 501 2790 eum
522 2742 591 2791 uon
608 2718 644 2790 in
661 2719 811 2789 alienum
833 2739 1028 2788 sermonem
1047 2717 1197 2790 violento
1214 2720 1264 2788 al·

185 2863 251 2912 veo
279 2841 494 2925 derivatum,
522 2841 586 2912 sed
608 2863 656 2912 ex
682 2841 767 2934 ipsis
801 2840 906 2932 graeei
935 2840 1062 2933 eloquii
1094 2841 1263 2912 scatebris

182 2987 306 3057 purum
330 2976 365 3035 et
389 2965 639 3059 incorruptum,
674 2974 710 3036 et
742 2964 855 3057 qualis
886 2965 1032 3058 primum
1067 2963 1187 3037 divino
1217 2964 1262 3034 illi

183 3085 349 3179 profluxit
369 3086 517 3176 iugenio.
540 3089 719 3158 Summum
754 3088 885 3179 utique,
922 3099 969 3169 et,
1005 3087 1034 3160 si
1064 3109 1186 3160 verum
1213 3086 1264 3158 rei

184 3205 332 3299 pretium
353 3205 558 3298 exquiritur,
581 3208 817 3280 inextimabile
839 3231 966 3280 munus
987 3211 1115 3294 habeo,
1138 3210 1263 3301 cuique

184 3327 231 3398 nil
252 3323 370 3420 possit
382 3327 562 3412 accedere,
586 3329 614 3398 si
647 3351 725 3398 cum
756 3331 918 3412 Homer0,
942 3331 992 3402 tui
1012 3353 1153 3424 quoque
1173 3353 1265 3424 prae-

187 3450 335 3522 sentiam
359 3448 546 3540 largireris,
575 3470 643 3541 qua
668 3449 757 3520 duce
784 3451 979 3542 peregrinae
1006 3452 1134 3542 linguae
1160 3453 1266 3523 intro-

187 3593 331 3665 gressus
353 3571 549 3664 angustiae,
568 3573 670 3642 laetus
689 3581 724 3641 et
740 3571 812 3643 voti
830 3594 971 3666 compos
989 3572 1080 3644 dono
1098 3583 1157 3644 tuo
1173 3574 1267 3644 frue-

187 3717 257 3781 rer,
279 3696 517 3786 attonitusque
537 3694 773 3787 conspicerem
801 3696 912 3766 lucem
937 3697 1032 3767 illam
1054 3706 1089 3766 et
1110 3693 1266 3790 speciosa

188 3818 374 3903 miracula,
396 3817 586 3909 dequibus
608 3817 641 3886 in
664 3816 742 3886 Arte
758 3819 889 3910 poetico
908 3817 1051 3889 Flaccus
1069 3818 1131 3888 ait:

306 4001 497 4082 Antiphatem
515 4002 702 4082 Scyllamque
720 4009 837 4066 etcum
855 4003 982 4082 Cyclope
999 4003 1168 4083 carybdim.

190 4173 256 4262 se‘d
291 4214 382 4262 nunc
418 4191 485 4262 heu
520 4190 604 4284 quid
637 4194 829 4282 agam‘lTu
864 4191 947 4263 mihi
982 4193 1125 4263 nimium
1152 4192 1270 4286 prcoul
