3078 4798
266 355 323 416 :th
602 366 642 412 nu
666 365 765 414 nunus
788 366 1009 414 uuurrumrunus

265 500 503 591 insigniorque
523 499 717 570 clementia.
737 499 824 570 Illud
845 502 932 571 forte
953 501 1058 572 etiam
1081 510 1159 573 tuas
1177 503 1346 595 suspicio-

266 646 327 693 nes
341 631 533 712 exaggerat
542 620 636 713 quod
650 630 730 691 ante
750 622 876 692 Christi
895 625 1085 695 adventum
1105 635 1155 696 tot
1171 627 1229 696 vel
1249 625 1347 716 iuge-

266 748 323 816 uio
350 747 405 814 vel
433 742 621 814 moralibus
655 743 846 816 virtutibus
872 748 1084 820 excellentes
1118 747 1213 820 viros
1238 748 1347 819 luisse

267 887 368 936 nemo
389 865 546 946 dubitat;
572 864 672 935 nobis
697 877 812 935 autem
840 867 943 938 hodie
964 870 1119 941 funditus
1139 871 1288 943 virtutes
1312 880 1347 940 et

266 988 444 1081 ingenium
462 987 598 1058 deesse.
619 987 755 1058 Utinam
775 989 890 1060 minus
908 991 1054 1063 evidens
1072 993 1108 1065 id
1125 995 1231 1066 foret:
1250 1002 1348 1064 nutat

266 1112 346 1181 hino
367 1110 526 1181 animus:
549 1119 585 1179 et
601 1109 694 1202 quod
715 1132 778 1180 eur
796 1110 895 1183 fieret
913 1135 981 1184 nou
998 1116 1103 1199 videt,
1123 1117 1251 1186 lactum
1269 1136 1348 1186 esse

267 1255 335 1302 nou
357 1231 475 1303 credit.
498 1230 618 1302 Sedet
639 1231 704 1301 hoc
724 1232 847 1304 eodem
867 1245 1008 1325 spectat,
1028 1247 1064 1307 et
1084 1239 1151 1308 tale
1172 1246 1236 1321 est,
1255 1235 1349 1329 quod

180 1335 186 1348 ⁰
254 1353 486 1441 ¹devotionern
508 1375 640 1446 augere
661 1364 765 1446 atque
786 1356 1013 1441 dilectionem,
1038 1381 1105 1428 non
1126 1358 1349 1430 incredulita-

269 1487 335 1547 tem
350 1496 472 1569 parere
485 1473 676 1558 debuisset,
690 1485 727 1547 ut
739 1498 809 1569 quo
822 1476 1037 1569 indigniores
1051 1501 1115 1549 nos
1127 1479 1349 1570 agnoscimus

267 1621 310 1671 eo
330 1598 496 1669 maiorem
517 1597 608 1668 illius
629 1620 713 1690 erga
735 1621 798 1669 nos
825 1597 1095 1671 munificentiam
1118 1621 1349 1692 agnoscamus

268 1733 303 1792 et
325 1722 499 1805 miremur,
520 1708 666 1791 sednon
687 1741 798 1811 usque
819 1721 908 1792 adeo
931 1721 1096 1793 miremur
1115 1733 1151 1793 ut
1170 1743 1349 1813 negemus.

267 1844 353 1928 Quis
375 1842 467 1913 enim
488 1841 555 1912 nisi
577 1842 752 1934 pessimus
774 1842 954 1914 adomino
975 1865 1040 1914 suo
1060 1844 1161 1915 valde
1181 1843 1256 1914 sine
1279 1865 1350 1914 me-

268 1968 343 2038 ritis
368 1967 582 2049 honestatus
605 1973 667 2035 aut
686 1966 828 2036 domino
847 1965 1000 2048 rebellat,
1020 1976 1081 2036 aut
1097 1965 1228 2058 accepti
1245 1964 1352 2035 bene-

269 2089 338 2162 ficii
358 2088 583 2171 obliviscitur,
605 2095 642 2158 et
662 2110 729 2158 non
748 2089 864 2183 potius
880 2088 977 2172 dicit,
1001 2089 1109 2180 gratis
1130 2112 1186 2160 me
1208 2089 1350 2171 amasti,

269 2213 450 2306 iudignum
463 2211 664 2283 melioribus
679 2213 878 2304 praetulisti:
893 2212 1005 2283 habeo
1019 2212 1183 2303 gratiam:
1199 2231 1352 2303 agnosco

269 2337 363 2429 pium
388 2336 580 2418 dominum,
607 2355 759 2427 agnosco
785 2337 956 2406 fortunam
987 2336 1151 2428 optimam
1179 2356 1284 2427 quam
1316 2345 1353 2405 tu

271 2460 352 2530 mibi
371 2458 496 2542 fecisti3
518 2459 753 2531 virtuosorum
773 2457 916 2550 praemia
937 2457 1011 2529 siue
1035 2458 1163 2529 virtute
1182 2456 1351 2550 percipi03

270 2583 354 2655 felix
375 2585 465 2654 ultro
486 2585 597 2655 lactus
620 2604 720 2663 sum;
742 2581 809 2653 hoc
830 2581 943 2674 ipsum
963 2601 1032 2650 nou
1046 2601 1124 2651 meo
1138 2577 1268 2664 labore,
1289 2578 1354 2650 sed

270 2719 328 2779 tua
355 2706 596 2778 benevolentia
629 2704 817 2798 quaesitum
842 2726 909 2774 uon
936 2703 1028 2787 mihi,
1055 2725 1124 2774 non
1148 2701 1261 2785 alteri,
1289 2701 1354 2773 scd

272 2829 334 2901 tibi
356 2829 413 2900 uni
434 2828 568 2900 debeo‘l
592 2828 683 2911 Quid
704 2839 818 2899 autem
838 2828 871 2896 in
893 2827 986 2897 omni
1012 2825 1184 2911 doctrina,
1207 2843 1288 2918 quae
1307 2824 1353 2895 de

272 2953 411 3023 Christo
427 2950 571 3022 traditur
585 2949 630 3022 ab
644 2951 685 3021 iis
704 2950 762 3041 qui
777 2950 958 3021 veritatem
979 2951 1099 3041 ipsam,
1119 2948 1178 3041 qrri
1193 2949 1352 3019 Christus

271 3083 340 3156 est,
376 3072 537 3162 diligunt,
571 3072 657 3162 quid
688 3071 830 3164 inquam
864 3073 922 3143 vel
944 3071 1158 3165 impossibile
1185 3074 1257 3142 Deo
1281 3083 1349 3154 est,

272 3198 330 3266 vel
357 3193 458 3264 uobis
491 3193 701 3279 incredibile,
730 3194 796 3265 uisi
822 3195 917 3286 quod
951 3203 1047 3265 tanta
1081 3179 1159 3264 Dei
1178 3193 1351 3264 humilitas

271 3329 367 3391 tauta
389 3315 626 3388 misericordia
648 3327 683 3387 et
702 3339 788 3408 erga
808 3318 981 3389 hominem
1008 3317 1119 3409 pietas
1141 3314 1350 3400 ostenditur,

273 3454 310 3514 ut
330 3464 407 3513 eam
430 3439 488 3511 vix
512 3461 637 3534 capere
659 3439 769 3533 possit
789 3461 888 3510 mens
911 3440 1077 3522 humana,
1100 3448 1134 3510 ot
1155 3461 1215 3532 per
1236 3438 1351 3508 omnia

273 3588 396 3638 verum
423 3575 478 3634 est
506 3562 601 3656 quod
629 3561 677 3634 ait
701 3560 920 3654 Augustinus
953 3561 987 3633 in
1016 3544 1154 3633 Psalmo
1181 3561 1352 3641 CXLVll,

272 3689 428 3784 quoniam
446 3688 507 3756 etsi
523 3697 613 3755 certo
632 3696 718 3770 scut,
740 3707 812 3778 qooe
832 3686 969 3753 multum
992 3686 1068 3754 leta
1087 3693 1174 3767 scut,
1201 3685 1264 3751 vim
1285 3703 1353 3750 cre·

273 3811 420 3882 duntur?
445 3809 561 3880 Habes
582 3829 667 3901 ergo
687 3807 841 3880 mortalis
869 3806 1056 3879 homuncio
1080 3805 1170 3878 unde
1192 3803 1353 3876 incredu-

273 3935 368 4006 litate
401 3919 560 4025 deposita
593 3929 783 4023 gratiarum
810 3929 980 4022 suscipias
1006 3927 1199 3998 actionem:
1225 3924 1354 3996 felicior

274 4057 384 4125 lactus
406 4075 445 4123 es
466 4075 570 4145 quam
591 4051 953 4144 credereipotuisses:
975 4049 1079 4122 crede
1105 4049 1201 4142 quod
1225 4049 1353 4119 sactum

275 4184 340 4242 est.
362 4176 440 4265 Ipsa
458 4173 517 4243 [lei
537 4173 711 4266 sapientia,
734 4175 858 4245 unicus
879 4172 1187 4246 consubstantialis
1208 4183 1243 4243 et
1262 4189 1354 4241 coae·
