3078 4798
280 341 339 402 328
486 399 491 414 ,
620 353 661 400 ns
679 353 779 400 nunus
800 350 1024 400 rnurnnnuaus

279 489 392 560 disses
412 486 617 580 obstrepuit.
639 486 731 571 Quid
751 490 859 578 ergo‘?
878 487 1002 557 falsum
1030 507 1074 557 ne
1094 483 1192 557 dixi?
1212 486 1363 556 luterro

280 620 407 704 gentur
439 610 499 703 qui
524 609 560 679 in
590 608 732 682 sedibus
756 610 822 680 illis
846 609 984 692 sedent3
1005 606 1218 692 fatebuntur,
1242 607 1360 690 credo,

279 733 364 804 nihil
385 734 505 805 verius
527 731 594 804 dici
616 753 731 825 posse.
754 731 822 803 Sed
842 731 1014 826 interpres
1034 731 1363 824 iniquissimusque

281 879 352 928 rem
375 856 500 928 trabit?
520 855 609 926 Dicit
629 875 683 925 me
706 853 822 926 dicere
848 854 1005 925 voluisse
1033 854 1152 926 sedem
1178 854 1269 925 Petri
1297 876 1363 926 non

281 978 362 1051 alibi
382 999 463 1050 esse
483 999 588 1072 quam
615 978 745 1048 llomae.
772 977 903 1047 Verum
933 997 1002 1047 non
1028 976 1063 1048 id
1090 975 1259 1069 quaeritur
1280 977 1364 1069 quid

258 1102 398 1174 dicere
417 1100 603 1183 voluerim,
627 1100 690 1172 sed
710 1099 795 1192 quid
820 1098 989 1181 dixerim,
1012 1098 1106 1191 quod
1131 1099 1223 1170 enim
1249 1097 1365 1170 dicere

283 1224 466 1308 voluerim,
483 1225 517 1292 ni
534 1224 646 1306 fallor,
670 1244 731 1314 per
748 1221 965 1318 Hippocratis
984 1222 1180 1315 pronostica
1199 1221 1290 1292 scire
1304 1243 1365 1293 ne-

281 1345 365 1439 quit.
388 1345 466 1416 Scio
484 1347 594 1416 luisse
614 1345 704 1416 Petri
728 1345 845 1416 sedem
868 1343 1078 1438 ubicumque
1103 1345 1224 1415 Petrus
1252 1343 1362 1428 sedit,

280 1473 316 1538 et
335 1489 427 1539 nunc
447 1487 529 1538 csse
545 1465 755 1559 ubicumque
767 1466 860 1537 Petri
874 1487 1058 1537 successor
1076 1464 1184 1537 sedet.
1198 1465 1270 1536 Nec
1287 1487 1363 1537 sum

281 1589 421 1662 nescius
441 1589 540 1686 prius
560 1588 753 1661 Antiochiae
777 1590 915 1660 Petrum
943 1588 1078 1661 sedisse
1103 1610 1207 1681 quam
1235 1588 1363 1660 Romae.

281 1711 450 1795 Quamvis
470 1721 587 1783 autem
609 1719 740 1784 certum
761 1711 806 1782 sit
823 1713 970 1782 multum
991 1733 1100 1782 unum
1122 1712 1235 1782 lucum
1257 1713 1365 1783 altem

281 1834 488 1905 sanctiorem
511 1844 615 1928 atque
639 1833 868 1907 salubriorem
894 1835 929 1905 in
954 1834 1124 1906 electione
1143 1835 1292 1920 Domini,
1315 1847 1365 1906 ta-

281 1979 362 2028 men
378 1979 448 2050 qua
468 1958 502 2028 in
524 1968 621 2051 parte
639 1958 765 2030 domus
788 1957 924 2041 sedeat,
939 1967 974 2028 et
991 1958 1068 2028 licet
1087 1955 1169 2056 alibi
1182 1958 1270 2028 forte
1287 1979 1365 2050 pos-

280 2088 336 2150 set
354 2079 550 2163 honestius,
574 2088 689 2151 tamen
709 2100 966 2172 quemcumque
987 2081 1100 2150 locum
1122 2101 1186 2150 sua
1208 2078 1365 2150 sessione

279 2201 488 2294 dignabitur,
504 2202 597 2273 bunc
617 2201 827 2273 honestabit.
846 2203 896 2272 lta
918 2201 1045 2285 sentio;
1065 2222 1128 2274 neo
1148 2201 1290 2272 omnino
1306 2202 1367 2272 ali-

280 2324 365 2417 quid
382 2325 428 2396 de
439 2346 482 2396 eo
495 2326 590 2418 quod
607 2325 691 2396 mibi
712 2322 840 2395 lividus
858 2322 1087 2396 calumniator
1103 2323 1269 2407 oblatrat,
1283 2324 1365 2396 dum

281 2446 468 2518 scriberem
490 2447 657 2539 cogitavi:
676 2468 745 2518 non
762 2450 877 2518 locum
895 2446 1107 2540 praescripsi,
1130 2445 1191 2516 ubi
1209 2468 1366 2518 necessa-

281 2569 332 2640 rio
353 2569 476 2641 sedere
495 2569 622 2642 debeat
642 2570 701 2664 qui
724 2571 876 2643 omnium
895 2569 1059 2642 dominus
1077 2579 1132 2642 est
1147 2572 1315 2653 locorum;
1333 2579 1368 2642 et

282 2713 494 2784 quamquam
516 2691 733 2765 decretorum
756 2693 889 2764 rivulos
910 2713 978 2763 non
1000 2692 1183 2785 attingam,
1203 2691 1365 2762 haustum

283 2825 398 2888 tamen
412 2815 639 2888 bocdelonte
659 2815 858 2910 Hieronymi
879 2824 994 2900 teneo,
1013 2814 1176 2909 quoniam
1199 2843 1214 2879 (ι
1246 2813 1276 2884 si
1304 2836 1366 2885 au-

288 2965 303 2998 »
327 2936 469 3008 ctoritas
488 2936 672 3029 quaeritur,
699 2935 795 3007 orbis
818 2937 929 3008 maior
948 2946 1003 3008 est
1031 2937 1133 3019 urbe;
1160 2937 1367 3030 ubicumque

290 3085 303 3120 s
328 3057 430 3128 fuerit
446 3055 646 3151 episcopus,
661 3058 738 3129 sive
751 3060 887 3142 Romae,
905 3057 980 3130 sive
997 3057 1163 3152 Eugubii,
1185 3058 1260 3130 sive
1279 3058 1366 3130 Con-

289 3207 304 3243 »
329 3178 563 3272 stantinopoli‚
587 3178 663 3252 sive
684 3180 795 3273 Regii,
819 3181 894 3252 sive
920 3179 1157 3266 Alexandriae‚
1180 3180 1258 3251 sive
1279 3180 1367 3250 The-

289 3329 304 3364 r
329 3301 447 3385 batiae,
469 3301 545 3373 sive
557 3303 758 3388 Vormatiae,
778 3302 937 3375 eiusdem
955 3302 1069 3375 meriti
1085 3315 1141 3376 est
1157 3311 1194 3374 et
1208 3301 1366 3374 eiusdem

290 3457 305 3494 r
329 3429 521 3502 sacerdotii.
545 3457 560 3494 n
582 3431 713 3502 Horum
735 3428 840 3522 igitur
864 3453 932 3503 non
959 3431 1104 3522 ignarus
1126 3428 1366 3502 huiuscemodi

283 3552 519 3626 deliramentis
535 3552 704 3626 abstineo.
723 3554 796 3626 Hoc
807 3553 923 3626 dicere
940 3553 1048 3638 volui,
1068 3563 1104 3625 et
1119 3553 1186 3626 hoc
1202 3552 1277 3625 dixi
1295 3574 1367 3623 ma·

285 3699 392 3770 gnum
413 3697 493 3748 esse
514 3675 549 3746 in
571 3677 653 3748 sede
674 3675 763 3748 Petri
785 3677 922 3762 sedere,
951 3675 1161 3770 ubicumque
1181 3675 1285 3747 sedes
1311 3673 1367 3744 illa

285 3801 344 3885 sit;
367 3821 481 3894 neque
501 3798 651 3896 idipsum
676 3824 723 3873 ex
748 3802 939 3896 proposito,
963 3801 1027 3874 sed
1052 3801 1245 3872 incidenter
1268 3797 1364 3870 dixi:

284 3924 328 3996 de
348 3923 498 3995 Caesaris
519 3925 611 3995 enim
633 3946 701 3996 uon
722 3924 767 3996 de
787 3923 878 3995 Petri
914 3924 998 3996 sede
1025 3945 1141 3996 sermo
1167 3923 1252 3994 mihi
1276 3928 1363 4005 erat,

285 4058 323 4116 ut
342 4047 443 4117 nosti.
466 4049 558 4121 Scito
574 4055 690 4118 autem
709 4046 850 4118 indubie
871 4047 1037 4119 venenosi
1060 4047 1171 4138 magis
1191 4067 1297 4140 quam
1315 4043 1366 4112 in-

285 4167 420 4258 geniosi
439 4168 546 4240 animi
559 4170 667 4241 luisse
679 4169 897 4241 calumniam.
917 4171 1035 4242 Latrat
1055 4170 1084 4240 is
1102 4170 1252 4263 quidem,
1275 4185 1367 4238 mor·
