<?xml version="1.0" encoding="UTF-8"?>
<!DOCTYPE html PUBLIC "-//W3C//DTD XHTML 1.0 Transitional//EN"
    "http://www.w3.org/TR/xhtml1/DTD/xhtml1-transitional.dtd">
<html xmlns="http://www.w3.org/1999/xhtml" xml:lang="en" lang="en">
 <head>
  <title>
</title>
<meta http-equiv="Content-Type" content="text/html;charset=utf-8" />
  <meta name='ocr-system' content='tesseract 3.04.00' />
  <meta name='ocr-capabilities' content='ocr_page ocr_carea ocr_par ocr_line ocrx_word'/>
</head>
<body>
  <div class='ocr_page' id='page_1' title='image "./franciscipetrar01fracgoog_0577.png"; bbox 0 0 3024 4802; ppageno 0'>
   <div class='ocr_carea' id='block_1_1' title="bbox 279 394 1124 455">
    <p class='ocr_par' dir='ltr' id='par_1_1' title="bbox 279 394 1124 455">
     <span class='ocr_line' id='line_1_1' title="bbox 279 394 1124 455; baseline 0.005 -4"><span class='ocrx_word' id='word_1_1' title='bbox 279 394 338 452; x_wconf 66' lang='grc'><strong>566</strong></span> <span class='ocrx_word' id='word_1_2' title='bbox 621 406 661 452; x_wconf 81' lang='lat' dir='ltr'><strong>Illi</strong></span> <span class='ocrx_word' id='word_1_3' title='bbox 683 406 782 455; x_wconf 73' lang='lat' dir='ltr'><strong>uultus</strong></span> <span class='ocrx_word' id='word_1_4' title='bbox 805 405 1024 455; x_wconf 77' lang='lat' dir='ltr'><strong>Flulultltlssus</strong></span> <span class='ocrx_word' id='word_1_5' title='bbox 1113 426 1124 446; x_wconf 60' lang='grc' dir='ltr'><em>ν</em></span> 
     </span>
    </p>
   </div>
   <div class='ocr_carea' id='block_1_2' title="bbox 272 546 1364 2244">
    <p class='ocr_par' dir='ltr' id='par_1_2' title="bbox 272 546 1364 2244">
     <span class='ocr_line' id='line_1_2' title="bbox 279 546 1362 638; baseline 0.006 -22"><span class='ocrx_word' id='word_1_6' title='bbox 279 549 390 619; x_wconf 85' lang='lat' dir='ltr'><strong>relatu</strong></span> <span class='ocrx_word' id='word_1_7' title='bbox 411 549 563 629; x_wconf 86' lang='lat' dir='ltr'><strong>mirum,</strong></span> <span class='ocrx_word' id='word_1_8' title='bbox 593 546 747 620; x_wconf 82' lang='lat' dir='ltr'><strong>terribile</strong></span> <span class='ocrx_word' id='word_1_9' title='bbox 773 548 943 638; x_wconf 83' lang='lat' dir='ltr'><strong>cogitatu,</strong></span> <span class='ocrx_word' id='word_1_10' title='bbox 971 549 1004 619; x_wconf 91' lang='lat' dir='ltr'><strong>in</strong></span> <span class='ocrx_word' id='word_1_11' title='bbox 1037 571 1080 621; x_wconf 89' lang='lat' dir='ltr'><strong>eo</strong></span> <span class='ocrx_word' id='word_1_12' title='bbox 1105 547 1166 620; x_wconf 87' lang='lat' dir='ltr'><strong>tibi</strong></span> <span class='ocrx_word' id='word_1_13' title='bbox 1187 570 1362 624; x_wconf 88' lang='lat' dir='ltr'><strong>summam</strong></span> 
     </span>
     <span class='ocr_line' id='line_1_3' title="bbox 278 670 1363 764; baseline 0.007 -26"><span class='ocrx_word' id='word_1_14' title='bbox 278 670 483 742; x_wconf 90' lang='lat' dir='ltr'><strong>meritorum</strong></span> <span class='ocrx_word' id='word_1_15' title='bbox 502 677 537 740; x_wconf 90' lang='lat' dir='ltr'><strong>et</strong></span> <span class='ocrx_word' id='word_1_16' title='bbox 563 671 736 744; x_wconf 69' lang='lat' dir='ltr'><strong>felicitatis</strong></span> <span class='ocrx_word' id='word_1_17' title='bbox 762 684 797 742; x_wconf 90' lang='lat' dir='ltr'><strong>et</strong></span> <span class='ocrx_word' id='word_1_18' title='bbox 822 670 943 762; x_wconf 72' lang='lat' dir='ltr'><strong>gloriae</strong></span> <span class='ocrx_word' id='word_1_19' title='bbox 968 671 1070 741; x_wconf 89' lang='lat' dir='ltr'><strong>sitam</strong></span> <span class='ocrx_word' id='word_1_20' title='bbox 1095 679 1212 764; x_wconf 77' lang='lat' dir='ltr'><strong>potae,</strong></span> <span class='ocrx_word' id='word_1_21' title='bbox 1241 671 1273 744; x_wconf 91' lang='lat' dir='ltr'><strong>si</strong></span> <span class='ocrx_word' id='word_1_22' title='bbox 1298 673 1363 746; x_wconf 90' lang='lat' dir='ltr'><strong>hoc</strong></span> 
     </span>
     <span class='ocr_line' id='line_1_4' title="bbox 278 792 1362 886; baseline 0.008 -25"><span class='ocrx_word' id='word_1_23' title='bbox 278 793 398 866; x_wconf 91' lang='lat' dir='ltr'><strong>videat</strong></span> <span class='ocrx_word' id='word_1_24' title='bbox 429 803 517 864; x_wconf 87' lang='lat' dir='ltr'><strong>aetas</strong></span> <span class='ocrx_word' id='word_1_25' title='bbox 551 804 688 878; x_wconf 87' lang='lat' dir='ltr'><strong>nostra,</strong></span> <span class='ocrx_word' id='word_1_26' title='bbox 723 794 790 865; x_wconf 88' lang='lat' dir='ltr'><strong>hoc</strong></span> <span class='ocrx_word' id='word_1_27' title='bbox 817 792 1003 886; x_wconf 79' lang='lat' dir='ltr'><strong>posteritas</strong></span> <span class='ocrx_word' id='word_1_28' title='bbox 1028 792 1159 878; x_wconf 82' lang='lat' dir='ltr'><strong>audiat,</strong></span> <span class='ocrx_word' id='word_1_29' title='bbox 1183 801 1218 866; x_wconf 89' lang='lat' dir='ltr'><strong>te</strong></span> <span class='ocrx_word' id='word_1_30' title='bbox 1243 796 1362 870; x_wconf 87' lang='lat' dir='ltr'><strong>multis</strong></span> 
     </span>
     <span class='ocr_line' id='line_1_5' title="bbox 278 914 1363 1010; baseline 0.002 -24"><span class='ocrx_word' id='word_1_31' title='bbox 278 914 445 1008; x_wconf 83' lang='lat' dir='ltr'><strong>gentibus</strong></span> <span class='ocrx_word' id='word_1_32' title='bbox 470 927 506 987; x_wconf 92' lang='lat' dir='ltr'><strong>et</strong></span> <span class='ocrx_word' id='word_1_33' title='bbox 531 918 593 989; x_wconf 89' lang='lat' dir='ltr'><strong>toti</strong></span> <span class='ocrx_word' id='word_1_34' title='bbox 630 939 720 1010; x_wconf 90' lang='lat' dir='ltr'><strong>pene</strong></span> <span class='ocrx_word' id='word_1_35' title='bbox 754 917 862 987; x_wconf 85' lang='lat' dir='ltr'><strong>ltaliae</strong></span> <span class='ocrx_word' id='word_1_36' title='bbox 895 915 1116 1009; x_wconf 82' lang='lat' dir='ltr'><strong>pestiferum,</strong></span> <span class='ocrx_word' id='word_1_37' title='bbox 1137 918 1269 1010; x_wconf 92' lang='lat' dir='ltr'><strong>populo</strong></span> <span class='ocrx_word' id='word_1_38' title='bbox 1301 939 1363 989; x_wconf 89' lang='lat' dir='ltr'><strong>an-</strong></span> 
     </span>
     <span class='ocr_line' id='line_1_6' title="bbox 279 1038 1364 1132; baseline 0.003 -23"><span class='ocrx_word' id='word_1_39' title='bbox 279 1049 349 1112; x_wconf 90' lang='lat' dir='ltr'><strong>tem</strong></span> <span class='ocrx_word' id='word_1_40' title='bbox 371 1051 431 1112; x_wconf 92' lang='lat' dir='ltr'><strong>tuo</strong></span> <span class='ocrx_word' id='word_1_41' title='bbox 451 1042 628 1112; x_wconf 82' lang='lat' dir='ltr'><strong>funestum</strong></span> <span class='ocrx_word' id='word_1_42' title='bbox 655 1051 691 1112; x_wconf 92' lang='lat' dir='ltr'><strong>et</strong></span> <span class='ocrx_word' id='word_1_43' title='bbox 714 1042 865 1112; x_wconf 82' lang='lat' dir='ltr'><strong>fortasse</strong></span> <span class='ocrx_word' id='word_1_44' title='bbox 889 1040 1046 1122; x_wconf 87' lang='lat' dir='ltr'><strong>ultimum</strong></span> <span class='ocrx_word' id='word_1_45' title='bbox 1069 1038 1200 1110; x_wconf 89' lang='lat' dir='ltr'><strong>bellum</strong></span> <span class='ocrx_word' id='word_1_46' title='bbox 1220 1039 1364 1132; x_wconf 83' lang='lat' dir='ltr'><strong>ingenio</strong></span> 
     </span>
     <span class='ocr_line' id='line_1_7' title="bbox 278 1161 1363 1254; baseline 0 -20"><span class='ocrx_word' id='word_1_47' title='bbox 278 1164 423 1246; x_wconf 84' lang='lat' dir='ltr'><strong>fovisse,</strong></span> <span class='ocrx_word' id='word_1_48' title='bbox 458 1162 646 1235; x_wconf 80' lang='lat' dir='ltr'><strong>exacuisse</strong></span> <span class='ocrx_word' id='word_1_49' title='bbox 676 1162 847 1247; x_wconf 88' lang='lat' dir='ltr'><strong>consiliis,</strong></span> <span class='ocrx_word' id='word_1_50' title='bbox 875 1163 1016 1254; x_wconf 89' lang='lat' dir='ltr'><strong>eloquio</strong></span> <span class='ocrx_word' id='word_1_51' title='bbox 1049 1161 1304 1246; x_wconf 85' lang='lat' dir='ltr'><strong>inflammasse,</strong></span> <span class='ocrx_word' id='word_1_52' title='bbox 1327 1171 1363 1234; x_wconf 91' lang='lat' dir='ltr'><strong>ut</strong></span> 
     </span>
     <span class='ocr_line' id='line_1_8' title="bbox 279 1285 1364 1381; baseline 0.001 -24"><span class='ocrx_word' id='word_1_53' title='bbox 279 1285 340 1357; x_wconf 93' lang='lat' dir='ltr'><strong>tibi</strong></span> <span class='ocrx_word' id='word_1_54' title='bbox 359 1310 465 1381; x_wconf 89' lang='lat' dir='ltr'><strong>quem</strong></span> <span class='ocrx_word' id='word_1_55' title='bbox 494 1298 718 1380; x_wconf 89' lang='lat' dir='ltr'><strong>sequestrum</strong></span> <span class='ocrx_word' id='word_1_56' title='bbox 744 1288 841 1381; x_wconf 90' lang='lat' dir='ltr'><strong>pacis</strong></span> <span class='ocrx_word' id='word_1_57' title='bbox 866 1298 902 1357; x_wconf 89' lang='lat' dir='ltr'><strong>et</strong></span> <span class='ocrx_word' id='word_1_58' title='bbox 925 1287 1055 1378; x_wconf 87' lang='lat' dir='ltr'><strong>quietis</strong></span> <span class='ocrx_word' id='word_1_59' title='bbox 1080 1295 1260 1358; x_wconf 81' lang='lat' dir='ltr'><strong>auctorem</strong></span> <span class='ocrx_word' id='word_1_60' title='bbox 1288 1307 1364 1358; x_wconf 89' lang='lat' dir='ltr'><strong>cre—</strong></span> 
     </span>
     <span class='ocr_line' id='line_1_9' title="bbox 277 1409 1363 1507; baseline 0 -27"><span class='ocrx_word' id='word_1_61' title='bbox 277 1409 362 1494; x_wconf 90' lang='lat' dir='ltr'><strong>didi,</strong></span> <span class='ocrx_word' id='word_1_62' title='bbox 385 1411 452 1482; x_wconf 90' lang='lat' dir='ltr'><strong>iam</strong></span> <span class='ocrx_word' id='word_1_63' title='bbox 475 1413 600 1484; x_wconf 90' lang='lat' dir='ltr'><strong>merito</strong></span> <span class='ocrx_word' id='word_1_64' title='bbox 621 1410 690 1482; x_wconf 91' lang='lat' dir='ltr'><strong>dici</strong></span> <span class='ocrx_word' id='word_1_65' title='bbox 712 1410 823 1507; x_wconf 89' lang='lat' dir='ltr'><strong>possit</strong></span> <span class='ocrx_word' id='word_1_66' title='bbox 854 1410 950 1504; x_wconf 90' lang='lat' dir='ltr'><strong>quod</strong></span> <span class='ocrx_word' id='word_1_67' title='bbox 981 1409 1048 1505; x_wconf 90' lang='lat' dir='ltr'><strong>ipsi</strong></span> <span class='ocrx_word' id='word_1_68' title='bbox 1082 1410 1165 1480; x_wconf 91' lang='lat' dir='ltr'><strong>olim</strong></span> <span class='ocrx_word' id='word_1_69' title='bbox 1203 1410 1363 1480; x_wconf 82' lang='lat' dir='ltr'><strong>leremiae</strong></span> 
     </span>
     <span class='ocr_line' id='line_1_10' title="bbox 278 1532 1363 1625; baseline -0.002 -21"><span class='ocrx_word' id='word_1_70' title='bbox 278 1535 453 1606; x_wconf 90' lang='lat' dir='ltr'><strong>immerito</strong></span> <span class='ocrx_word' id='word_1_71' title='bbox 484 1533 616 1606; x_wconf 91' lang='lat' dir='ltr'><strong>dictum</strong></span> <span class='ocrx_word' id='word_1_72' title='bbox 650 1542 721 1608; x_wconf 89' lang='lat' dir='ltr'><strong>est:</strong></span> <span class='ocrx_word' id='word_1_73' title='bbox 753 1532 911 1625; x_wconf 79' lang='lat' dir='ltr'><strong>siquidem</strong></span> <span class='ocrx_word' id='word_1_74' title='bbox 942 1534 1036 1604; x_wconf 81' lang='lat' dir='ltr'><strong>homo</strong></span> <span class='ocrx_word' id='word_1_75' title='bbox 1065 1532 1216 1602; x_wconf 75' lang='lat' dir='ltr'><strong>hicnon</strong></span> <span class='ocrx_word' id='word_1_76' title='bbox 1246 1533 1363 1622; x_wconf 74' lang='lat' dir='ltr'><strong>queri</strong></span> 
     </span>
     <span class='ocr_line' id='line_1_11' title="bbox 272 1653 1363 1749; baseline 0 -21"><span class='ocrx_word' id='word_1_77' title='bbox 272 1678 390 1748; x_wconf 81' lang='lat' dir='ltr'><strong>pacem</strong></span> <span class='ocrx_word' id='word_1_78' title='bbox 417 1659 539 1749; x_wconf 82' lang='lat' dir='ltr'><strong>populo</strong></span> <span class='ocrx_word' id='word_1_79' title='bbox 570 1656 627 1726; x_wconf 86' lang='lat' dir='ltr'><strong>sed</strong></span> <span class='ocrx_word' id='word_1_80' title='bbox 656 1659 792 1740; x_wconf 68' lang='lat' dir='ltr'><strong>indum,</strong></span> <span class='ocrx_word' id='word_1_81' title='bbox 825 1657 921 1728; x_wconf 88' lang='lat' dir='ltr'><strong>Heu!</strong></span> <span class='ocrx_word' id='word_1_82' title='bbox 949 1677 1029 1730; x_wconf 87' lang='lat' dir='ltr'><strong>care</strong></span> <span class='ocrx_word' id='word_1_83' title='bbox 1054 1653 1140 1728; x_wconf 87' lang='lat' dir='ltr'><strong>mihi</strong></span> <span class='ocrx_word' id='word_1_84' title='bbox 1165 1655 1201 1724; x_wconf 91' lang='lat' dir='ltr'><strong>in</strong></span> <span class='ocrx_word' id='word_1_85' title='bbox 1223 1653 1363 1728; x_wconf 84' lang='lat' dir='ltr'><strong>Christo</strong></span> 
     </span>
     <span class='ocr_line' id='line_1_12' title="bbox 275 1778 1363 1874; baseline 0.003 -27"><span class='ocrx_word' id='word_1_86' title='bbox 275 1779 391 1863; x_wconf 84' lang='lat' dir='ltr'><strong>frater,</strong></span> <span class='ocrx_word' id='word_1_87' title='bbox 424 1802 530 1874; x_wconf 91' lang='lat' dir='ltr'><strong>quam</strong></span> <span class='ocrx_word' id='word_1_88' title='bbox 551 1780 656 1852; x_wconf 91' lang='lat' dir='ltr'><strong>valde</strong></span> <span class='ocrx_word' id='word_1_89' title='bbox 689 1801 816 1852; x_wconf 87' lang='lat' dir='ltr'><strong>vereor</strong></span> <span class='ocrx_word' id='word_1_90' title='bbox 848 1802 893 1851; x_wconf 90' lang='lat' dir='ltr'><strong>ne</strong></span> <span class='ocrx_word' id='word_1_91' title='bbox 925 1778 987 1852; x_wconf 90' lang='lat' dir='ltr'><strong>tibi</strong></span> <span class='ocrx_word' id='word_1_92' title='bbox 1010 1799 1152 1872; x_wconf 88' lang='lat' dir='ltr'><strong>quoque</strong></span> <span class='ocrx_word' id='word_1_93' title='bbox 1176 1778 1363 1850; x_wconf 82' lang='lat' dir='ltr'><strong>conveniat</strong></span> 
     </span>
     <span class='ocr_line' id='line_1_13' title="bbox 277 1900 1362 1999; baseline -0.001 -26"><span class='ocrx_word' id='word_1_94' title='bbox 277 1901 371 1996; x_wconf 91' lang='lat' dir='ltr'><strong>quod</strong></span> <span class='ocrx_word' id='word_1_95' title='bbox 393 1904 450 1973; x_wconf 89' lang='lat' dir='ltr'><strong>ille</strong></span> <span class='ocrx_word' id='word_1_96' title='bbox 470 1903 526 1975; x_wconf 88' lang='lat' dir='ltr'><strong>vir</strong></span> <span class='ocrx_word' id='word_1_97' title='bbox 547 1903 689 1999; x_wconf 84' lang='lat' dir='ltr'><strong>sapiens</strong></span> <span class='ocrx_word' id='word_1_98' title='bbox 709 1903 757 1976; x_wconf 88' lang='lat' dir='ltr'><strong>ait</strong></span> <span class='ocrx_word' id='word_1_99' title='bbox 782 1903 817 1974; x_wconf 93' lang='lat' dir='ltr'><strong>in</strong></span> <span class='ocrx_word' id='word_1_100' title='bbox 844 1900 1037 1998; x_wconf 86' lang='lat' dir='ltr'><strong>parabolis:</strong></span> <span class='ocrx_word' id='word_1_101' title='bbox 1057 1906 1112 1973; x_wconf 86' lang='lat' dir='ltr'><strong>vir</strong></span> <span class='ocrx_word' id='word_1_102' title='bbox 1134 1904 1257 1996; x_wconf 86' lang='lat' dir='ltr'><strong>impius</strong></span> <span class='ocrx_word' id='word_1_103' title='bbox 1281 1901 1362 1992; x_wconf 80' lang='lat' dir='ltr'><strong>[odit</strong></span> 
     </span>
     <span class='ocr_line' id='line_1_14' title="bbox 276 2026 1362 2118; baseline -0.002 -22"><span class='ocrx_word' id='word_1_104' title='bbox 276 2028 401 2096; x_wconf 84' lang='lat' dir='ltr'><strong>molum</strong></span> <span class='ocrx_word' id='word_1_105' title='bbox 434 2038 465 2097; x_wconf 82' lang='lat' dir='ltr'><strong>el</strong></span> <span class='ocrx_word' id='word_1_106' title='bbox 496 2029 534 2097; x_wconf 86' lang='lat' dir='ltr'><strong>in</strong></span> <span class='ocrx_word' id='word_1_107' title='bbox 568 2029 662 2097; x_wconf 83' lang='lat' dir='ltr'><strong>labiis</strong></span> <span class='ocrx_word' id='word_1_108' title='bbox 687 2030 757 2100; x_wconf 86' lang='lat' dir='ltr'><strong>eius</strong></span> <span class='ocrx_word' id='word_1_109' title='bbox 781 2029 869 2118; x_wconf 78' lang='lat' dir='ltr'><strong>ipris</strong></span> <span class='ocrx_word' id='word_1_110' title='bbox 888 2026 1048 2098; x_wconf 80' lang='lat' dir='ltr'><strong>ardescit:</strong></span> <span class='ocrx_word' id='word_1_111' title='bbox 1068 2027 1163 2096; x_wconf 76' lang='lat' dir='ltr'><strong>homo</strong></span> <span class='ocrx_word' id='word_1_112' title='bbox 1186 2045 1362 2118; x_wconf 70' lang='lat' dir='ltr'><strong>perversio</strong></span> 
     </span>
     <span class='ocr_line' id='line_1_15' title="bbox 276 2146 1362 2244; baseline -0.004 -24"><span class='ocrx_word' id='word_1_113' title='bbox 276 2151 411 2220; x_wconf 78' lang='lat' dir='ltr'><strong>suscitat</strong></span> <span class='ocrx_word' id='word_1_114' title='bbox 431 2150 501 2219; x_wconf 84' lang='lat' dir='ltr'><strong>lites</strong></span> <span class='ocrx_word' id='word_1_115' title='bbox 521 2159 553 2219; x_wconf 83' lang='lat' dir='ltr'><strong>et</strong></span> <span class='ocrx_word' id='word_1_116' title='bbox 568 2151 723 2222; x_wconf 66' lang='lat' dir='ltr'><strong>undosus</strong></span> <span class='ocrx_word' id='word_1_117' title='bbox 741 2161 874 2244; x_wconf 83' lang='lat' dir='ltr'><strong>separat</strong></span> <span class='ocrx_word' id='word_1_118' title='bbox 890 2151 1069 2244; x_wconf 74' lang='lat' dir='ltr'><strong>principes.</strong></span> <span class='ocrx_word' id='word_1_119' title='bbox 1089 2149 1134 2220; x_wconf 87' lang='lat' dir='ltr'><strong>Et</strong></span> <span class='ocrx_word' id='word_1_120' title='bbox 1150 2146 1248 2241; x_wconf 89' lang='lat' dir='ltr'><strong>quod</strong></span> <span class='ocrx_word' id='word_1_121' title='bbox 1263 2147 1362 2218; x_wconf 81' lang='lat' dir='ltr'><strong>aliter</strong></span> 
     </span>
    </p>
   </div>
   <div class='ocr_carea' id='block_1_3' title="bbox 277 2270 1484 2346">
    <p class='ocr_par' dir='ltr' id='par_1_3' title="bbox 277 2270 1484 2346">
     <span class='ocr_line' id='line_1_16' title="bbox 277 2270 1484 2346; baseline -0.005 -1"><span class='ocrx_word' id='word_1_122' title='bbox 277 2273 326 2345; x_wconf 92' lang='lat' dir='ltr'><strong>ait</strong></span> <span class='ocrx_word' id='word_1_123' title='bbox 345 2275 381 2344; x_wconf 93' lang='lat' dir='ltr'><strong>in</strong></span> <span class='ocrx_word' id='word_1_124' title='bbox 401 2273 665 2346; x_wconf 87' lang='lat' dir='ltr'><strong>Ecclesiastico:</strong></span> <span class='ocrx_word' id='word_1_125' title='bbox 686 2274 781 2346; x_wconf 81' lang='lat' dir='ltr'><strong>domo</strong></span> <span class='ocrx_word' id='word_1_126' title='bbox 801 2271 981 2344; x_wconf 76' lang='lat' dir='ltr'><strong>iracundus</strong></span> <span class='ocrx_word' id='word_1_127' title='bbox 996 2270 1137 2344; x_wconf 82' lang='lat' dir='ltr'><strong>intendit</strong></span> <span class='ocrx_word' id='word_1_128' title='bbox 1152 2273 1244 2342; x_wconf 60' lang='lat' dir='ltr'><strong>lium</strong></span> <span class='ocrx_word' id='word_1_129' title='bbox 1260 2281 1294 2341; x_wconf 86' lang='lat' dir='ltr'><strong>et</strong></span> <span class='ocrx_word' id='word_1_130' title='bbox 1308 2271 1362 2340; x_wconf 84' lang='lat' dir='ltr'><strong>vir</strong></span> <span class='ocrx_word' id='word_1_131' title='bbox 1483 2291 1484 2310; x_wconf 60' lang='lat'>¹</span> 
     </span>
    </p>
   </div>
   <div class='ocr_carea' id='block_1_4' title="bbox 271 2395 1483 2738">
    <p class='ocr_par' dir='ltr' id='par_1_4' title="bbox 271 2395 1483 2738">
     <span class='ocr_line' id='line_1_17' title="bbox 271 2395 1362 2489; baseline 0 -25"><span class='ocrx_word' id='word_1_132' title='bbox 271 2408 429 2489; x_wconf 87' lang='lat' dir='ltr'><strong>peccator</strong></span> <span class='ocrx_word' id='word_1_133' title='bbox 452 2399 595 2470; x_wconf 78' lang='lat' dir='ltr'><strong>turbabit</strong></span> <span class='ocrx_word' id='word_1_134' title='bbox 618 2399 757 2482; x_wconf 85' lang='lat' dir='ltr'><strong>amieos,</strong></span> <span class='ocrx_word' id='word_1_135' title='bbox 780 2410 812 2470; x_wconf 86' lang='lat' dir='ltr'><strong>et</strong></span> <span class='ocrx_word' id='word_1_136' title='bbox 836 2399 873 2470; x_wconf 82' lang='lat' dir='ltr'><strong>ia</strong></span> <span class='ocrx_word' id='word_1_137' title='bbox 898 2395 1003 2468; x_wconf 76' lang='lat' dir='ltr'><strong>medii)</strong></span> <span class='ocrx_word' id='word_1_138' title='bbox 1028 2396 1219 2468; x_wconf 79' lang='lat' dir='ltr'><strong>lubentium</strong></span> <span class='ocrx_word' id='word_1_139' title='bbox 1245 2417 1362 2489; x_wconf 82' lang='lat' dir='ltr'><strong>pacem</strong></span> 
     </span>
     <span class='ocr_line' id='line_1_18' title="bbox 277 2516 1483 2614; baseline 0.005 -30"><span class='ocrx_word' id='word_1_140' title='bbox 277 2518 429 2587; x_wconf 87' lang='lat' dir='ltr'><strong>immittet</strong></span> <span class='ocrx_word' id='word_1_141' title='bbox 447 2519 670 2592; x_wconf 69' lang='lat' dir='ltr'><strong>inimicitiam.</strong></span> <span class='ocrx_word' id='word_1_142' title='bbox 704 2519 792 2590; x_wconf 88' lang='lat' dir='ltr'><strong>Nam</strong></span> <span class='ocrx_word' id='word_1_143' title='bbox 819 2518 850 2591; x_wconf 91' lang='lat' dir='ltr'><strong>si</strong></span> <span class='ocrx_word' id='word_1_144' title='bbox 875 2518 988 2612; x_wconf 85' lang='lat' dir='ltr'><strong>aequis</strong></span> <span class='ocrx_word' id='word_1_145' title='bbox 1013 2516 1156 2590; x_wconf 86' lang='lat' dir='ltr'><strong>auribus</strong></span> <span class='ocrx_word' id='word_1_146' title='bbox 1176 2526 1214 2590; x_wconf 83' lang='lat' dir='ltr'><strong>et</strong></span> <span class='ocrx_word' id='word_1_147' title='bbox 1238 2527 1362 2611; x_wconf 82' lang='lat' dir='ltr'><strong>pacato</strong></span> <span class='ocrx_word' id='word_1_148' title='bbox 1482 2611 1483 2614; x_wconf 4' lang='grc' dir='ltr'><strong>Ἴ</strong></span> 
     </span>
     <span class='ocr_line' id='line_1_19' title="bbox 277 2627 1483 2738; baseline 0.002 -28"><span class='ocrx_word' id='word_1_149' title='bbox 277 2641 394 2714; x_wconf 90' lang='lat' dir='ltr'><strong>animo</strong></span> <span class='ocrx_word' id='word_1_150' title='bbox 414 2642 537 2716; x_wconf 90' lang='lat' dir='ltr'><strong>audire</strong></span> <span class='ocrx_word' id='word_1_151' title='bbox 557 2664 682 2716; x_wconf 94' lang='lat' dir='ltr'><strong>verum</strong></span> <span class='ocrx_word' id='word_1_152' title='bbox 702 2653 803 2738; x_wconf 90' lang='lat' dir='ltr'><strong>potes</strong></span> <span class='ocrx_word' id='word_1_153' title='bbox 824 2641 870 2714; x_wconf 84' lang='lat' dir='ltr'><strong>ab</strong></span> <span class='ocrx_word' id='word_1_154' title='bbox 889 2641 1018 2726; x_wconf 84' lang='lat' dir='ltr'><strong>amice,</strong></span> <span class='ocrx_word' id='word_1_155' title='bbox 1036 2641 1117 2733; x_wconf 89' lang='lat' dir='ltr'><strong>quis</strong></span> <span class='ocrx_word' id='word_1_156' title='bbox 1136 2649 1192 2712; x_wconf 90' lang='lat' dir='ltr'><strong>est</strong></span> <span class='ocrx_word' id='word_1_157' title='bbox 1211 2661 1361 2733; x_wconf 85' lang='lat' dir='ltr'><strong>usquam</strong></span> <span class='ocrx_word' id='word_1_158' title='bbox 1482 2627 1483 2636; x_wconf 37' lang='lat'>¹</span> 
     </span>
    </p>
   </div>
   <div class='ocr_carea' id='block_1_5' title="bbox 276 2763 1363 3471">
    <p class='ocr_par' dir='ltr' id='par_1_5' title="bbox 276 2763 1363 3471">
     <span class='ocr_line' id='line_1_20' title="bbox 277 2763 1363 2859; baseline 0 -25"><span class='ocrx_word' id='word_1_159' title='bbox 277 2765 458 2838; x_wconf 92' lang='lat' dir='ltr'><strong>hominum</strong></span> <span class='ocrx_word' id='word_1_160' title='bbox 484 2765 545 2858; x_wconf 92' lang='lat' dir='ltr'><strong>qui</strong></span> <span class='ocrx_word' id='word_1_161' title='bbox 570 2763 721 2851; x_wconf 88' lang='lat' dir='ltr'><strong>dubitet,</strong></span> <span class='ocrx_word' id='word_1_162' title='bbox 747 2764 833 2859; x_wconf 91' lang='lat' dir='ltr'><strong>quin</strong></span> <span class='ocrx_word' id='word_1_163' title='bbox 860 2765 890 2836; x_wconf 89' lang='lat' dir='ltr'><strong>si</strong></span> <span class='ocrx_word' id='word_1_164' title='bbox 916 2775 954 2836; x_wconf 93' lang='lat' dir='ltr'><strong>tu</strong></span> <span class='ocrx_word' id='word_1_165' title='bbox 980 2784 1069 2836; x_wconf 85' lang='lat' dir='ltr'><strong>uuus</strong></span> <span class='ocrx_word' id='word_1_166' title='bbox 1089 2783 1159 2834; x_wconf 88' lang='lat' dir='ltr'><strong>non</strong></span> <span class='ocrx_word' id='word_1_167' title='bbox 1177 2783 1292 2846; x_wconf 71' lang='lat' dir='ltr'><strong>esses</strong></span> <span class='ocrx_word' id='word_1_168' title='bbox 1313 2773 1363 2834; x_wconf 90' lang='lat' dir='ltr'><strong>tul</strong></span> 
     </span>
     <span class='ocr_line' id='line_1_21' title="bbox 277 2885 1361 2981; baseline -0.001 -22"><span class='ocrx_word' id='word_1_169' title='bbox 277 2888 459 2960; x_wconf 91' lang='lat' dir='ltr'><strong>hominum</strong></span> <span class='ocrx_word' id='word_1_170' title='bbox 480 2889 586 2960; x_wconf 88' lang='lat' dir='ltr'><strong>millia</strong></span> <span class='ocrx_word' id='word_1_171' title='bbox 607 2911 689 2981; x_wconf 76' lang='lat' dir='ltr'><strong>quae</strong></span> <span class='ocrx_word' id='word_1_172' title='bbox 709 2888 801 2962; x_wconf 89' lang='lat' dir='ltr'><strong>hanc</strong></span> <span class='ocrx_word' id='word_1_173' title='bbox 821 2909 890 2960; x_wconf 88' lang='lat' dir='ltr'><strong>noo</strong></span> <span class='ocrx_word' id='word_1_174' title='bbox 911 2885 1152 2971; x_wconf 64' lang='lat' dir='ltr'><strong>medollalios,</strong></span> <span class='ocrx_word' id='word_1_175' title='bbox 1172 2888 1235 2958; x_wconf 90' lang='lat' dir='ltr'><strong>sed</strong></span> <span class='ocrx_word' id='word_1_176' title='bbox 1255 2888 1361 2959; x_wconf 84' lang='lat' dir='ltr'><strong>totius</strong></span> 
     </span>
     <span class='ocr_line' id='line_1_22' title="bbox 276 3009 1362 3103; baseline -0.002 -23"><span class='ocrx_word' id='word_1_177' title='bbox 276 3009 373 3082; x_wconf 90' lang='lat' dir='ltr'><strong>orbis</strong></span> <span class='ocrx_word' id='word_1_178' title='bbox 397 3010 667 3102; x_wconf 84' lang='lat' dir='ltr'><strong>pulcherrimam</strong></span> <span class='ocrx_word' id='word_1_179' title='bbox 692 3021 799 3103; x_wconf 92' lang='lat' dir='ltr'><strong>alque</strong></span> <span class='ocrx_word' id='word_1_180' title='bbox 823 3009 990 3102; x_wconf 91' lang='lat' dir='ltr'><strong>optimam</strong></span> <span class='ocrx_word' id='word_1_181' title='bbox 1016 3019 1150 3103; x_wconf 87' lang='lat' dir='ltr'><strong>partem</strong></span> <span class='ocrx_word' id='word_1_182' title='bbox 1170 3019 1305 3093; x_wconf 86' lang='lat' dir='ltr'><strong>tenent,</strong></span> <span class='ocrx_word' id='word_1_183' title='bbox 1326 3009 1362 3079; x_wconf 89' lang='lat' dir='ltr'><strong>in</strong></span> 
     </span>
     <span class='ocr_line' id='line_1_23' title="bbox 277 3113 1362 3226; baseline 0.004 -26"><span class='ocrx_word' id='word_1_184' title='bbox 277 3132 461 3223; x_wconf 90' lang='lat' dir='ltr'><strong>tranquilla</strong></span> <span class='ocrx_word' id='word_1_185' title='bbox 492 3142 528 3202; x_wconf 91' lang='lat' dir='ltr'><strong>et</strong></span> <span class='ocrx_word' id='word_1_186' title='bbox 558 3141 725 3226; x_wconf 87' lang='lat' dir='ltr'><strong>exoptata</strong></span> <span class='ocrx_word' id='word_1_187' title='bbox 757 3153 842 3224; x_wconf 88' lang='lat' dir='ltr'><strong>paee</strong></span> <span class='ocrx_word' id='word_1_188' title='bbox 874 3155 967 3204; x_wconf 88' lang='lat' dir='ltr'><strong>nunc</strong></span> <span class='ocrx_word' id='word_1_189' title='bbox 991 3113 1169 3204; x_wconf 90' lang='lat' dir='ltr'><strong>viverent:</strong></span> <span class='ocrx_word' id='word_1_190' title='bbox 1188 3132 1362 3226; x_wconf 87' lang='lat' dir='ltr'><strong>quidquid</strong></span> 
     </span>
     <span class='ocr_line' id='line_1_24' title="bbox 276 3252 1362 3347; baseline 0.003 -24"><span class='ocrx_word' id='word_1_191' title='bbox 276 3275 339 3347; x_wconf 93' lang='lat' dir='ltr'><strong>per</strong></span> <span class='ocrx_word' id='word_1_192' title='bbox 364 3252 544 3347; x_wconf 87' lang='lat' dir='ltr'><strong>squalidos</strong></span> <span class='ocrx_word' id='word_1_193' title='bbox 567 3265 604 3326; x_wconf 92' lang='lat' dir='ltr'><strong>et</strong></span> <span class='ocrx_word' id='word_1_194' title='bbox 626 3254 775 3327; x_wconf 91' lang='lat' dir='ltr'><strong>incultos</strong></span> <span class='ocrx_word' id='word_1_195' title='bbox 800 3277 907 3347; x_wconf 83' lang='lat' dir='ltr'><strong>agros</strong></span> <span class='ocrx_word' id='word_1_196' title='bbox 938 3276 1116 3326; x_wconf 86' lang='lat' dir='ltr'><strong>armorum</strong></span> <span class='ocrx_word' id='word_1_197' title='bbox 1148 3265 1209 3327; x_wconf 90' lang='lat' dir='ltr'><strong>aut</strong></span> <span class='ocrx_word' id='word_1_198' title='bbox 1242 3254 1362 3346; x_wconf 78' lang='lat' dir='ltr'><strong>signo</strong></span> 
     </span>
     <span class='ocr_line' id='line_1_25' title="bbox 276 3376 1361 3471; baseline 0 -23"><span class='ocrx_word' id='word_1_199' title='bbox 276 3399 356 3449; x_wconf 89' lang='lat' dir='ltr'><strong>rum</strong></span> <span class='ocrx_word' id='word_1_200' title='bbox 381 3377 514 3460; x_wconf 89' lang='lat' dir='ltr'><strong>volitat,</strong></span> <span class='ocrx_word' id='word_1_201' title='bbox 541 3376 715 3471; x_wconf 88' lang='lat' dir='ltr'><strong>quidquid</strong></span> <span class='ocrx_word' id='word_1_202' title='bbox 745 3376 985 3450; x_wconf 83' lang='lat' dir='ltr'><strong>incendiorum</strong></span> <span class='ocrx_word' id='word_1_203' title='bbox 1015 3377 1168 3449; x_wconf 87' lang='lat' dir='ltr'><strong>desertis</strong></span> <span class='ocrx_word' id='word_1_204' title='bbox 1199 3377 1361 3449; x_wconf 90' lang='lat' dir='ltr'><strong>villarum</strong></span> 
     </span>
    </p>
   </div>
   <div class='ocr_carea' id='block_1_6' title="bbox 277 3499 1480 3595">
    <p class='ocr_par' dir='ltr' id='par_1_6' title="bbox 277 3499 1480 3595">
     <span class='ocr_line' id='line_1_26' title="bbox 277 3499 1480 3595; baseline -0.002 -22"><span class='ocrx_word' id='word_1_205' title='bbox 277 3505 378 3576; x_wconf 89' lang='lat' dir='ltr'><strong>tectis</strong></span> <span class='ocrx_word' id='word_1_206' title='bbox 399 3510 586 3587; x_wconf 72' lang='lat' dir='ltr'><strong>exaestuat,</strong></span> <span class='ocrx_word' id='word_1_207' title='bbox 609 3501 780 3595; x_wconf 92' lang='lat' dir='ltr'><strong>quidquid</strong></span> <span class='ocrx_word' id='word_1_208' title='bbox 803 3499 999 3572; x_wconf 83' lang='lat' dir='ltr'><strong>formidinis</strong></span> <span class='ocrx_word' id='word_1_209' title='bbox 1031 3523 1072 3572; x_wconf 87' lang='lat' dir='ltr'><strong>ec</strong></span> <span class='ocrx_word' id='word_1_210' title='bbox 1102 3503 1198 3592; x_wconf 80' lang='lat' dir='ltr'><strong>lugae</strong></span> <span class='ocrx_word' id='word_1_211' title='bbox 1226 3501 1361 3595; x_wconf 86' lang='lat' dir='ltr'><strong>amplas</strong></span> <span class='ocrx_word' id='word_1_212' title='bbox 1479 3589 1480 3593; x_wconf 7' lang='grc' dir='ltr'><strong>Ἴ</strong></span> 
     </span>
    </p>
   </div>
   <div class='ocr_carea' id='block_1_7' title="bbox 276 3622 1361 4332">
    <p class='ocr_par' dir='ltr' id='par_1_7' title="bbox 276 3622 1361 4332">
     <span class='ocr_line' id='line_1_27' title="bbox 277 3622 1361 3717; baseline -0.004 -19"><span class='ocrx_word' id='word_1_213' title='bbox 277 3649 318 3700; x_wconf 85' lang='lat' dir='ltr'><strong>ao</strong></span> <span class='ocrx_word' id='word_1_214' title='bbox 338 3626 473 3700; x_wconf 88' lang='lat' dir='ltr'><strong>nobiles</strong></span> <span class='ocrx_word' id='word_1_215' title='bbox 493 3625 635 3698; x_wconf 86' lang='lat' dir='ltr'><strong>alteruis</strong></span> <span class='ocrx_word' id='word_1_216' title='bbox 656 3624 810 3698; x_wconf 88' lang='lat' dir='ltr'><strong>motibus</strong></span> <span class='ocrx_word' id='word_1_217' title='bbox 832 3625 940 3696; x_wconf 92' lang='lat' dir='ltr'><strong>urbes</strong></span> <span class='ocrx_word' id='word_1_218' title='bbox 959 3624 1082 3717; x_wconf 85' lang='lat' dir='ltr'><strong>quatit,</strong></span> <span class='ocrx_word' id='word_1_219' title='bbox 1103 3622 1278 3716; x_wconf 88' lang='lat' dir='ltr'><strong>quidquid</strong></span> <span class='ocrx_word' id='word_1_220' title='bbox 1298 3622 1361 3694; x_wconf 88' lang='lat' dir='ltr'><strong>de-</strong></span> 
     </span>
     <span class='ocr_line' id='line_1_28' title="bbox 276 3744 1361 3844; baseline -0.004 -24"><span class='ocrx_word' id='word_1_221' title='bbox 276 3751 383 3844; x_wconf 90' lang='lat' dir='ltr'><strong>nique</strong></span> <span class='ocrx_word' id='word_1_222' title='bbox 404 3748 585 3841; x_wconf 82' lang='lat' dir='ltr'><strong>sanguinis</strong></span> <span class='ocrx_word' id='word_1_223' title='bbox 606 3747 674 3820; x_wconf 89' lang='lat' dir='ltr'><strong>hoc</strong></span> <span class='ocrx_word' id='word_1_224' title='bbox 690 3746 781 3820; x_wconf 89' lang='lat' dir='ltr'><strong>bello</strong></span> <span class='ocrx_word' id='word_1_225' title='bbox 798 3749 889 3820; x_wconf 88' lang='lat' dir='ltr'><strong>ultro</strong></span> <span class='ocrx_word' id='word_1_226' title='bbox 905 3747 1062 3840; x_wconf 86' lang='lat' dir='ltr'><strong>citroque</strong></span> <span class='ocrx_word' id='word_1_227' title='bbox 1078 3747 1197 3818; x_wconf 83' lang='lat' dir='ltr'><strong>fusum</strong></span> <span class='ocrx_word' id='word_1_228' title='bbox 1211 3744 1361 3818; x_wconf 84' lang='lat' dir='ltr'><strong>lunden-</strong></span> 
     </span>
     <span class='ocr_line' id='line_1_29' title="bbox 276 3868 1361 3967; baseline -0.007 -21"><span class='ocrx_word' id='word_1_229' title='bbox 276 3873 431 3967; x_wconf 89' lang='lat' dir='ltr'><strong>dumque</strong></span> <span class='ocrx_word' id='word_1_230' title='bbox 452 3883 522 3958; x_wconf 86' lang='lat' dir='ltr'><strong>est,</strong></span> <span class='ocrx_word' id='word_1_231' title='bbox 545 3881 655 3946; x_wconf 90' lang='lat' dir='ltr'><strong>totum</strong></span> <span class='ocrx_word' id='word_1_232' title='bbox 676 3894 696 3944; x_wconf 91' lang='lat' dir='ltr'><strong>e</strong></span> <span class='ocrx_word' id='word_1_233' title='bbox 716 3881 856 3945; x_wconf 88' lang='lat' dir='ltr'><strong>tuorum</strong></span> <span class='ocrx_word' id='word_1_234' title='bbox 882 3871 1104 3944; x_wconf 87' lang='lat' dir='ltr'><strong>consiliorum</strong></span> <span class='ocrx_word' id='word_1_235' title='bbox 1129 3868 1300 3942; x_wconf 88' lang='lat' dir='ltr'><strong>scatebris</strong></span> <span class='ocrx_word' id='word_1_236' title='bbox 1324 3877 1361 3942; x_wconf 89' lang='lat' dir='ltr'><strong>et</strong></span> 
     </span>
     <span class='ocr_line' id='line_1_30' title="bbox 276 3993 1361 4091; baseline -0.002 -25"><span class='ocrx_word' id='word_1_237' title='bbox 276 3997 416 4070; x_wconf 82' lang='lat' dir='ltr'><strong>facundi</strong></span> <span class='ocrx_word' id='word_1_238' title='bbox 436 3996 588 4091; x_wconf 83' lang='lat' dir='ltr'><strong>pectoris</strong></span> <span class='ocrx_word' id='word_1_239' title='bbox 608 3998 702 4068; x_wconf 83' lang='lat' dir='ltr'><strong>sonte</strong></span> <span class='ocrx_word' id='word_1_240' title='bbox 719 3994 950 4087; x_wconf 83' lang='lat' dir='ltr'><strong>processerit?</strong></span> <span class='ocrx_word' id='word_1_241' title='bbox 969 3995 1015 4066; x_wconf 90' lang='lat' dir='ltr'><strong>Ol</strong></span> <span class='ocrx_word' id='word_1_242' title='bbox 1031 3995 1167 4066; x_wconf 82' lang='lat' dir='ltr'><strong>felicem</strong></span> <span class='ocrx_word' id='word_1_243' title='bbox 1180 4001 1225 4078; x_wconf 87' lang='lat' dir='ltr'><strong>te,</strong></span> <span class='ocrx_word' id='word_1_244' title='bbox 1239 3993 1298 4084; x_wconf 86' lang='lat' dir='ltr'><strong>qui</strong></span> <span class='ocrx_word' id='word_1_245' title='bbox 1313 3993 1361 4064; x_wconf 89' lang='lat' dir='ltr'><strong>ad</strong></span> 
     </span>
     <span class='ocr_line' id='line_1_31' title="bbox 277 4116 1358 4209; baseline 0.001 -23"><span class='ocrx_word' id='word_1_246' title='bbox 277 4119 367 4189; x_wconf 86' lang='lat' dir='ltr'><strong>hanc</strong></span> <span class='ocrx_word' id='word_1_247' title='bbox 388 4121 439 4190; x_wconf 91' lang='lat' dir='ltr'><strong>rei</strong></span> <span class='ocrx_word' id='word_1_248' title='bbox 458 4118 617 4192; x_wconf 90' lang='lat' dir='ltr'><strong>militaris</strong></span> <span class='ocrx_word' id='word_1_249' title='bbox 638 4119 784 4209; x_wconf 81' lang='lat' dir='ltr'><strong>gloriam</strong></span> <span class='ocrx_word' id='word_1_250' title='bbox 806 4118 881 4188; x_wconf 93' lang='lat' dir='ltr'><strong>sine</strong></span> <span class='ocrx_word' id='word_1_251' title='bbox 898 4119 968 4190; x_wconf 95' lang='lat' dir='ltr'><strong>ullo</strong></span> <span class='ocrx_word' id='word_1_252' title='bbox 985 4139 1162 4190; x_wconf 91' lang='lat' dir='ltr'><strong>armorum</strong></span> <span class='ocrx_word' id='word_1_253' title='bbox 1178 4116 1358 4200; x_wconf 82' lang='lat' dir='ltr'><strong>exercitio,</strong></span> 
     </span>
     <span class='ocr_line' id='line_1_32' title="bbox 279 4237 1359 4332; baseline 0.007 -29"><span class='ocrx_word' id='word_1_254' title='bbox 279 4237 443 4317; x_wconf 83' lang='lat' dir='ltr'><strong>sedendo,</strong></span> <span class='ocrx_word' id='word_1_255' title='bbox 465 4241 640 4330; x_wconf 87' lang='lat' dir='ltr'><strong>loquendo</strong></span> <span class='ocrx_word' id='word_1_256' title='bbox 656 4239 872 4332; x_wconf 86' lang='lat' dir='ltr'><strong>perveneris,</strong></span> <span class='ocrx_word' id='word_1_257' title='bbox 890 4249 930 4312; x_wconf 83' lang='lat' dir='ltr'><strong>ut·</strong></span> <span class='ocrx_word' id='word_1_258' title='bbox 946 4262 1037 4314; x_wconf 89' lang='lat' dir='ltr'><strong>unus</strong></span> <span class='ocrx_word' id='word_1_259' title='bbox 1055 4240 1158 4314; x_wconf 87' lang='lat' dir='ltr'><strong>lieres</strong></span> <span class='ocrx_word' id='word_1_260' title='bbox 1174 4263 1195 4312; x_wconf 93' lang='lat' dir='ltr'><strong>e</strong></span> <span class='ocrx_word' id='word_1_261' title='bbox 1211 4262 1359 4312; x_wconf 87' lang='lat' dir='ltr'><strong>numem</strong></span> 
     </span>
    </p>
   </div>
   <div class='ocr_carea' id='block_1_8' title="bbox 0 0 1516 4802">
    <p class='ocr_par' dir='ltr' id='par_1_8' title="bbox 0 0 1516 4802">
     <span class='ocr_line' id='line_1_33' title="bbox 0 0 1516 4802; baseline 0 0"><span class='ocrx_word' id='word_1_262' title='bbox 0 0 1516 4802; x_wconf 95' lang='lat' dir='ltr'><strong> </strong></span> 
     </span>
    </p>
   </div>
  </div>
 </body>
</html>
