2988 4800
405 379 497 426 nrunn
519 347 939 426 aucupemus-nurmali
962 381 1001 428 xl.
1183 371 1236 430 195

164 515 279 606 magni
300 533 494 604 cognomen
515 511 632 595 habet,
651 533 729 584 cum
749 515 793 584 sit
806 513 1087 600 maximusmeo
1100 517 1237 591 nomine

163 634 401 731 parthenopaei
437 634 544 706 maris
582 635 617 705 in
649 634 749 708 litore
791 636 996 730 magnificus
1030 651 1233 735 apparatus

161 781 265 854 quem
288 760 362 831 suis
389 760 550 853 primum,
577 781 659 831 mox
685 760 753 831 tuis
775 769 809 830 et
834 761 956 830 litteris
975 761 1113 846 edidici,
1136 764 1236 835 cuius

161 905 228 954 non
255 883 408 955 animum
431 882 579 954 delectet
611 903 651 954 ac
683 885 853 954 mulceat‘.l
884 882 986 976 Apud
1019 905 1122 976 quem
1142 885 1236 977 quod

161 1025 331 1088 mearum,
354 1013 393 1075 ul
413 1003 543 1089 scribis,
567 1025 707 1097 precum
724 1007 877 1076 favorem
897 1005 1066 1088 senseris,
1084 1027 1152 1077 non
1173 1007 1237 1076 mi-

160 1147 227 1196 ror.
249 1125 406 1198 Sciebam
428 1127 527 1198 aliter
547 1148 716 1198 essenon
736 1149 852 1222 posse.
875 1126 980 1198 Cuius
1001 1129 1092 1200 enim
1113 1129 1235 1200 faciem

159 1239 290 1330 ignoro,
314 1240 397 1309 novi
417 1240 580 1312 animum.
598 1239 739 1312 Gaudeo
761 1261 859 1313 sane:
880 1251 916 1312 et
936 1240 1002 1312 sibi
1019 1245 1074 1314 vel
1094 1243 1130 1313 in
1147 1243 1236 1315 litte-

158 1361 206 1432 ris
231 1361 362 1452 gratias
386 1383 486 1454 agam
504 1365 561 1433 vel
591 1363 683 1434 vivis
704 1363 849 1436 vocibus
874 1365 1044 1436 llorentini
1063 1368 1234 1460 presulis,

159 1483 219 1576 qui
241 1484 305 1553 vix
326 1484 464 1556 tandem
489 1485 545 1556 his
572 1485 695 1556 vinclis
724 1488 866 1582 elapsus
899 1487 934 1559 in
967 1489 1099 1560 ltaliam
1125 1489 1234 1560 redit:

158 1589 238 1676 ante
265 1616 380 1678 tamen
401 1604 539 1679 Antonii
560 1607 711 1704 AEgyptii
742 1608 932 1680 viennense
957 1612 1060 1682 limen
1081 1611 1165 1683 adiit
1188 1633 1235 1682 ex

158 1729 317 1800 condicto
338 1729 480 1801 visurus
500 1727 536 1800 in
558 1730 671 1802 reditu
692 1731 802 1802 nostri
823 1733 913 1805 ruris
938 1733 1130 1824 angustias.
1153 1735 1235 1806 Cra·
1297 1723 1305 1732 ’

159 1851 249 1923 slino
266 1850 380 1942 igitur,
396 1861 433 1921 ut
452 1850 623 1946 pollicitos
644 1861 711 1938 est,
733 1854 778 1926 ad
798 1855 925 1926 sontem
948 1854 1081 1946 Sorgiae
1102 1854 1234 1948 poetico

158 1972 385 2068 excipiendus
404 1975 549 2070 prandio
570 1997 704 2048 mecum
721 1977 795 2046 erit.
817 1977 911 2046 Vale.

301 2121 364 2176 XII.
382 2121 512 2178 Kalendis
526 2121 607 2178 lunii.
625 2123 667 2176 Ad
683 2139 819 2178 auroram.

659 2351 738 2363 ——ta

569 2607 744 2672 EPISTULA
767 2607 820 2670 Xll.

342 2847 536 2898 rnnnclsclls
557 2847 725 2896 Parauaea
745 2845 920 2896 Fannclsco
941 2845 1046 2894 aaroni

399 2951 587 3002 sentruden
608 2951 837 3000 llPOS'l'OLORUM
858 2951 883 2999 S.
906 2951 934 2999 Ρ.
956 2952 985 3000 D.

157 3155 323 3229 Episcopum
337 3155 529 3224 florentinum,
545 3171 628 3228 quem
640 3172 734 3210 secum
746 3171 913 3228 pransurum
928 3156 1098 3228 expectabat,
1113 3155 1166 3210 fide
1179 3155 1232 3210 sibi

226 3246 376 3301 decessisse
391 3245 532 3318 queritur:
547 3244 595 3300 sed
608 3245 723 3317 epistola
737 3245 862 3301 nondum
876 3246 978 3316 clausa,
994 3246 1073 3300 illum
1088 3245 1231 3300 advenisse

225 3336 349 3392 nunciat,

252 3583 432 3676 Nusquam
454 3591 527 3656 tuta
554 3580 655 3667 lidos
690 3581 800 3675 inquit
827 3583 938 3665 lllaro;
964 3580 1058 3674 quod
1083 3578 1228 3652 verbum

157 3728 225 3798 quo
254 3705 366 3798 magis
395 3706 521 3798 cogito,
544 3705 655 3798 magis
682 3705 848 3798 intelligo,
879 3715 914 3776 et
940 3726 1009 3798 quo
1031 3702 1169 3794 longius
1194 3700 1229 3770 in

156 3837 257 3900 aetate
273 3828 487 3922 progredior,
511 3849 552 3900 eo
570 3829 688 3900 verius
708 3828 880 3922 experior.
898 3824 1030 3898 Felellit
1051 3844 1105 3894 me
1124 3844 1227 3916 quem

158 3949 295 4022 minime
320 3949 484 4046 putabam
509 3950 709 4023 florentinus
733 3952 967 4044 praesulque
991 3947 1038 4018 nil
1060 3945 1228 4018 sincerius

159 4075 207 4145 sol
223 4073 331 4146 videt.
353 4076 423 4147 Sed
442 4076 518 4147 haec
535 4095 611 4147 mea
633 4091 709 4144 sors
729 4081 799 4144 est:
820 4093 922 4142 namo
947 4092 1016 4141 non
1043 4068 1128 4140 satis
1154 4067 1228 4140 ido-

159 4219 242 4269 neus
268 4197 312 4268 ad
332 4199 515 4269 fallendum
547 4220 611 4267 me.
641 4195 782 4266 Dixerat
812 4217 849 4266 se
880 4197 924 4268 ad
946 4197 1071 4266 lonlern
1095 4191 1226 4282 Sorgina
