3002 4794
260 379 298 439 ⁹2⁰2
598 393 639 441 DE
661 392 761 442 REBUS
781 392 1001 443 nanhlnnlnus

259 560 358 621 num,
381 558 494 629 quem,
514 535 545 606 si
562 535 640 628 quis
661 535 798 629 penitus
816 545 983 628 agnoscat
1008 559 1112 630 quam
1137 540 1255 613 multis
1273 565 1335 638 pc-

259 659 377 732 riculis
399 657 444 732 sit
468 661 630 742 refertus,
657 682 701 730 ne
726 658 824 730 humi
855 661 996 754 quidem
1022 661 1188 736 iacentem
1215 669 1335 739 tollere

258 786 374 855 vellet.
393 783 462 855 Sed
478 783 544 855 hoc
556 783 719 855 Hadriani
733 782 854 867 Quarti
874 782 1003 858 dictum
1024 788 1139 859 minus
1152 791 1335 890 vulgatum

258 915 324 990 est,
346 906 440 1001 quod
460 907 548 977 inter
568 905 730 999 sophicos
750 927 864 997 nugas
885 907 964 999 legi.
983 909 1016 979 ls
1037 930 1122 1001 ergo
1143 908 1256 982 dicere
1278 933 1336 984 so-

258 1030 351 1104 lebat
371 1029 465 1122 quod
485 1027 804 1100 romanoPontificc
816 1051 919 1101 nemo
933 1031 1164 1105 miserabilior
1177 1044 1240 1119 est,
1253 1057 1336 1106 con·

258 1153 387 1224 ditione
408 1150 483 1221 eius
504 1152 597 1223 nulla
613 1151 787 1238 miserior,
810 1162 845 1223 et
866 1152 894 1224 si
916 1153 1000 1223 nihil
1025 1154 1119 1226 aliud
1143 1156 1256 1240 laedat,
1273 1180 1336 1229 ne-

258 1297 358 1348 ccsse
377 1282 432 1346 est
451 1280 490 1344 ut
510 1271 676 1345 citissime
697 1276 754 1345 vel
772 1277 845 1346 solo
858 1274 975 1348 labore
989 1275 1134 1350 deficiat.
1149 1277 1335 1350 Fatebatur

258 1398 350 1472 enim
371 1398 406 1468 in
422 1419 465 1469 ea
486 1397 568 1470 sede
588 1406 702 1470 tantas
723 1420 762 1470 se
782 1397 942 1471 miserias
962 1398 1154 1485 invenisse,
1182 1409 1221 1471 ut
1244 1402 1335 1472 lacta

258 1522 437 1594 collatione
458 1521 630 1615 principii,
649 1529 721 1594 tota
743 1521 808 1594 sihi
832 1522 1034 1617 praecedens
1060 1523 1254 1595 amaritudo
1279 1523 1334 1594 iu-

257 1645 416 1718 cunditas
438 1657 472 1716 et
488 1643 561 1717 vita
580 1644 779 1717 felicissima
797 1646 987 1718 videretur.
1001 1645 1182 1739 Spinosam
1196 1644 1334 1718 dicebat

256 1766 457 1839 cathedram
490 1768 622 1839 romani
650 1767 837 1853 Pontificis,
864 1778 900 1839 et
932 1777 1086 1840 mantum
1121 1768 1332 1840 acutissimis

256 1911 509 1983 usquequaque
547 1901 746 1961 consertum
779 1889 921 1976 aculeis
954 1900 1127 1985 tantaeque
1158 1891 1267 1977 molis,
1294 1900 1334 1962 ut

256 2013 520 2086 robustissimos
541 2022 639 2100 terat,
653 2024 787 2109 premat
811 2023 847 2086 et
871 2024 1060 2086 concurvet
1076 2015 1258 2098 humer0s;
1275 2036 1333 2086 co—

255 2161 376 2210 ronam
395 2147 431 2211 et
454 2139 593 2231 frigium
618 2141 711 2210 clara
743 2139 867 2211 merito
895 2139 1018 2225 videri,
1052 2139 1214 2234 quoniam
1231 2139 1334 2231 ignea

255 2272 347 2333 sunt.
369 2262 457 2334 lllud
475 2261 671 2358 saepissime
692 2262 858 2335 adiiciens
879 2263 981 2356 quod,
1003 2286 1082 2335 cum
1104 2263 1148 2334 de
1174 2261 1285 2353 gradu
1296 2261 1334 2332 in

255 2387 403 2480 gradum
417 2410 438 2457 a
454 2388 630 2459 claustrali
643 2389 767 2459 clerico
779 2411 842 2484 per
855 2388 971 2459 omnia
983 2387 1095 2457 officia
1107 2386 1142 2456 in
1156 2407 1333 2458 summum

253 2507 452 2580 Pontificem
465 2508 715 2594 adscendisset,
726 2509 809 2579 nihil
822 2531 975 2600 unquam
987 2507 1156 2579 felicitatis
1170 2517 1335 2578 auttran-

254 2631 371 2724 quillae
392 2630 517 2724 quietis
537 2632 621 2704 vitae
641 2631 746 2726 priori
767 2630 937 2704 adiectum
956 2638 1052 2700 esset
1071 2652 1119 2701 ex
1138 2629 1332 2703 adscensu:
1368 2631 1377 2650 ’

259 2783 272 2819 u
303 2753 339 2824 in
354 2753 491 2839 incude,
511 2753 639 2840 aiebat,
660 2765 695 2825 et
714 2755 837 2826 malleo
860 2776 999 2847 semper
1019 2752 1176 2826 dilatavit
1196 2776 1252 2824 me
1268 2753 1339 2825 do-

258 2906 273 2940 r
302 2879 427 2964 minuS,
451 2877 515 2950 sed
530 2900 622 2948 nunc
635 2877 731 2948 oneri
743 2876 837 2971 quod
851 2873 1040 2950 infirmitati
1052 2899 1142 2948 meae
1155 2877 1330 2971 imposuit

258 3028 273 3065 r
304 3001 334 3071 si
350 3004 470 3095 placet,
494 3010 666 3095 supponat
682 3000 872 3086 dexteram,
893 3000 1056 3093 quoniam
1070 3001 1154 3072 mihi
1167 3001 1333 3095 importa-

259 3147 275 3187 ι
302 3121 370 3194 hile
383 3133 449 3195 est.
466 3153 481 3188 u
506 3125 587 3194 Haec
604 3124 737 3196 eisdem
754 3144 853 3217 paene
873 3122 990 3194 verbis
1004 3122 1048 3194 ad
1060 3131 1260 3195 contextum
1274 3146 1332 3194 re-

256 3245 318 3316 tuli
338 3245 465 3339 quibus
486 3245 609 3319 abillo
630 3247 758 3342 scripta
779 3255 860 3318 sunt
877 3245 937 3342 qui
950 3268 997 3316 ex
1010 3267 1069 3317 ore
1083 3243 1255 3336 loquentis
1269 3266 1333 3316 au·

255 3367 376 3440 dierat.
396 3369 487 3453 Quid
507 3370 634 3456 dicam,
656 3369 724 3442 nisi
744 3369 948 3442 acerrimum
963 3378 1067 3462 atque
1081 3365 1330 3460 gravissimum
1390 3379 1398 3386 '

254 3493 380 3586 proprii
395 3501 506 3564 status
519 3493 765 3566 aestimatorem
786 3493 1001 3587 dignumque
1017 3492 1077 3587 qui
1103 3493 1265 3567 velociter
1285 3491 1331 3564 ad

255 3625 405 3687 aeternas
427 3617 541 3703 sedes
564 3618 664 3709 gravi
681 3617 738 3689 illo
755 3619 848 3688 fasce
864 3617 1032 3711 deposito,
1060 3616 1330 3690 transferretur?

254 3740 324 3812 Sed
340 3749 380 3811 ut
400 3741 445 3813 ad
466 3749 499 3813 te
515 3740 664 3824 redeam,
684 3740 729 3811 da
749 3741 886 3813 veniam
918 3741 1130 3814 familiariter
1154 3735 1328 3830 glorianti.

254 3861 289 3929 Si
310 3869 421 3934 status
442 3863 491 3934 tui
512 3862 685 3935 desiderio
706 3872 875 3956 tangerer,
898 3862 982 3956 quid
999 3884 1091 3934 nunc
1115 3878 1252 3952 possem
1266 3877 1329 3928 ne-

253 3984 340 4054 scio:
362 3985 425 4055 sed
445 4007 539 4080 saepe
556 4009 618 4081 per
638 3986 703 4058 hos
724 4008 833 4060 annos
855 3986 950 4080 potui
969 4006 1039 4057 non
1056 3980 1158 4053 modo
1179 3989 1248 4052 tuae
1267 4001 1326 4072 pa·

252 4127 333 4191 rem,
357 4106 421 4177 sed
439 4110 689 4202 opulentiorem
711 4110 830 4182 sedem
857 4108 1038 4188 scandere3
1063 4126 1165 4197 quem
1180 4104 1328 4176 adscen-

254 4249 330 4300 sum
354 4249 491 4321 semper
512 4252 580 4301 non
598 4231 710 4304 dicam
732 4230 864 4324 sprevi,
889 4230 952 4304 sed
967 4227 1149 4300 exhorrui:
1163 4225 1264 4301 cuins
1277 4222 1327 4299 rei
