<?xml version="1.0" encoding="UTF-8"?>
<!DOCTYPE html PUBLIC "-//W3C//DTD XHTML 1.0 Transitional//EN"
    "http://www.w3.org/TR/xhtml1/DTD/xhtml1-transitional.dtd">
<html xmlns="http://www.w3.org/1999/xhtml" xml:lang="en" lang="en">
 <head>
  <title>
</title>
<meta http-equiv="Content-Type" content="text/html;charset=utf-8" />
  <meta name='ocr-system' content='tesseract 3.04.00' />
  <meta name='ocr-capabilities' content='ocr_page ocr_carea ocr_par ocr_line ocrx_word'/>
</head>
<body>
  <div class='ocr_page' id='page_1' title='image "./franciscipetrar01fracgoog_0215.png"; bbox 0 0 2958 4804; ppageno 0'>
   <div class='ocr_carea' id='block_1_1' title="bbox 276 313 1012 373">
    <p class='ocr_par' dir='ltr' id='par_1_1' title="bbox 276 313 1012 373">
     <span class='ocr_line' id='line_1_1' title="bbox 276 313 1012 373; baseline 0 -1"><span class='ocrx_word' id='word_1_1' title='bbox 276 313 335 372; x_wconf 71' lang='lat' dir='ltr'>tol</span> <span class='ocrx_word' id='word_1_2' title='bbox 607 324 648 370; x_wconf 84' lang='lat' dir='ltr'>ou</span> <span class='ocrx_word' id='word_1_3' title='bbox 669 323 770 372; x_wconf 82' lang='lat' dir='ltr'>nunus</span> <span class='ocrx_word' id='word_1_4' title='bbox 791 325 1012 373; x_wconf 83' lang='lat' dir='ltr'>rnururnumus</span> 
     </span>
    </p>
   </div>
   <div class='ocr_carea' id='block_1_2' title="bbox 271 459 1411 2394">
    <p class='ocr_par' dir='ltr' id='par_1_2' title="bbox 271 459 1411 2394">
     <span class='ocr_line' id='line_1_2' title="bbox 276 459 1345 557; baseline -0.002 -23"><span class='ocrx_word' id='word_1_5' title='bbox 276 488 353 535; x_wconf 92' lang='lat' dir='ltr'>rum</span> <span class='ocrx_word' id='word_1_6' title='bbox 374 465 470 557; x_wconf 88' lang='lat' dir='ltr'>paria</span> <span class='ocrx_word' id='word_1_7' title='bbox 486 463 659 535; x_wconf 89' lang='lat' dir='ltr'>numerari</span> <span class='ocrx_word' id='word_1_8' title='bbox 679 465 735 533; x_wconf 89' lang='lat' dir='ltr'>ait.</span> <span class='ocrx_word' id='word_1_9' title='bbox 757 460 952 535; x_wconf 73' lang='lat' dir='ltr'>Accedebat</span> <span class='ocrx_word' id='word_1_10' title='bbox 971 459 1064 553; x_wconf 94' lang='lat' dir='ltr'>quod</span> <span class='ocrx_word' id='word_1_11' title='bbox 1081 459 1141 553; x_wconf 92' lang='lat' dir='ltr'>qui</span> <span class='ocrx_word' id='word_1_12' title='bbox 1162 461 1345 532; x_wconf 75' lang='lat' dir='ltr'><strong>amicitiam</strong></span> 
     </span>
     <span class='ocr_line' id='line_1_3' title="bbox 275 583 1344 676; baseline -0.003 -18"><span class='ocrx_word' id='word_1_13' title='bbox 275 589 430 660; x_wconf 89' lang='lat' dir='ltr'>stabilem</span> <span class='ocrx_word' id='word_1_14' title='bbox 450 590 538 658; x_wconf 89' lang='lat' dir='ltr'>inter</span> <span class='ocrx_word' id='word_1_15' title='bbox 558 598 694 658; x_wconf 88' lang='lat' dir='ltr'>nostros</span> <span class='ocrx_word' id='word_1_16' title='bbox 712 597 747 657; x_wconf 92' lang='lat' dir='ltr'>et</span> <span class='ocrx_word' id='word_1_17' title='bbox 766 585 920 657; x_wconf 88' lang='lat' dir='ltr'>felicibus</span> <span class='ocrx_word' id='word_1_18' title='bbox 942 583 1105 676; x_wconf 83' lang='lat' dir='ltr'><strong>auspiciis</strong></span> <span class='ocrx_word' id='word_1_19' title='bbox 1124 585 1344 657; x_wconf 81' lang='lat' dir='ltr'>reformatam</span> 
     </span>
     <span class='ocr_line' id='line_1_4' title="bbox 274 705 1348 804; baseline -0.007 -22"><span class='ocrx_word' id='word_1_20' title='bbox 274 733 449 804; x_wconf 86' lang='lat' dir='ltr'>cuperem,</span> <span class='ocrx_word' id='word_1_21' title='bbox 481 709 609 802; x_wconf 90' lang='lat' dir='ltr'>quique</span> <span class='ocrx_word' id='word_1_22' title='bbox 642 708 735 802; x_wconf 86' lang='lat' dir='ltr'>viros</span> <span class='ocrx_word' id='word_1_23' title='bbox 768 708 874 777; x_wconf 83' lang='lat' dir='ltr'>fortes</span> <span class='ocrx_word' id='word_1_24' title='bbox 907 727 947 777; x_wconf 93' lang='lat' dir='ltr'>ac</span> <span class='ocrx_word' id='word_1_25' title='bbox 980 705 1149 776; x_wconf 87' lang='lat' dir='ltr'>virtutum</span> <span class='ocrx_word' id='word_1_26' title='bbox 1171 706 1348 799; x_wconf 83' lang='lat' dir='ltr'><strong>multiplici</strong></span> 
     </span>
     <span class='ocr_line' id='line_1_5' title="bbox 275 828 1346 926; baseline -0.005 -23"><span class='ocrx_word' id='word_1_27' title='bbox 275 831 456 926; x_wconf 85' lang='lat' dir='ltr'>splendore</span> <span class='ocrx_word' id='word_1_28' title='bbox 473 830 663 904; x_wconf 93' lang='lat' dir='ltr'>simillimos</span> <span class='ocrx_word' id='word_1_29' title='bbox 681 831 882 922; x_wconf 81' lang='lat' dir='ltr'>alloquerer,</span> <span class='ocrx_word' id='word_1_30' title='bbox 896 828 968 899; x_wconf 91' lang='lat' dir='ltr'>Nisi</span> <span class='ocrx_word' id='word_1_31' title='bbox 987 836 1022 899; x_wconf 92' lang='lat' dir='ltr'>et</span> <span class='ocrx_word' id='word_1_32' title='bbox 1039 829 1182 925; x_wconf 77' lang='lat' dir='ltr'>Euryali</span> <span class='ocrx_word' id='word_1_33' title='bbox 1202 828 1346 900; x_wconf 89' lang='lat' dir='ltr'>brevem</span> 
     </span>
     <span class='ocr_line' id='line_1_6' title="bbox 273 951 1349 1048; baseline -0.007 -22"><span class='ocrx_word' id='word_1_34' title='bbox 273 959 444 1048; x_wconf 81' lang='lat' dir='ltr'>longeque</span> <span class='ocrx_word' id='word_1_35' title='bbox 463 955 628 1048; x_wconf 89' lang='lat' dir='ltr'>imparem</span> <span class='ocrx_word' id='word_1_36' title='bbox 662 962 766 1045; x_wconf 91' lang='lat' dir='ltr'>atque</span> <span class='ocrx_word' id='word_1_37' title='bbox 798 951 1017 1034; x_wconf 88' lang='lat' dir='ltr'>dissimilem,</span> <span class='ocrx_word' id='word_1_38' title='bbox 1040 973 1119 1022; x_wconf 91' lang='lat' dir='ltr'>curn</span> <span class='ocrx_word' id='word_1_39' title='bbox 1140 973 1228 1043; x_wconf 90' lang='lat' dir='ltr'>puer</span> <span class='ocrx_word' id='word_1_40' title='bbox 1253 959 1349 1022; x_wconf 90' lang='lat' dir='ltr'>esset</span> 
     </span>
     <span class='ocr_line' id='line_1_7' title="bbox 273 1053 1411 1172; baseline -0.006 -24"><span class='ocrx_word' id='word_1_41' title='bbox 273 1079 458 1172; x_wconf 73' lang='lat' dir='ltr'>Euryalus</span> <span class='ocrx_word' id='word_1_42' title='bbox 479 1076 523 1148; x_wconf 92' lang='lat' dir='ltr'>ad</span> <span class='ocrx_word' id='word_1_43' title='bbox 548 1077 625 1147; x_wconf 79' lang='lat' dir='ltr'>baec</span> <span class='ocrx_word' id='word_1_44' title='bbox 645 1084 680 1147; x_wconf 92' lang='lat' dir='ltr'>et</span> <span class='ocrx_word' id='word_1_45' title='bbox 704 1075 848 1146; x_wconf 85' lang='lat' dir='ltr'>infelicis</span> <span class='ocrx_word' id='word_1_46' title='bbox 868 1073 984 1145; x_wconf 90' lang='lat' dir='ltr'>exitus</span> <span class='ocrx_word' id='word_1_47' title='bbox 1005 1073 1199 1157; x_wconf 85' lang='lat' dir='ltr'><strong>amicitiam,</strong></span> <span class='ocrx_word' id='word_1_48' title='bbox 1215 1053 1348 1145; x_wconf 75' lang='lat' dir='ltr'>ceu⁸di·</span> <span class='ocrx_word' id='word_1_49' title='bbox 1406 1125 1411 1134; x_wconf 93' lang='lat'><em>.</em></span> 
     </span>
     <span class='ocr_line' id='line_1_8' title="bbox 274 1195 1347 1288; baseline -0.003 -19"><span class='ocrx_word' id='word_1_50' title='bbox 274 1223 351 1270; x_wconf 93' lang='lat' dir='ltr'>rum</span> <span class='ocrx_word' id='word_1_51' title='bbox 375 1221 478 1271; x_wconf 91' lang='lat' dir='ltr'>omen</span> <span class='ocrx_word' id='word_1_52' title='bbox 498 1199 676 1282; x_wconf 86' lang='lat' dir='ltr'>exhorrui,</span> <span class='ocrx_word' id='word_1_53' title='bbox 695 1221 760 1269; x_wconf 90' lang='lat' dir='ltr'>nec</span> <span class='ocrx_word' id='word_1_54' title='bbox 779 1195 980 1268; x_wconf 90' lang='lat' dir='ltr'>nominatim</span> <span class='ocrx_word' id='word_1_55' title='bbox 1002 1196 1133 1266; x_wconf 91' lang='lat' dir='ltr'>inserui</span> <span class='ocrx_word' id='word_1_56' title='bbox 1152 1196 1282 1288; x_wconf 92' lang='lat' dir='ltr'>quibus</span> <span class='ocrx_word' id='word_1_57' title='bbox 1299 1198 1315 1266; x_wconf 86' lang='lat' dir='ltr'><strong>f</strong></span> <span class='ocrx_word' id='word_1_58' title='bbox 1331 1238 1347 1248; x_wconf 92' lang='lat'><em>-</em></span> 
     </span>
     <span class='ocr_line' id='line_1_9' title="bbox 273 1317 1346 1414; baseline -0.001 -23"><span class='ocrx_word' id='word_1_59' title='bbox 273 1321 323 1391; x_wconf 93' lang='lat' dir='ltr'>lix</span> <span class='ocrx_word' id='word_1_60' title='bbox 351 1323 572 1414; x_wconf 87' lang='lat' dir='ltr'>faustumque</span> <span class='ocrx_word' id='word_1_61' title='bbox 602 1321 685 1392; x_wconf 93' lang='lat' dir='ltr'>nihil</span> <span class='ocrx_word' id='word_1_62' title='bbox 718 1322 794 1404; x_wconf 90' lang='lat' dir='ltr'>luit,</span> <span class='ocrx_word' id='word_1_63' title='bbox 816 1321 883 1390; x_wconf 93' lang='lat' dir='ltr'>nisi</span> <span class='ocrx_word' id='word_1_64' title='bbox 903 1321 1055 1411; x_wconf 87' lang='lat' dir='ltr'>prolecto</span> <span class='ocrx_word' id='word_1_65' title='bbox 1074 1317 1250 1408; x_wconf 81' lang='lat' dir='ltr'>Virgilius.</span> <span class='ocrx_word' id='word_1_66' title='bbox 1277 1319 1346 1390; x_wconf 90' lang='lat' dir='ltr'>Nec</span> 
     </span>
     <span class='ocr_line' id='line_1_10' title="bbox 272 1440 1344 1534; baseline -0.005 -19"><span class='ocrx_word' id='word_1_67' title='bbox 272 1445 505 1515; x_wconf 85' lang='lat' dir='ltr'>Gracchorum</span> <span class='ocrx_word' id='word_1_68' title='bbox 526 1444 654 1534; x_wconf 85' lang='lat' dir='ltr'>calidas</span> <span class='ocrx_word' id='word_1_69' title='bbox 675 1443 841 1529; x_wconf 81' lang='lat' dir='ltr'><strong>amicitias</strong></span> <span class='ocrx_word' id='word_1_70' title='bbox 862 1441 996 1532; x_wconf 88' lang='lat' dir='ltr'>ignoro,</span> <span class='ocrx_word' id='word_1_71' title='bbox 1023 1451 1084 1510; x_wconf 91' lang='lat' dir='ltr'>aut</span> <span class='ocrx_word' id='word_1_72' title='bbox 1108 1440 1192 1533; x_wconf 94' lang='lat' dir='ltr'>quid</span> <span class='ocrx_word' id='word_1_73' title='bbox 1217 1441 1344 1512; x_wconf 90' lang='lat' dir='ltr'>Lucius</span> 
     </span>
     <span class='ocr_line' id='line_1_11' title="bbox 274 1551 1346 1659; baseline -0.002 -23"><span class='ocrx_word' id='word_1_74' title='bbox 274 1566 453 1658; x_wconf 86' lang='lat' dir='ltr'>Rheginus</span> <span class='ocrx_word' id='word_1_75' title='bbox 467 1566 603 1658; x_wconf 88' lang='lat' dir='ltr'>captivo</span> <span class='ocrx_word' id='word_1_76' title='bbox 617 1566 781 1659; x_wconf 75' lang='lat' dir='ltr'>Caepioni,</span> <span class='ocrx_word' id='word_1_77' title='bbox 794 1562 877 1658; x_wconf 93' lang='lat' dir='ltr'>quid</span> <span class='ocrx_word' id='word_1_78' title='bbox 890 1563 1043 1635; x_wconf 88' lang='lat' dir='ltr'>extincto</span> <span class='ocrx_word' id='word_1_79' title='bbox 1057 1551 1262 1635; x_wconf 81' lang='lat' dir='ltr'><strong>Volumnius</strong></span> <span class='ocrx_word' id='word_1_80' title='bbox 1279 1566 1346 1634; x_wconf 93' lang='lat' dir='ltr'>Lu-</span> 
     </span>
     <span class='ocr_line' id='line_1_12' title="bbox 274 1685 1397 1786; baseline -0.006 -28"><span class='ocrx_word' id='word_1_81' title='bbox 274 1690 364 1758; x_wconf 91' lang='lat' dir='ltr'>cullo</span> <span class='ocrx_word' id='word_1_82' title='bbox 390 1687 510 1759; x_wconf 87' lang='lat' dir='ltr'>fideles</span> <span class='ocrx_word' id='word_1_83' title='bbox 531 1687 712 1759; x_wconf 86' lang='lat' dir='ltr'>tribuerint</span> <span class='ocrx_word' id='word_1_84' title='bbox 734 1688 848 1771; x_wconf 90' lang='lat' dir='ltr'>amici;</span> <span class='ocrx_word' id='word_1_85' title='bbox 879 1711 1025 1782; x_wconf 93' lang='lat' dir='ltr'>quorum</span> <span class='ocrx_word' id='word_1_86' title='bbox 1054 1689 1141 1758; x_wconf 90' lang='lat' dir='ltr'>alter</span> <span class='ocrx_word' id='word_1_87' title='bbox 1160 1708 1222 1779; x_wconf 93' lang='lat' dir='ltr'>pro</span> <span class='ocrx_word' id='word_1_88' title='bbox 1245 1685 1344 1757; x_wconf 91' lang='lat' dir='ltr'>amici</span> <span class='ocrx_word' id='word_1_89' title='bbox 1391 1771 1397 1786; x_wconf 28' lang='grc' dir='ltr'>Ι</span> 
     </span>
     <span class='ocr_line' id='line_1_13' title="bbox 274 1807 1345 1900; baseline -0.002 -22"><span class='ocrx_word' id='word_1_90' title='bbox 274 1809 474 1880; x_wconf 89' lang='lat' dir='ltr'>liberatione</span> <span class='ocrx_word' id='word_1_91' title='bbox 502 1808 679 1900; x_wconf 82' lang='lat' dir='ltr'>dignitatis</span> <span class='ocrx_word' id='word_1_92' title='bbox 712 1810 933 1881; x_wconf 90' lang='lat' dir='ltr'>amissionem</span> <span class='ocrx_word' id='word_1_93' title='bbox 964 1809 1176 1900; x_wconf 90' lang='lat' dir='ltr'>exiliumque</span> <span class='ocrx_word' id='word_1_94' title='bbox 1206 1829 1275 1878; x_wconf 95' lang='lat' dir='ltr'>non</span> <span class='ocrx_word' id='word_1_95' title='bbox 1306 1807 1345 1876; x_wconf 92' lang='lat' dir='ltr'>ti-</span> 
     </span>
     <span class='ocr_line' id='line_1_14' title="bbox 274 1929 1344 2025; baseline -0.004 -23"><span class='ocrx_word' id='word_1_96' title='bbox 274 1933 377 2016; x_wconf 89' lang='lat' dir='ltr'>muit;</span> <span class='ocrx_word' id='word_1_97' title='bbox 402 1934 488 2004; x_wconf 90' lang='lat' dir='ltr'>alter</span> <span class='ocrx_word' id='word_1_98' title='bbox 519 1931 601 2002; x_wconf 93' lang='lat' dir='ltr'>nihil</span> <span class='ocrx_word' id='word_1_99' title='bbox 630 1931 741 2004; x_wconf 90' lang='lat' dir='ltr'>amico</span> <span class='ocrx_word' id='word_1_100' title='bbox 759 1935 975 2025; x_wconf 80' lang='lat' dir='ltr'>profuturam</span> <span class='ocrx_word' id='word_1_101' title='bbox 997 1941 1143 2002; x_wconf 90' lang='lat' dir='ltr'>mortem</span> <span class='ocrx_word' id='word_1_102' title='bbox 1159 1929 1344 2002; x_wconf 89' lang='lat' dir='ltr'>miserabili</span> 
     </span>
     <span class='ocr_line' id='line_1_15' title="bbox 274 2053 1344 2152; baseline -0.002 -28"><span class='ocrx_word' id='word_1_103' title='bbox 274 2053 427 2146; x_wconf 89' lang='lat' dir='ltr'>quidem,</span> <span class='ocrx_word' id='word_1_104' title='bbox 448 2053 510 2126; x_wconf 89' lang='lat' dir='ltr'>sed</span> <span class='ocrx_word' id='word_1_105' title='bbox 530 2055 773 2128; x_wconf 87' lang='lat' dir='ltr'>ardentissima</span> <span class='ocrx_word' id='word_1_106' title='bbox 794 2054 862 2128; x_wconf 89' lang='lat' dir='ltr'>lide</span> <span class='ocrx_word' id='word_1_107' title='bbox 879 2059 1082 2152; x_wconf 89' lang='lat' dir='ltr'>complexus</span> <span class='ocrx_word' id='word_1_108' title='bbox 1099 2063 1168 2138; x_wconf 91' lang='lat' dir='ltr'>est,</span> <span class='ocrx_word' id='word_1_109' title='bbox 1184 2063 1223 2124; x_wconf 93' lang='lat' dir='ltr'>ut</span> <span class='ocrx_word' id='word_1_110' title='bbox 1240 2074 1344 2147; x_wconf 90' lang='lat' dir='ltr'>quem</span> 
     </span>
     <span class='ocr_line' id='line_1_16' title="bbox 272 2175 1345 2271; baseline -0.002 -23"><span class='ocrx_word' id='word_1_111' title='bbox 272 2175 374 2248; x_wconf 87' lang='lat' dir='ltr'>valde</span> <span class='ocrx_word' id='word_1_112' title='bbox 394 2177 577 2262; x_wconf 83' lang='lat' dir='ltr'>dilexerat,</span> <span class='ocrx_word' id='word_1_113' title='bbox 600 2179 644 2250; x_wconf 90' lang='lat' dir='ltr'>ad</span> <span class='ocrx_word' id='word_1_114' title='bbox 669 2178 796 2252; x_wconf 88' lang='lat' dir='ltr'>inleros</span> <span class='ocrx_word' id='word_1_115' title='bbox 819 2189 1031 2271; x_wconf 89' lang='lat' dir='ltr'>sequeretur.</span> <span class='ocrx_word' id='word_1_116' title='bbox 1054 2177 1131 2249; x_wconf 92' lang='lat' dir='ltr'>Scio</span> <span class='ocrx_word' id='word_1_117' title='bbox 1150 2177 1263 2269; x_wconf 92' lang='lat' dir='ltr'>qualis</span> <span class='ocrx_word' id='word_1_118' title='bbox 1280 2177 1345 2246; x_wconf 93' lang='lat' dir='ltr'>Pu-</span> 
     </span>
     <span class='ocr_line' id='line_1_17' title="bbox 271 2299 1343 2394; baseline 0 -24"><span class='ocrx_word' id='word_1_119' title='bbox 271 2299 342 2372; x_wconf 95' lang='lat' dir='ltr'>blio</span> <span class='ocrx_word' id='word_1_120' title='bbox 356 2301 460 2372; x_wconf 78' lang='lat' dir='ltr'>Caelio</span> <span class='ocrx_word' id='word_1_121' title='bbox 472 2301 664 2386; x_wconf 89' lang='lat' dir='ltr'>Petronius,</span> <span class='ocrx_word' id='word_1_122' title='bbox 684 2303 796 2394; x_wconf 90' lang='lat' dir='ltr'>qualis</span> <span class='ocrx_word' id='word_1_123' title='bbox 808 2303 847 2372; x_wconf 88' lang='lat' dir='ltr'>D.</span> <span class='ocrx_word' id='word_1_124' title='bbox 861 2301 968 2372; x_wconf 91' lang='lat' dir='ltr'>Bruto</span> <span class='ocrx_word' id='word_1_125' title='bbox 985 2299 1128 2371; x_wconf 68' lang='lat' dir='ltr'>Seruius</span> <span class='ocrx_word' id='word_1_126' title='bbox 1146 2299 1343 2382; x_wconf 63' lang='lat' dir='ltr'>Terentium</span> 
     </span>
    </p>
   </div>
   <div class='ocr_carea' id='block_1_3' title="bbox 218 2421 1344 2985">
    <p class='ocr_par' dir='ltr' id='par_1_3' title="bbox 218 2421 1344 2985">
     <span class='ocr_line' id='line_1_18' title="bbox 273 2421 1343 2520; baseline -0.005 -23"><span class='ocrx_word' id='word_1_127' title='bbox 273 2424 335 2497; x_wconf 90' lang='lat' dir='ltr'>sed</span> <span class='ocrx_word' id='word_1_128' title='bbox 351 2425 386 2494; x_wconf 95' lang='lat' dir='ltr'>in</span> <span class='ocrx_word' id='word_1_129' title='bbox 403 2425 444 2496; x_wconf 92' lang='lat' dir='ltr'>iis</span> <span class='ocrx_word' id='word_1_130' title='bbox 458 2425 615 2498; x_wconf 90' lang='lat' dir='ltr'>amicitiis</span> <span class='ocrx_word' id='word_1_131' title='bbox 629 2437 689 2496; x_wconf 90' lang='lat' dir='ltr'>aut</span> <span class='ocrx_word' id='word_1_132' title='bbox 707 2427 849 2520; x_wconf 88' lang='lat' dir='ltr'>praelata</span> <span class='ocrx_word' id='word_1_133' title='bbox 866 2424 1013 2518; x_wconf 82' lang='lat' dir='ltr'>publicae</span> <span class='ocrx_word' id='word_1_134' title='bbox 1028 2421 1166 2518; x_wconf 88' lang='lat' dir='ltr'>privata</span> <span class='ocrx_word' id='word_1_135' title='bbox 1177 2422 1343 2507; x_wconf 77' lang='lat' dir='ltr'>charitaS,</span> 
     </span>
     <span class='ocr_line' id='line_1_19' title="bbox 271 2546 1344 2638; baseline -0.002 -20"><span class='ocrx_word' id='word_1_136' title='bbox 271 2558 331 2618; x_wconf 88' lang='lat' dir='ltr'>aut</span> <span class='ocrx_word' id='word_1_137' title='bbox 350 2548 478 2619; x_wconf 89' lang='lat' dir='ltr'>eximia</span> <span class='ocrx_word' id='word_1_138' title='bbox 495 2547 582 2620; x_wconf 81' lang='lat' dir='ltr'>tides</span> <span class='ocrx_word' id='word_1_139' title='bbox 604 2547 707 2618; x_wconf 88' lang='lat' dir='ltr'>linem</span> <span class='ocrx_word' id='word_1_140' title='bbox 729 2557 893 2620; x_wconf 89' lang='lat' dir='ltr'>moestum</span> <span class='ocrx_word' id='word_1_141' title='bbox 919 2546 1243 2638; x_wconf 88' lang='lat' dir='ltr'>inominabilemque</span> <span class='ocrx_word' id='word_1_142' title='bbox 1270 2567 1344 2618; x_wconf 90' lang='lat' dir='ltr'>sor-</span> 
     </span>
     <span class='ocr_line' id='line_1_20' title="bbox 271 2667 1343 2764; baseline 0 -26"><span class='ocrx_word' id='word_1_143' title='bbox 271 2667 332 2739; x_wconf 93' lang='lat' dir='ltr'>tita</span> <span class='ocrx_word' id='word_1_144' title='bbox 358 2668 422 2739; x_wconf 87' lang='lat' dir='ltr'>est.</span> <span class='ocrx_word' id='word_1_145' title='bbox 449 2669 535 2740; x_wconf 90' lang='lat' dir='ltr'>Nam</span> <span class='ocrx_word' id='word_1_146' title='bbox 562 2679 596 2738; x_wconf 91' lang='lat' dir='ltr'>et</span> <span class='ocrx_word' id='word_1_147' title='bbox 622 2669 844 2764; x_wconf 74' lang='lat' dir='ltr'>Hephaestion</span> <span class='ocrx_word' id='word_1_148' title='bbox 865 2667 1068 2753; x_wconf 83' lang='lat' dir='ltr'>Alexandri,</span> <span class='ocrx_word' id='word_1_149' title='bbox 1091 2678 1343 2762; x_wconf 83' lang='lat' dir='ltr'>praeterquam</span> 
     </span>
     <span class='ocr_line' id='line_1_21' title="bbox 218 2783 1344 2884; baseline 0 -24"><span class='ocrx_word' id='word_1_150' title='bbox 218 2783 222 2787; x_wconf 38' lang='lat'>⁸</span> <span class='ocrx_word' id='word_1_151' title='bbox 271 2788 363 2883; x_wconf 92' lang='lat' dir='ltr'>quod</span> <span class='ocrx_word' id='word_1_152' title='bbox 377 2789 478 2861; x_wconf 92' lang='lat' dir='ltr'>nimis</span> <span class='ocrx_word' id='word_1_153' title='bbox 495 2791 661 2884; x_wconf 90' lang='lat' dir='ltr'>imparem</span> <span class='ocrx_word' id='word_1_154' title='bbox 678 2802 799 2860; x_wconf 86' lang='lat' dir='ltr'>nactus</span> <span class='ocrx_word' id='word_1_155' title='bbox 818 2789 956 2862; x_wconf 90' lang='lat' dir='ltr'>videtur</span> <span class='ocrx_word' id='word_1_156' title='bbox 973 2790 1168 2874; x_wconf 88' lang='lat' dir='ltr'>amicitiam,</span> <span class='ocrx_word' id='word_1_157' title='bbox 1183 2788 1219 2860; x_wconf 96' lang='lat' dir='ltr'>in</span> <span class='ocrx_word' id='word_1_158' title='bbox 1233 2790 1344 2860; x_wconf 90' lang='lat' dir='ltr'>homi·</span> 
     </span>
     <span class='ocr_line' id='line_1_22' title="bbox 269 2911 1344 2985; baseline 0.003 -4"><span class='ocrx_word' id='word_1_159' title='bbox 269 2935 347 2983; x_wconf 88' lang='lat' dir='ltr'>nem</span> <span class='ocrx_word' id='word_1_160' title='bbox 365 2911 532 2983; x_wconf 88' lang='lat' dir='ltr'>inciderat</span> <span class='ocrx_word' id='word_1_161' title='bbox 557 2912 591 2982; x_wconf 92' lang='lat' dir='ltr'>in</span> <span class='ocrx_word' id='word_1_162' title='bbox 615 2914 713 2983; x_wconf 89' lang='lat' dir='ltr'>cuius</span> <span class='ocrx_word' id='word_1_163' title='bbox 734 2912 888 2984; x_wconf 92' lang='lat' dir='ltr'>moribus</span> <span class='ocrx_word' id='word_1_164' title='bbox 919 2935 988 2984; x_wconf 94' lang='lat' dir='ltr'>non</span> <span class='ocrx_word' id='word_1_165' title='bbox 1013 2913 1110 2985; x_wconf 86' lang='lat' dir='ltr'>facile</span> <span class='ocrx_word' id='word_1_166' title='bbox 1136 2911 1344 2985; x_wconf 84' lang='lat' dir='ltr'>consisteret</span> 
     </span>
    </p>
   </div>
   <div class='ocr_carea' id='block_1_4' title="bbox 178 3033 1343 3846">
    <p class='ocr_par' dir='ltr' id='par_1_4' title="bbox 178 3033 1343 3846">
     <span class='ocr_line' id='line_1_23' title="bbox 269 3033 1343 3128; baseline 0.002 -26"><span class='ocrx_word' id='word_1_167' title='bbox 269 3033 427 3104; x_wconf 84' lang='lat' dir='ltr'>amicitiae</span> <span class='ocrx_word' id='word_1_168' title='bbox 455 3034 736 3118; x_wconf 85' lang='lat' dir='ltr'>fundamentum,</span> <span class='ocrx_word' id='word_1_169' title='bbox 768 3043 803 3106; x_wconf 92' lang='lat' dir='ltr'>et</span> <span class='ocrx_word' id='word_1_170' title='bbox 828 3034 970 3107; x_wconf 83' lang='lat' dir='ltr'>Achillis</span> <span class='ocrx_word' id='word_1_171' title='bbox 999 3037 1116 3108; x_wconf 88' lang='lat' dir='ltr'>nescio</span> <span class='ocrx_word' id='word_1_172' title='bbox 1145 3036 1231 3128; x_wconf 93' lang='lat' dir='ltr'>quid</span> <span class='ocrx_word' id='word_1_173' title='bbox 1258 3037 1343 3108; x_wconf 88' lang='lat' dir='ltr'>ami-</span> 
     </span>
     <span class='ocr_line' id='line_1_24' title="bbox 268 3155 1342 3252; baseline 0.004 -26"><span class='ocrx_word' id='word_1_174' title='bbox 268 3155 358 3226; x_wconf 86' lang='lat' dir='ltr'>citiae</span> <span class='ocrx_word' id='word_1_175' title='bbox 393 3157 526 3228; x_wconf 85' lang='lat' dir='ltr'>fuscum</span> <span class='ocrx_word' id='word_1_176' title='bbox 558 3158 658 3228; x_wconf 88' lang='lat' dir='ltr'>inest.</span> <span class='ocrx_word' id='word_1_177' title='bbox 691 3160 773 3230; x_wconf 84' lang='lat' dir='ltr'>Haec</span> <span class='ocrx_word' id='word_1_178' title='bbox 807 3160 990 3244; x_wconf 85' lang='lat' dir='ltr'>hactenus,</span> <span class='ocrx_word' id='word_1_179' title='bbox 1030 3159 1060 3230; x_wconf 92' lang='lat' dir='ltr'>si</span> <span class='ocrx_word' id='word_1_180' title='bbox 1103 3159 1186 3252; x_wconf 93' lang='lat' dir='ltr'>quid</span> <span class='ocrx_word' id='word_1_181' title='bbox 1226 3161 1342 3230; x_wconf 85' lang='lat' dir='ltr'>forsan</span> 
     </span>
     <span class='ocr_line' id='line_1_25' title="bbox 270 3277 1342 3366; baseline 0.005 -18"><span class='ocrx_word' id='word_1_182' title='bbox 270 3277 505 3350; x_wconf 90' lang='lat' dir='ltr'>admirationis</span> <span class='ocrx_word' id='word_1_183' title='bbox 522 3279 641 3366; x_wconf 89' lang='lat' dir='ltr'>inerat,</span> <span class='ocrx_word' id='word_1_184' title='bbox 658 3280 751 3354; x_wconf 89' lang='lat' dir='ltr'>dicta</span> <span class='ocrx_word' id='word_1_185' title='bbox 768 3282 847 3354; x_wconf 89' lang='lat' dir='ltr'>sint.</span> <span class='ocrx_word' id='word_1_186' title='bbox 870 3283 957 3355; x_wconf 92' lang='lat' dir='ltr'>Illud</span> <span class='ocrx_word' id='word_1_187' title='bbox 975 3281 1066 3353; x_wconf 90' lang='lat' dir='ltr'>enim</span> <span class='ocrx_word' id='word_1_188' title='bbox 1084 3281 1342 3353; x_wconf 90' lang='lat' dir='ltr'>macedonicum</span> 
     </span>
     <span class='ocr_line' id='line_1_26' title="bbox 268 3401 1340 3496; baseline 0.002 -24"><span class='ocrx_word' id='word_1_189' title='bbox 268 3423 332 3492; x_wconf 88' lang='lat' dir='ltr'>par</span> <span class='ocrx_word' id='word_1_190' title='bbox 350 3424 371 3472; x_wconf 91' lang='lat' dir='ltr'>a</span> <span class='ocrx_word' id='word_1_191' title='bbox 390 3401 526 3495; x_wconf 87' lang='lat' dir='ltr'>plebeio</span> <span class='ocrx_word' id='word_1_192' title='bbox 546 3412 647 3496; x_wconf 88' lang='lat' dir='ltr'>poeta</span> <span class='ocrx_word' id='word_1_193' title='bbox 667 3405 878 3478; x_wconf 88' lang='lat' dir='ltr'>celebratum</span> <span class='ocrx_word' id='word_1_194' title='bbox 900 3405 934 3476; x_wconf 95' lang='lat' dir='ltr'>in</span> <span class='ocrx_word' id='word_1_195' title='bbox 955 3414 1049 3483; x_wconf 87' lang='lat' dir='ltr'>tanta</span> <span class='ocrx_word' id='word_1_196' title='bbox 1070 3407 1147 3476; x_wconf 87' lang='lat' dir='ltr'>lucc</span> <span class='ocrx_word' id='word_1_197' title='bbox 1167 3413 1340 3488; x_wconf 87' lang='lat' dir='ltr'>veterum,</span> 
     </span>
     <span class='ocr_line' id='line_1_27' title="bbox 268 3525 1343 3620; baseline 0.001 -26"><span class='ocrx_word' id='word_1_198' title='bbox 268 3546 333 3595; x_wconf 90' lang='lat' dir='ltr'>nec</span> <span class='ocrx_word' id='word_1_199' title='bbox 352 3525 490 3596; x_wconf 92' lang='lat' dir='ltr'>nomine</span> <span class='ocrx_word' id='word_1_200' title='bbox 509 3526 653 3617; x_wconf 90' lang='lat' dir='ltr'>dignum</span> <span class='ocrx_word' id='word_1_201' title='bbox 672 3548 764 3611; x_wconf 89' lang='lat' dir='ltr'>reor,</span> <span class='ocrx_word' id='word_1_202' title='bbox 787 3527 926 3620; x_wconf 89' lang='lat' dir='ltr'>quando</span> <span class='ocrx_word' id='word_1_203' title='bbox 946 3549 1067 3598; x_wconf 90' lang='lat' dir='ltr'>omnes</span> <span class='ocrx_word' id='word_1_204' title='bbox 1086 3527 1153 3598; x_wconf 92' lang='lat' dir='ltr'>iam</span> <span class='ocrx_word' id='word_1_205' title='bbox 1171 3527 1231 3620; x_wconf 93' lang='lat' dir='ltr'>qui</span> <span class='ocrx_word' id='word_1_206' title='bbox 1251 3526 1343 3596; x_wconf 86' lang='lat' dir='ltr'>iner-</span> 
     </span>
     <span class='ocr_line' id='line_1_28' title="bbox 178 3649 1342 3742; baseline 0.003 -26"><span class='ocrx_word' id='word_1_207' title='bbox 178 3670 180 3674; x_wconf 89' lang='lat'>·</span> <span class='ocrx_word' id='word_1_208' title='bbox 268 3658 337 3718; x_wconf 93' lang='lat' dir='ltr'>tem</span> <span class='ocrx_word' id='word_1_209' title='bbox 354 3651 522 3720; x_wconf 90' lang='lat' dir='ltr'>calamum</span> <span class='ocrx_word' id='word_1_210' title='bbox 542 3650 646 3722; x_wconf 89' lang='lat' dir='ltr'>luscis</span> <span class='ocrx_word' id='word_1_211' title='bbox 664 3651 800 3742; x_wconf 80' lang='lat' dir='ltr'>agimus</span> <span class='ocrx_word' id='word_1_212' title='bbox 819 3649 1044 3734; x_wconf 89' lang='lat' dir='ltr'>membranis,</span> <span class='ocrx_word' id='word_1_213' title='bbox 1064 3673 1133 3722; x_wconf 88' lang='lat' dir='ltr'>non</span> <span class='ocrx_word' id='word_1_214' title='bbox 1151 3649 1342 3722; x_wconf 85' lang='lat' dir='ltr'>imitatores</span> 
     </span>
     <span class='ocr_line' id='line_1_29' title="bbox 270 3771 893 3846; baseline 0 -4"><span class='ocrx_word' id='word_1_215' title='bbox 270 3771 333 3842; x_wconf 89' lang='lat' dir='ltr'>sed</span> <span class='ocrx_word' id='word_1_216' title='bbox 353 3773 462 3843; x_wconf 86' lang='lat' dir='ltr'>simiae</span> <span class='ocrx_word' id='word_1_217' title='bbox 478 3773 556 3843; x_wconf 85' lang='lat' dir='ltr'>facti</span> <span class='ocrx_word' id='word_1_218' title='bbox 579 3777 711 3846; x_wconf 88' lang='lat' dir='ltr'>sumus.</span> <span class='ocrx_word' id='word_1_219' title='bbox 735 3775 784 3844; x_wconf 82' lang='lat' dir='ltr'>Tu</span> <span class='ocrx_word' id='word_1_220' title='bbox 805 3775 893 3844; x_wconf 90' lang='lat' dir='ltr'>vale.</span> 
     </span>
    </p>
   </div>
   <div class='ocr_carea' id='block_1_5' title="bbox 409 3915 1118 3993">
    <p class='ocr_par' dir='ltr' id='par_1_5' title="bbox 409 3915 1118 3993">
     <span class='ocr_line' id='line_1_30' title="bbox 409 3915 1118 3993; baseline 0.007 -24"><span class='ocrx_word' id='word_1_221' title='bbox 409 3915 452 3970; x_wconf 82' lang='lat' dir='ltr'>nd</span> <span class='ocrx_word' id='word_1_222' title='bbox 465 3916 569 3972; x_wconf 86' lang='lat' dir='ltr'>sontem</span> <span class='ocrx_word' id='word_1_223' title='bbox 583 3919 685 3991; x_wconf 81' lang='lat' dir='ltr'>Sorgiae</span> <span class='ocrx_word' id='word_1_224' title='bbox 698 3919 771 3974; x_wconf 87' lang='lat' dir='ltr'>Vlll.</span> <span class='ocrx_word' id='word_1_225' title='bbox 789 3919 927 3976; x_wconf 86' lang='lat' dir='ltr'>Kalendas</span> <span class='ocrx_word' id='word_1_226' title='bbox 940 3920 1118 3993; x_wconf 82' lang='lat' dir='ltr'>Septembris.</span> 
     </span>
    </p>
   </div>
   <div class='ocr_carea' id='block_1_6' title="bbox 0 0 1484 4804">
    <p class='ocr_par' dir='ltr' id='par_1_6' title="bbox 0 0 1484 4804">
     <span class='ocr_line' id='line_1_31' title="bbox 0 0 1484 4804; baseline 0 3"><span class='ocrx_word' id='word_1_227' title='bbox 0 0 1484 4804; x_wconf 95' lang='lat' dir='ltr'> </span> 
     </span>
    </p>
   </div>
  </div>
 </body>
</html>
