3024 4802
277 366 335 428 526
612 376 653 423 nn
675 373 776 423 nunus
798 374 1021 424 rnnnmnmus

276 523 485 606 gentemque
505 510 570 604 piis
589 511 678 582 colla
706 509 963 603 complexibus,
992 511 1048 581 ille
1072 510 1166 584 bunc
1185 514 1293 584 coluit
1320 526 1359 586 ιιι

275 646 466 730 parentem.
481 633 571 718 Quid
584 635 715 704 multa?
728 635 856 704 Omnes
869 633 976 704 buius
989 632 1070 705 fidei
1086 635 1295 707 unanimiter
1307 635 1359 707 in-

277 758 502 831 cumbebant:
518 756 645 848 singuli
658 756 815 827 certatim
828 754 922 827 hunc
935 755 1113 827 amabant:
1127 756 1184 829 bic
1196 758 1358 830 omnibus

276 880 550 974 obsequebatur:
572 881 727 950 omnium
744 888 846 950 norat
865 900 1047 950 arcanum:
1065 901 1145 950 cum
1164 878 1232 952 illis
1248 880 1360 952 inian-

169 1038 171 1042 ·
277 1005 370 1087 tiam,
384 1025 464 1073 cum
477 1003 545 1074 illis
559 1001 742 1097 pueritiam
757 1009 862 1094 atque
875 999 1144 1073 adolescentiam
1160 1021 1260 1073 suam
1275 1003 1358 1094 egit,

276 1149 356 1199 cum
368 1127 502 1198 eisdem
516 1126 669 1197 iuventae
687 1123 825 1206 florem,
840 1146 919 1195 cum
936 1122 1065 1217 quibus
1083 1145 1269 1196 senescere
1285 1137 1359 1197 tan-

277 1252 356 1323 dem
379 1248 538 1342 merique
559 1249 781 1332 decreveram
801 1247 1027 1339 fecissetque,
1046 1245 1115 1318 nisi
1130 1247 1360 1320 clarissimam

276 1385 311 1445 et
334 1371 598 1444 devotissimam
619 1369 681 1441 tibi
700 1370 844 1464 stirpem
860 1370 1021 1442 festinata
1044 1391 1140 1442 mors
1160 1380 1269 1442 totam
1289 1370 1359 1444 beu

276 1495 376 1567 brevi
393 1507 547 1588 tempore
567 1494 754 1588 rapuisset.
776 1495 856 1564 Illos
877 1514 998 1564 omnes
1012 1494 1087 1586 qui,
1101 1493 1184 1566 dum
1203 1493 1359 1566 interris

276 1626 434 1710 agerent,
450 1617 500 1687 tui
521 1625 621 1688 erant
641 1627 676 1687 et
695 1639 788 1687 nunc
807 1637 878 1686 non
899 1616 1030 1699 minus,
1046 1625 1085 1687 ιιι
1101 1637 1269 1707 auguror,
1284 1614 1360 1687 ubi-

276 1763 426 1833 cumque
445 1738 603 1810 babitent
623 1739 672 1808 tui
694 1748 787 1821 sunt,
804 1738 935 1830 tibique
953 1739 1085 1811 felicem
1103 1759 1145 1811 ac
1162 1741 1358 1830 longaevam

275 1861 383 1932 vitam
409 1870 445 1931 et
467 1859 579 1930 votivi
599 1858 732 1953 imperii
760 1880 964 1931 successum
985 1869 1123 1952 rogant,
1146 1868 1226 1931 ante
1251 1859 1360 1952 pedes

277 1994 355 2056 tuos
371 1983 578 2056 convenisse
598 1981 726 2074 cogita,
747 1990 851 2074 teque
871 2005 998 2076 magna
1019 1983 1146 2055 fiducia
1167 1984 1302 2079 precari
1322 1993 1361 2055 ut

276 2106 452 2177 bominem
473 2107 579 2190 bunc,
594 2105 655 2197 qui
676 2127 762 2177 suus
784 2105 887 2176 fuerit
906 2101 1003 2177 tuum
1024 2106 1124 2178 velis.
1146 2105 1245 2178 Adde
1265 2107 1361 2198 quod

276 2241 310 2301 et
327 2232 483 2300 Romano
497 2226 659 2299 Pontifici
678 2227 855 2312 Clementi,
877 2228 989 2321 quite
1009 2239 1088 2300 ante
1109 2231 1196 2300 alios
1214 2238 1360 2325 paterne

275 2363 311 2424 et
323 2375 425 2445 quem
444 2363 482 2423 tu
500 2351 648 2423 filialiter
664 2351 833 2434 dilexisti,
852 2350 911 2422 bic
930 2351 1144 2423 familiariter
1161 2375 1266 2424 carus
1286 2353 1357 2436 fuit,

275 2485 311 2546 et
329 2475 541 2546 Francorum
573 2473 648 2565 regi
673 2496 778 2566 quem
806 2472 960 2544 vicissim
987 2471 1048 2544 tibi
1079 2475 1224 2567 sanguis
1245 2496 1360 2547 amor-

273 2620 342 2691 que
359 2596 568 2682 conciliavit,
592 2607 627 2667 et
646 2596 829 2668 Portuensi
850 2596 1023 2690 Episcopo
1043 2597 1102 2689 qui
1125 2598 1265 2688 generis
1286 2597 1360 2668 ani-

275 2724 392 2815 mique
412 2717 606 2811 fulgoribus
628 2721 794 2790 Rcmanae
814 2719 988 2791 cardinem
1007 2718 1157 2792 illustrat
1178 2719 1357 2805 Ecclesiae,

274 2866 451 2936 quemque
466 2841 660 2914 sacerdotio
669 2852 812 2936 patrem,
829 2841 1002 2914 suavitate
1014 2863 1221 2932 germanum
1234 2842 1356 2927 babes,

276 2989 376 3058 aeque
408 2965 620 3035 familiariter
649 2985 752 3035 carus
778 2973 843 3036 est.
869 2965 956 3048 Quis
982 2985 1068 3036 vero
1088 2988 1181 3038 nunc
1199 2966 1290 3037 inter
1309 2977 1360 3037 tot

278 3099 348 3156 tam
375 3085 506 3175 fulgida
537 3086 677 3156 nomina
697 3085 827 3156 nomini
847 3088 945 3158 locus
967 3096 1023 3158 est
1041 3091 1144 3160 meo?
1164 3088 1208 3158 llt
1228 3097 1356 3172 tamen,

274 3208 356 3278 vide
373 3216 540 3300 quantum
567 3206 706 3279 fiduciae
727 3207 816 3280 fides
838 3209 940 3303 parit,
963 3210 1098 3283 audebo
1119 3233 1175 3283 mc
1195 3220 1357 3287 noctuam

277 3329 417 3422 aquilis,
445 3332 572 3423 talpam
603 3331 763 3427 lyncibus
785 3331 946 3416 miscere,
973 3343 1009 3403 et
1033 3333 1165 3406 affusus
1187 3355 1300 3416 orare,
1322 3341 1360 3405 ut

276 3454 384 3540 bunc,
407 3476 511 3547 quem
529 3463 564 3525 et
579 3453 693 3525 virtus
714 3454 853 3548 propria
864 3437 906 3526 'et
926 3465 1099 3528 tantorum
1117 3457 1243 3530 caritas
1264 3479 1360 3529 com-

277 3576 432 3654 mendat,
451 3585 570 3648 notum
591 3574 716 3671 primo,
739 3577 865 3649 deinde
886 3578 917 3650 si
936 3579 1135 3662 merebitur,
1158 3601 1276 3651 carum
1296 3581 1359 3653 ha-

278 3699 373 3773 beas.
390 3700 524 3772 Nomen
545 3701 622 3772 viro
645 3700 788 3784 Laelius
811 3701 871 3793 qui
891 3700 984 3793 apud
1004 3711 1222 3786 vetereS,·ut
1240 3702 1360 3774 Cicero

279 3824 340 3908 ait,
371 3833 408 3894 et
434 3823 573 3916 sapiens
598 3834 633 3895 et
657 3822 819 3894 amicitiae
849 3824 959 3916 gloria
991 3825 1167 3896 excellens
1196 3825 1270 3895 fuit.
1298 3823 1361 3894 Hic

277 3946 370 4036 apud
394 3967 458 4017 nos
483 3954 670 4038 utrumque
696 3947 907 4038 praeconium
933 3958 987 4018 est
1012 3947 1172 4043 adeptus.
1205 3948 1264 4017 llle
1286 3947 1360 4018 Sci-

278 4066 413 4156 pionem
436 4067 556 4140 babuit
572 4067 739 4141 amicum:
761 4091 828 4161 ego
848 4091 918 4141 non
938 4091 1014 4143 sum
1040 4070 1164 4164 Scipio,
1189 4070 1253 4142 sed
1273 4071 1361 4140 ami-

280 4203 341 4254 cus
368 4205 457 4269 sum,
479 4197 515 4258 et
542 4211 606 4281 pro
626 4193 738 4263 amico
763 4195 912 4285 supplex
932 4194 1025 4288 apud
1051 4192 1236 4294 Dominum
1252 4192 1360 4264 iuter·
