3002 4794
496 349 589 400 nlnan
611 350 724 400 nonus.
739 349 940 400 -nrrsronl
963 351 1003 398 m.
1226 341 1264 400 33

599 621 774 688 EPISTOLA
796 625 841 688 lX.

331 813 532 866 FlthGlSCUS
554 811 724 862 Pnuutucn
745 811 881 862 socium
903 812 962 861 SUO
984 812 1010 861 S.
1032 812 1060 863 P.
1083 815 1112 863 u.

286 1007 431 1062 Amicitias
443 1021 502 1062 esse
517 1005 775 1075 communicandas,
791 1023 910 1078 quarum
924 1009 1046 1081 pretium
1061 1009 1156 1079 offert,

428 1091 496 1148 dum
510 1091 652 1148 Socratem
664 1093 694 1148 in
710 1094 793 1148 unius
807 1099 915 1166 partam
929 1101 1016 1152 vocat.

252 1340 356 1412 'Non
383 1361 460 1412 sum
488 1339 636 1421 amicus,
665 1339 731 1412 nisi
757 1342 1009 1437 pretiosissima
1034 1366 1185 1439 quaeque
1213 1353 1264 1416 te·

178 1485 256 1536 oum
292 1462 436 1555 partior.
462 1462 554 1533 Nihil
576 1471 694 1534 autem
719 1463 906 1558 pretiosius
932 1465 1053 1537 amico.
1083 1468 1158 1538 Non
1185 1491 1263 1540 sum

179 1583 311 1656 amicus
331 1605 429 1675 ergo,
456 1583 525 1654 nisi
545 1583 674 1676 partior
699 1585 859 1656 enricum.
886 1585 996 1658 Vetus
1018 1597 1075 1658 est
1092 1578 1262 1660 verbum:

179 1705 370 1776 amicorum
390 1705 590 1778 communia
602 1725 683 1777 esse
696 1705 822 1776 omnia.
842 1706 1016 1791 Quantula
1033 1716 1151 1780 autem
1166 1718 1261 1795 sunt,

179 1850 258 1922 quae
283 1828 448 1900 videntur
468 1827 636 1910 maxima,
664 1827 792 1920 quibus
819 1832 947 1922 vulgus
967 1829 1089 1914 inhiat,
1115 1853 1260 1915 aurum,

180 1959 376 2043 argentum,
403 1951 563 2035 monilia,
591 1951 698 2036 enuli,
726 1952 883 2038 armillae,
912 1951 1028 2044 signa,
1056 1962 1260 2038 toreumata,

181 2095 265 2145 vasa
282 2073 461 2158 corinthia,
476 2075 650 2165 fulgentes
669 2094 827 2164 gemmae,
848 2075 1109 2147 rotundissimae
1124 2098 1263 2167 marga·

180 2195 263 2280 ritae,
286 2215 440 2266 marmor
461 2194 612 2278 niveum,
635 2197 809 2286 sculptum
830 2196 930 2280 ebur,
952 2197 1048 2268 vivae
1068 2218 1109 2267 ac
1129 2196 1263 2288 spiran-

180 2326 232 2390 tes
268 2324 408 2403 statuae,
435 2316 613 2388 radiantes
637 2337 816 2411 purpurae,
843 2327 1039 2411 caeteraque
1065 2315 1100 2386 id
1131 2336 1259 2408 genus,

179 2441 252 2512 locx
273 2463 315 2512 ao
335 2447 569 2535 purgamenta
589 2449 773 2525 terrarum,
795 2443 853 2512 vel
869 2439 1135 2532 fuliginosorum
1153 2441 1262 2512 decus

179 2561 363 2633 artificum.
395 2560 541 2633 Amicus
568 2562 743 2652 singulare
768 2562 942 2655 quoddam
963 2570 999 2636 et
1018 2561 1262 2634 inaestimabile

178 2683 308 2756 honum
329 2693 398 2767 est,
419 2684 516 2779 quod
540 2707 609 2756 non
633 2686 747 2756 lerant
766 2686 874 2770 venti,
895 2707 964 2757 non
982 2697 1084 2757 urant
1109 2686 1259 2778 pruinae,

178 2829 247 2879 non
267 2809 429 2899 frangant
450 2808 626 2900 procellae,
651 2808 726 2892 sed,
748 2818 785 2881 ut
806 2832 929 2903 purum
951 2829 1088 2890 aurum,
1112 2806 1262 2877 llammae

177 2928 326 3021 probent
345 2930 630 3024 persecutionum
655 2951 697 3002 ao
722 2930 889 3003 lahorum.
911 2931 1046 3002 Bonum
1072 2927 1167 3020 quod
1191 2947 1274 2999 non·

178 3050 363 3145 superficie
381 3062 484 3125 tenus
501 3054 662 3139 delectet,
683 3063 721 3126 ut
738 3053 894 3148 plurima,
915 3052 978 3124 sed
999 3052 1034 3122 in
1054 3050 1169 3144 ipsum
1187 3049 1262 3120 ani-

178 3195 272 3245 mum
293 3172 476 3245 dulcedine
502 3196 567 3246 sua
587 3183 757 3268 penetret,
785 3187 820 3246 et
845 3175 996 3267 quodam
1022 3172 1126 3244 modo
1152 3171 1261 3244 nostri

177 3319 258 3392 pers
271 3296 342 3369 fiat.
356 3297 459 3382 Quod
475 3298 660 3372 intendens
674 3301 826 3384 Flaccus,
845 3299 971 3370 animae
986 3317 1061 3368 snae
1078 3295 1260 3368 dimidium

178 3420 358 3511 Virgilium
379 3421 479 3492 dixit.
498 3424 543 3494 Et
562 3423 657 3516 apud
676 3425 855 3494 Lucanum
875 3421 1019 3494 uxorius
1040 3421 1097 3492 ille
1115 3419 1191 3492 dux
1207 3418 1261 3490 di-

178 3541 299 3613 lectam
333 3541 515 3634 coniugem
541 3552 675 3638 portem
710 3545 765 3616 sui
798 3543 963 3638 optimam
990 3541 1165 3635 appellare
1190 3558 1259 3609 non

178 3664 330 3748 erubuit,
374 3664 441 3736 etsi
478 3667 615 3738 mollius
649 3669 798 3739 fortasse
831 3687 938 3759 quarn
972 3670 1105 3734 tantum
1143 3658 1260 3732 decuit

178 3786 304 3858 virum.

272 3907 327 3982 nd
345 3909 495 3982 amicum
515 3911 758 3995 rede0„cuius
778 3910 807 3980 si
825 3907 917 3980 idem
934 3908 1026 3977 velle
1043 3911 1147 3998 atquo
1168 3904 1256 3976 idem

177 4030 266 4100 nolle
287 4031 485 4124 requiritur,
506 4044 546 4105 ut
561 4033 605 4104 sit
621 4032 783 4105 amicitiae
805 4051 928 4132 verum
947 4049 1082 4112 nomen,
1100 4027 1180 4121 quis
1193 4027 1260 4099 du-

178 4149 262 4224 bitet
281 4175 302 4224 e
323 4154 460 4226 duobus
480 4178 585 4226 unum
605 4154 695 4240 fieri,
717 4161 811 4228 tanta
830 4150 1013 4224 concordia
1026 4152 1257 4238 voluntatum,

301 4285 326 4322 u.
1089 4271 1104 4319 3
