3062 4798
266 327 324 386 t58
605 335 645 380 ou
668 333 768 382 nunus
790 333 1014 383 rnuttrtmuus

244 461 246 465 ’
267 473 458 566 pendentes
484 473 519 540 in
545 469 708 563 praescuti
735 491 853 542 rerum
884 489 1040 541 mearum
1065 467 1266 543 difficultate
1292 493 1356 542 re·

267 615 435 689 sponsum
457 594 512 666 sit.
536 594 649 665 Unum
670 593 773 664 valde
795 614 850 666 mc
870 603 1083 686 praegravat,
1105 614 1150 664 ne
1175 593 1212 662 in
1238 604 1353 666 totum

266 718 370 787 velim
390 715 485 808 quod
505 739 553 787 ex
573 729 671 810 parte
688 715 780 797 volo,
799 724 834 784 et
853 719 953 807 plene
972 717 1063 786 velle
1084 715 1121 786 ni
1139 716 1238 788 fallor
1254 718 1350 788 volo.

264 843 366 922 Volo,
387 841 542 933 iuquam,
564 839 669 932 idque
690 861 746 910 me
767 840 858 910 velle
878 839 1010 922 dicere,
1030 839 1168 911 Christo
1188 839 1268 912 lieet
1287 864 1352 912 au-

266 965 390 1046 diente,
413 985 483 1034 nou
503 965 622 1045 time03
645 961 709 1032 sed
728 961 874 1053 dignum
900 965 1010 1033 fateor
1030 971 1068 1034 ut
1087 963 1184 1055 quod
1207 963 1352 1055 indigne

265 1085 436 1179 quesivi,¹
452 1107 521 1156 uon
539 1085 640 1156 dulce
658 1085 802 1156 sentiam
819 1085 881 1156 sed
895 1103 1064 1157 amarum.
1078 1087 1188 1157 Nocet
1203 1087 1288 1156 mihi
1305 1086 1352 1158 ed

266 1211 417 1303 quietem
443 1219 479 1279 et
503 1209 616 1279 ocium
641 1208 744 1278 famae
769 1207 921 1300 pondre,
944 1231 1049 1300 quam
1073 1228 1171 1278 verae
1193 1209 1280 1279 nihil
1304 1211 1352 1282 ad

265 1353 355 1415 rem,
375 1331 404 1400 si
421 1331 516 1402 idem
533 1339 648 1421 potest
663 1332 750 1400 falsa
766 1331 863 1421 quod
880 1351 1000 1401 verax.
1020 1329 1163 1401 Mirum!
1185 1332 1267 1424 lpsa
1280 1308 1352 1402 'sihi

265 1475 419 1546 praecox,
434 1453 602 1529 pedicam
623 1471 786 1545 praeceps,
796 1454 892 1522 fama
908 1453 1127 1547 praeiudicat,
1142 1463 1178 1524 et
1194 1454 1272 1524 falsi
1288 1475 1352 1526 no-

266 1575 370 1646 minis
396 1559 597 1665 magnitudo
615 1593 713 1645 ·verae
734 1573 855 1666 gloriae
880 1575 994 1647 tardat
1017 1586 1254 1668 augmentum.
1275 1575 1352 1646 Nisi

266 1699 361 1789 quod
382 1720 453 1768 uon
471 1696 634 1766 merebar
653 1707 733 1766 ante
754 1707 891 1790 tempus
911 1687 1138 1784 invenissem,
1157 1699 1350 1792 potuissem

265 1822 352 1890 forte
373 1822 468 1911 quod
489 1820 651 1913 optabam
677 1843 743 1892 suo
767 1831 923 1914 temporo
948 1822 1151 1913 promereri.
1177 1823 1351 1893 Verunta-

264 1965 345 2014 men
366 1945 414 2016 ita
434 1953 509 2014 est:
527 1944 607 2016 hinc
624 1953 749 2015 cuncta
767 1945 852 2014 mihi
870 1943 1011 2016 turbida
1025 1955 1066 2024 et
1079 1944 1234 2037 inquiete
1251 1943 1348 2015 fiunt.

265 2065 334 2140 Sed
358 2065 448 2137 boue
472 2067 597 2138 hahet:
618 2067 665 2137 nil
690 2068 802 2158 patior
827 2067 921 2138 novi.
957 2068 1059 2162 Saepe
1092 2066 1222 2138 laudati
1253 2069 1348 2140 lacus

137 2189 142 2194 ’
263 2192 473 2284 piscatorum
495 2191 642 2275 retibus,
667 2211 761 2286 saepe
781 2191 906 2261 famosi
932 2193 1041 2262 saltus
1067 2211 1193 2262 cauum
1220 2193 1349 2262 latrati-

262 2313 330 2384 hus
351 2299 568 2384 infestentur.
594 2313 665 2384 Oh!
689 2313 787 2395 felix,
803 2315 832 2384 si
853 2315 933 2407 quis
951 2335 1101 2408 usquam
1118 2322 1183 2398 est,
1198 2314 1255 2384 cui
1267 2337 1349 2408 eon-=

264 2435 380 2527 tigerit
399 2436 488 2506 inter
509 2437 656 2508 honesta
674 2437 789 2508 studia
802 2439 926 2522 latare,
948 2447 984 2508 et
999 2440 1292 2533 vulgi-strepitum
1312 2445 1349 2510 et

262 2561 492 2631 humanarum
518 2559 760 2631 curiositatum
783 2560 960 2632 declinare
986 2561 1179 2632 circuitum.
1205 2561 1270 2644 Qui
1296 2561 1348 2634 sie

228 2729 229 2732 =
263 2683 361 2754 latuit
388 2683 511 2754 clarior
536 2693 707 2775 emerget,
741 2695 777 2754 et
809 2693 890 2756 tuuc
924 2684 1074 2776 primum
1108 2686 1231 2757 vivere
1264 2687 1347 2759 dum

262 2805 349 2876 mori
371 2804 545 2876 videbitur
569 2805 719 2897 incipiet.
754 2805 838 2876 Mihi
864 2805 1006 2898 quidem
1031 2807 1155 2880 nescio
1180 2832 1224 2881 an
1247 2812 1347 2902 culpa

262 2949 307 2998 au
326 2930 464 3000 fortuna
484 2925 585 2999 dulce
606 2928 787 2999 latibulum
808 2929 943 3000 invidit.
962 2931 1061 3023 saepe
1082 2933 1250 3006 hactenus
1273 2945 1347 3004 ten-

262 3057 390 3120 tantem
410 3051 534 3139 fugere
554 3070 633 3120 mea
655 3071 793 3143 semper
809 3052 900 3126 fama
921 3075 977 3124 ma
998 3054 1150 3145 prodidit
1170 3055 1347 3147 loquacior

262 3168 529 3262 mendaciorque
562 3193 668 3264 quam
701 3174 853 3244 vellem·
873 3175 923 3247 lta
956 3197 1023 3266 ego
1052 3199 1073 3248 a
1102 3177 1215 3272 prima
1243 3189 1344 3250 aetate

262 3299 380 3364 tantus
401 3303 534 3364 amator
556 3295 751 3383 solitudinis
773 3318 813 3368 ac
834 3299 1014 3392 sylvarum
1036 3299 1104 3370 iam
1127 3301 1245 3371 senior
1265 3323 1344 3372 ver-

262 3436 322 3486 sor
350 3417 385 3485 iu
415 3415 575 3501 urbibus⁷
604 3428 639 3489 et
670 3417 791 3491 odiosa
812 3419 1004 3512 frequentia
1028 3420 1168 3493 laboro:
1193 3435 1231 3494 et
1254 3424 1343 3493 male
1410 3463 1414 3472 ·

208 3599 223 3618 χ
261 3539 347 3610 mihi
367 3549 431 3610 est.
450 3541 552 3632 Saepe
569 3542 672 3612 etiam
690 3543 723 3611 in
742 3543 896 3612 animum
914 3543 1005 3614 redit
1020 3544 1105 3614 illud
1121 3544 1193 3616 divi
1209 3547 1343 3639 Vespa-

263 3661 364 3745 siam,
387 3661 446 3754 qui
468 3661 667 3755 triumphali
699 3662 756 3733 die
779 3685 864 3734 cum
892 3665 1054 3736 tarditate
1075 3687 1280 3759 pomparum
1306 3677 1343 3738 et

261 3781 374 3853 turbee
396 3782 500 3854 taedio
521 3793 727 3874 gravaretur
750 3783 885 3858 dixisse
909 3793 1034 3860 fertur:
1062 3790 1186 3862 merito
1213 3813 1252 3862 se
1277 3814 1342 3886 pu·-

260 3903 327 3974 niri
346 3905 407 3996 qui
432 3905 478 3976 ad
501 3905 596 3977 illum
622 3929 687 3978 nec
714 3929 752 3979 se
779 3932 842 3980 neo
869 3911 1055 3982 maioribus
1086 3912 1161 3984 suis
1195 3897 1341 4005 dignum

260 4023 430 4096 honorem
458 4047 528 4120 quo
561 4029 675 4100 serius
707 4052 749 4102 eo
783 4033 917 4126 turpius
951 4035 1153 4129 aspirasset.
1181 4033 1342 4106 Graviter

262 4143 421 4233 equidem
444 4169 484 4218 ac
509 4151 675 4222 modeste.
699 4155 781 4224 Mihi
803 4177 845 4226 ea
867 4158 977 4228 solum
1001 4157 1213 4250 suffragatur
1232 4179 1341 4228 excu—
