2958 4804
356 393 448 440 urraca
471 391 1022 450 cunarusuacnrus-uursuuun-r.
1111 352 1117 361 ¹
1170 381 1230 443 alo

148 528 325 613 allectum,
357 527 551 600 solitudinis
578 529 778 622 appetitum.
812 529 964 599 Fortuna
990 539 1048 600 tua
1073 530 1231 623 proposi-

147 661 291 744 tumque
324 649 542 734 discordant,
579 652 752 742 longeque
787 651 880 722 aliud
912 663 967 721 est
1000 652 1093 744 quod
1126 673 1231 743 agere

146 782 295 868 oportet,
324 795 427 865 quam
455 772 549 865 quod
577 775 632 843 vel
656 771 799 865 expedit
825 775 878 844 vel
906 774 1062 846 delectat.
1094 775 1171 858 Quo
1196 775 1231 846 in

147 906 240 966 statu
260 895 413 966 laborem
436 894 540 966 animi
560 895 607 964 tui
626 896 753 985 cogito,
770 897 1026 989 procellamque
1045 897 1092 967 tui
1115 907 1231 989 pecto-

145 1017 192 1086 ris
214 1039 262 1086 ex
284 1039 440 1088 meorum
461 1014 629 1088 fluctuum
652 1016 907 1110 comparatione
929 1017 1099 1089 dimetior.
1122 1019 1156 1086 Si
1177 1039 1231 1089 re-

146 1137 299 1209 medium
327 1140 470 1231 quaeris‚
498 1161 605 1209 unum
633 1138 756 1210 habeo.
792 1139 828 1208 Si
860 1139 1004 1232 quidem
1035 1147 1137 1209 extra
1162 1161 1230 1210 non

144 1260 247 1332 datur
267 1281 349 1332 esse
370 1260 463 1352 quod
483 1261 596 1354 cupis,
616 1259 710 1332 intus
728 1271 804 1332 esto
823 1261 918 1354 quod
936 1260 1055 1332 debes.
1079 1263 1231 1333 Fortuna

144 1395 202 1456 tua
222 1384 258 1454 in
283 1381 465 1476 superficie
483 1404 628 1478 pompas
650 1405 733 1456 suas
756 1385 923 1477 explicet:
944 1392 980 1454 tu
999 1383 1230 1456 humilitatem

144 1518 237 1578 tuam
273 1506 367 1578 intus
400 1504 587 1576 absconde.
624 1506 674 1577 Tu
701 1507 735 1576 in
762 1509 841 1577 aula
871 1505 1008 1588 sedeas,
1031 1507 1169 1577 animus
1195 1506 1230 1576 in

141 1651 259 1701 eremo
282 1638 446 1720 vagetur:
473 1627 562 1697 inter
588 1627 730 1699 divitias
751 1637 1008 1722 paupertatem,
1029 1627 1119 1698 inter
1144 1651 1230 1722 epu-

142 1753 191 1823 las
214 1751 382 1822 ieiunium
403 1771 501 1830 ama3
528 1752 684 1840 fulgeant
711 1750 744 1821 in
772 1772 892 1822 mensa
917 1772 1055 1835 aurum,
1080 1767 1230 1841 gemmae

142 1876 176 1945 in
194 1873 328 1966 digitis,
346 1873 410 1944 sed
427 1871 552 1944 clarior
574 1873 698 1943 horum
716 1882 934 1967 contemptus
951 1873 986 1942 in
1004 1873 1134 1943 animo:
1153 1895 1228 1944 cor-

142 2018 206 2088 pus
225 2017 393 2089 purpura,
413 2014 513 2064 mens
534 1991 643 2063 cilicio
664 1991 853 2063 vestiatur:
876 1991 1061 2062 monilibus
1083 1992 1229 2064 instrato

141 2115 316 2206 cornipedi
336 2113 506 2197 insidens
530 2115 675 2184 asellum
697 2113 909 2185 dominicum
927 2123 963 2183 et
983 2113 1118 2184 attritos
1136 2113 1229 2207 Apo·

142 2241 308 2311 stolorum
343 2239 470 2331 pedes;
504 2237 660 2308 rubentis
693 2237 774 2331 pilei
800 2237 909 2308 decus
937 2236 1225 2330 superimponens

140 2361 256 2455 capiti,
280 2361 434 2455 spineam
454 2360 589 2431 Domini
610 2380 794 2442 coronam,
821 2360 855 2428 in
882 2361 1005 2430 lec-tulo
1033 2370 1155 2429 aurato
1179 2361 1228 2430 ia-

140 2504 237 2564 cenS,
278 2483 405 2553 Christi
445 2492 612 2574 tuumque
646 2481 870 2576 sepulchrum
905 2481 1039 2572 cogita:
1077 2481 1228 2575 denique

140 2605 309 2698 quidquid
335 2625 421 2696 agas
441 2605 603 2676 ultimum
631 2604 714 2676 vitae
735 2605 827 2676 diem
850 2616 931 2676 ante
948 2607 1067 2676 oculos
1090 2627 1228 2698 semper

141 2727 245 2810 habe,
261 2728 319 2819 qui
338 2749 383 2798 an
405 2725 449 2797 sit
470 2727 674 2809 hodiernus
695 2748 738 2797 an
756 2728 942 2809 crastinus,
962 2726 1132 2798 incertum
1153 2739 1223 2813 est3

139 2861 174 2921 et
194 2859 289 2922 certe
310 2852 457 2921 multum
478 2850 604 2920 abesse
626 2872 695 2921 non
716 2859 851 2942 potest:
878 2871 920 2922 ea
946 2871 1091 2921 casuum
1113 2851 1228 2921 uarie-

140 2983 206 3055 tas,
226 2994 269 3043 ea
293 2972 447 3050 brevitas
469 2974 551 3043 vitae
572 2983 636 3043 est.
661 2971 781 3065 ltaque
803 2993 845 3042 ne
867 2972 1065 3064 inopinatus
1085 2981 1225 3058 terreat,

140 3094 363 3168 meditatione
383 3094 544 3166 continua
566 3115 685 3165 secum
706 3094 774 3166 iam
796 3117 889 3165 nuno
909 3094 1124 3167 familiaritas
1144 3119 1227 3168 con-

140 3217 311 3290 trahenda
343 3226 409 3288 est.
447 3214 790 3307 Magnificentissima
828 3216 893 3288 tria
931 3217 1071 3289 virtutis
1103 3240 1223 3311 opera,

139 3361 306 3436 spernere
324 3341 540 3433 voluptates
564 3357 681 3408 amare
702 3347 955 3430 paupertatem,
981 3348 1129 3409 mortem
1155 3361 1225 3410 non

140 3461 276 3533 timere:
298 3462 364 3532 hoo
385 3460 504 3530 ultimo
527 3459 613 3530 scito
634 3459 718 3528 nihil
738 3480 820 3529 esse
840 3459 986 3532 felicius.
1011 3463 1061 3530 De
1082 3460 1225 3551 reliquis

138 3582 277 3656 duobus
299 3584 377 3653 haee
399 3582 568 3678 sententia
589 3601 665 3653 mea
687 3591 757 3651 est:
776 3604 845 3653 non
865 3582 1009 3653 minoris
1031 3589 1086 3652 est
1111 3580 1225 3650 meriti

138 3707 328 3800 voluptatis
350 3706 601 3800 contempsisse
623 3703 860 3797 praesentiam,
883 3728 987 3796 quam
1009 3701 1165 3774 absentia
1186 3723 1225 3772 se

139 3829 246 3900 tueri:
281 3838 524 3922 paupertatem
556 3827 645 3898 inter
676 3826 815 3898 divitias
848 3847 981 3910 antara,
1008 3845 1113 3919 quam
1140 3845 1228 3896 vere

137 3973 327 4046 pauperem
349 3951 435 4023 lieri.
462 3954 639 4046 Pauperes
665 3949 836 4021 innumeri
862 3949 1002 4043 quidem
1030 3956 1124 4033 sunt,
1148 3948 1246 4042 qui-¹

136 4074 202 4146 bus
231 4085 420 4171 paupertas
454 4074 529 4169 ipsa
566 4075 771 4168 supplicium
804 4084 874 4156 est,
909 4095 973 4143 uec
1007 4071 1108 4166 pauci
1142 4083 1224 4142 suut

138 4210 275 4291 propter
301 4196 479 4268 Christum
506 4199 549 4269 dc
576 4196 744 4268 divitibus
777 4195 898 4288 inopes
929 4194 1059 4264 allecti:
1094 4192 1222 4286 quibus
