2958 4804
239 332 297 394 :tor
575 345 614 392 nn
636 343 736 392 annus
758 343 980 393 rnurnunruns

237 482 394 555 daturus.
416 481 594 556 Postremo
613 499 869 572 quemcumque
889 479 983 552 illum
1011 475 1145 570 fingere
1167 481 1313 554 volueri-

239 627 320 678 mus
342 624 432 676 unus
450 610 515 674 est.
534 601 645 684 Quam
663 597 761 673 multi
778 610 895 672 autem
912 612 1033 674 vestro
1051 600 1085 672 in
1104 603 1232 696 populo
1247 603 1314 677 lor-

241 728 359 811 tiores,
380 734 417 798 et
437 735 616 817 gestarum
638 745 755 796 rerum
776 722 885 814 gloria
904 723 1084 808 clariores,
1112 734 1149 794 et
1167 745 1314 817 quorum

239 851 274 922 in
295 851 427 922 vertice
447 847 570 920 melius
588 846 750 922 diadema
767 846 1009 939 resplendeat?
1026 847 1075 918 lte
1092 847 1199 938 igitur
1214 849 1316 920 intre·

239 973 330 1067 pide.
344 973 446 1044 Nudo
465 969 564 1044 vobis
581 993 660 1043 cum
678 970 817 1042 nomine
832 969 962 1046 bellum
979 980 1045 1042 est.
1064 971 1218 1064 Corpora
1235 971 1315 1044 viva

239 1097 385 1180 vicistis,
408 1094 551 1167 umbras
573 1114 616 1166 ne
638 1093 825 1168 timebitis?
845 1095 894 1166 lte
914 1093 1070 1178 feliciter,
1092 1094 1315 1187 nequeenim

240 1219 284 1292 ad
305 1217 432 1292 bellum
452 1215 525 1301 itis,
547 1214 612 1288 sed
632 1215 678 1288 ad
698 1215 778 1286 belli
799 1214 954 1308 praemia.
977 1216 1026 1287 lte
1052 1216 1211 1291 celarier
1232 1214 1315 1287 dum

240 1349 379 1433 tempus
397 1350 463 1414 cst.
482 1339 520 1410 ln
537 1339 649 1413 civem
670 1337 763 1410 enim
781 1337 831 1409 uti
849 1337 940 1410 scire
957 1337 1102 1413 victoria
1118 1339 1313 1420 crudelitas,
1359 1371 1362 1378 λ

239 1463 274 1534 in
295 1463 431 1536 hostem
452 1461 587 1536 nescire
612 1460 776 1534 vecordia
801 1469 868 1534 est.
895 1461 958 1534 Hic
982 1471 1051 1545 est,
1078 1460 1236 1554 inquam,
1262 1462 1315 1534 ille

238 1607 303 1687 rex
324 1585 478 1657 insolens
499 1583 669 1656 frederum
689 1591 907 1674 contemptor
923 1605 964 1656 ac
984 1582 1077 1667 fidei,
1096 1583 1153 1656 hic
1170 1585 1316 1676 populus

239 1708 335 1801 pacis
356 1707 552 1800 impatiens,
576 1706 652 1777 haec
677 1707 825 1778 scelesta
850 1706 976 1782 classis
1001 1705 1121 1799 impia,
1147 1705 1184 1776 bi
1210 1705 1318 1778 vestri

126 1911 128 1918 ¹
238 1838 274 1900 et
293 1827 420 1923 publici
441 1826 562 1899 hostes
590 1837 681 1899 sunt.
715 1828 760 1900 Et
785 1849 848 1900 vos
878 1827 981 1905 simul
1008 1839 1043 1900 et
1068 1825 1315 1920 rempublicam

240 1950 427 2033 vindicate,
449 1958 485 2022 et
505 1949 569 2023 bos
590 1949 760 2026 barbaros
781 1971 982 2043 agnoscere
995 1949 1122 2041 cogite,
1145 1971 1185 2020 se
1202 1970 1319 2022 amen·

218 2067 221 2072 ’
239 2082 292 2146 tes
305 2073 479 2146 adversus
496 2072 660 2146 iustitiam
674 2082 710 2144 et
723 2083 875 2146 armatos
890 2073 984 2145 viros
997 2071 1126 2144 bellum
1139 2070 1318 2163 indignum

239 2219 280 2270 ac
300 2197 467 2270 nefarium
491 2196 702 2290 suscepisse.
722 2196 938 2294 Venetorum
959 2217 1046 2268 auro
1072 2193 1259 2278 attonitos,
1285 2205 1320 2266 et

239 2341 332 2394 caeca
352 2319 514 2412 cupidine
534 2320 723 2392 alienarum
746 2340 850 2413 opum
871 2317 1022 2414 propriae
1042 2316 1179 2393 interim
1198 2315 1318 2389 condi-

241 2442 345 2515 tionis
381 2442 527 2526 oblitos,
562 2441 700 2534 publice
731 2440 896 2536 poeniteat
927 2461 1117 2535 paucorum
1150 2439 1314 2520 insanie.

239 2561 498 2656 praecipitisque
517 2562 666 2648 consilii,
700 2572 736 2636 et
765 2563 801 2634 in
833 2583 918 2636 suos
951 2561 1145 2656 proditores
1171 2569 1317 2654 experta

239 2685 419 2760 vobiscum
441 2685 620 2762 infeliciter
641 2689 709 2760 tela
733 2694 952 2760 convertant:
974 2688 1118 2760 timeant
1149 2684 1186 2756 in
1218 2694 1318 2758 aeter-

238 2831 321 2884 num
339 2830 410 2892 non
431 2819 564 2882 tantum
585 2830 683 2880 arma
703 2819 822 2881 vestra
839 2809 905 2883 sed
924 2831 1067 2899 nomen,
1084 2809 1212 2883 Contra
1235 2829 1319 2882 con-

239 2931 460 3006 suetudinem
482 2953 595 3006 meam
616 2934 750 3025 loquor,
772 2933 934 3006 ardentes
947 2934 1317 3011 accendoetstimulos

239 3051 459 3126 currentibus
480 3054 588 3138 add0;
608 3055 813 3148 quodecim
835 3055 970 3130 suadeo
992 3058 1060 3135 iam
1086 3056 1257 3151 cepistis,
1284 3063 1318 3127 et

239 3174 392 3268 pulchris
409 3173 478 3246 iam
494 3177 630 3251 fortuna
646 3178 823 3272 principiis
839 3179 1006 3273 adspirat.
1022 3180 1116 3256 lllam
1136 3186 1318 3257 vocantem

160 3360 163 3374 .
238 3295 412 3372 indelessa
434 3297 561 3372 virtute
581 3300 776 3393 sequimini.
797 3303 865 3388 Qui
897 3323 1036 3396 semper
1069 3301 1163 3396 pacis
1196 3311 1318 3374 auctor

238 3442 320 3496 esse
339 3423 449 3508 soleo,
472 3443 565 3499 nunc
582 3422 730 3498 fidenter
762 3425 829 3500 boc
861 3423 1027 3507 dixerim;
1048 3423 1192 3516 expedit
1213 3423 1315 3501 vobis

238 3546 296 3616 vel
317 3543 396 3630 ista,
419 3547 475 3620 vel
497 3545 623 3621 similia
643 3548 734 3625 iusta
754 3547 845 3621 bellu
865 3569 935 3623 non
954 3547 1053 3621 mori.
1074 3544 1211 3638 Rubigo
1231 3545 1318 3626 ciui-

238 3668 281 3744 lis
299 3679 449 3748 externo
469 3669 588 3745 labore
606 3671 817 3765 detergitum
837 3670 958 3747 nescio
977 3668 1063 3762 qnid
1087 3666 1190 3747 vobis
1212 3666 1318 3747 anim

237 3801 308 3866 est:
329 3803 461 3868 vestrm
480 3815 549 3877 me,
571 3797 695 3879 fateor,
716 3792 854 3866 iniuriae
871 3791 1097 3874 exacerbant.
1120 3791 1241 3884 ltaque
1259 3811 1318 3884 pe

237 3936 333 3992 ream
355 3917 385 3987 si
404 3915 440 3986 in
458 3916 513 3990 his
533 3916 656 3992 litteris
676 3919 782 3994 ultam
803 3915 899 4012 pacis
920 3913 1075 4007 legeritis
1090 3912 1316 3996 mentionem.

237 4037 325 4129 Opto
345 4038 446 4115 vobis
467 4039 681 4114 incruentam
701 4037 747 4112 de
767 4037 901 4134 perfido
921 4038 1024 4113 hoste
1045 4036 1235 4113 victoriam.

734 4217 811 4226 u·—
