3062 4798
280 392 339 452 428
620 404 661 451 nu
684 403 784 453 nunus
805 401 1028 452 snurnrrnrsus

280 542 328 611 ait
347 540 544 622 Psalmista,
568 537 743 608 sedaliis
776 537 895 608 verbis
932 549 967 608 et
1000 538 1158 623 brevius,
1194 551 1231 608 ut
1261 543 1367 611 sciunt

280 675 399 755 peritos,
421 665 578 755 qnoniam
598 663 744 739 homines
764 662 863 731 sunt?
881 663 1008 733 Multos
1027 662 1168 754 quidem
1190 664 1285 756 cogit
1303 665 1367 735 hu-

283 807 395 857 manae
422 785 627 856 conditionis
661 784 820 855 oblivisci
850 786 956 856 nimia
983 784 1147 857 felicitas:
1181 787 1275 880 quod
1308 788 1366 858 ubi

172 936 177 950 ⁸
281 909 421 993 accidit,
440 929 508 978 non
528 906 631 978 modo
653 907 736 977 utile
758 906 822 977 sed
843 907 1081 979 necessarium
1100 920 1155 980 est
1175 909 1364 1001 flagellum,

282 1055 352 1125 quo
369 1033 565 1103 excitentur
590 1040 626 1100 et
650 1030 799 1100 sentiant
820 1032 982 1122 quoniam
1007 1031 1165 1103 homines
1189 1042 1275 1112 sunt
1300 1054 1368 1104 non

281 1155 340 1226 dii.
366 1153 607 1224 Alexandrum
625 1153 849 1223 Macedonem
873 1154 990 1224 multis
1010 1154 1202 1238 erroribus
1232 1164 1270 1226 et
1288 1164 1367 1227 ante

282 1280 368 1351 alios
386 1279 546 1372 opinione
567 1279 665 1347 salsae
681 1275 873 1346 divinitatis
887 1275 1060 1361 inflatum,
1076 1278 1187 1370 utqui
1202 1263 1241 1348 se
1255 1275 1364 1349 filium

283 1401 375 1473 lovis
397 1399 620 1473 adulantibus
638 1398 857 1482 credidisset,
878 1399 1051 1470 hominem
1070 1421 1239 1470 essenon
1258 1402 1367 1470 Deum

282 1526 317 1594 in
338 1524 435 1595 ludia
457 1530 657 1614 susceptum
682 1523 811 1594 vulnus
835 1521 1031 1594 admonuit:
1059 1522 1161 1594 cuius
1189 1514 1284 1617 apud
1310 1524 1369 1593 Se-

282 1669 404 1719 necam
418 1667 590 1738 expressa
603 1644 779 1715 confessio
797 1644 873 1713 veri
890 1639 959 1727 est3
978 1669 1101 1731 omnes,
1117 1645 1239 1738 inquit,
1254 1650 1368 1716 iurant

283 1792 420 1840 essetne
449 1771 560 1859 filium
586 1769 693 1850 Iovis,
720 1765 777 1834 sed
802 1768 925 1837 uolnus
950 1769 1009 1837 boc
1034 1769 1202 1837 bominem
1226 1790 1278 1838 me
1304 1789 1369 1837 esse

282 1894 412 1960 clamat.
442 1889 620 1982 Sapienter
640 1888 676 1958 id
700 1887 854 1980 quidem,
888 1900 927 1960 ut
960 1889 1005 1961 ab
1038 1891 1177 1962 homine
1203 1913 1273 1961 non
1299 1899 1368 1961 tarn

283 2001 406 2085 rationi
427 2012 570 2083 credere
606 2011 706 2083 solito
740 2032 844 2104 quam
876 2012 1035 2083 fortunae.
1063 2013 1098 2082 Si
1124 2013 1273 2084 Martem
1291 2013 1369 2084 belli

282 2142 392 2211 Deum
414 2135 509 2208 credi
526 2137 640 2207 fecere
657 2134 828 2218 victoriae,
849 2135 877 2205 si
896 2135 1127 2227 quarumdam
1144 2136 1270 2207 artium
1293 2157 1369 2206 suc·

282 2283 406 2333 cessus
433 2258 673 2332 inventoribus
707 2279 829 2329 earum
863 2257 944 2328 inde
974 2269 1150 2351 sumptum
1176 2259 1369 2332 divinitatis

283 2405 410 2454 nomen
442 2383 622 2475 imposuit,
658 2355 720 2453 cuir
740 2403 810 2451 non
836 2388 932 2451 tanto
964 2380 1079 2472 pelagi
1106 2401 1289 2465 successu,
1322 2389 1370 2452 tot

283 2503 458 2595 tantisque
475 2502 631 2574 victoriis
648 2487 742 2573 credi
760 2509 897 2596 poterat
910 2502 1103 2573 lanuenses
1117 2503 1271 2605 aequoris
1283 2503 1368 2574 deos

283 2629 387 2698 esse?
404 2625 564 2697 Eventus
585 2621 704 2696 docuit
728 2612 889 2696 homine's
913 2644 994 2695 esse
1020 2635 1199 2696 terrenos:
1226 2647 1369 2720 prospe

283 2751 369 2822 ritas
389 2748 506 2843 periit,
529 2748 680 2820 sednon
702 2749 790 2832 sola,
820 2749 924 2820 simul
949 2747 1041 2818 enim
1067 2759 1103 2820 et
1128 2749 1367 2842 prosperitatis

283 2869 400 2945 comes
413 2893 517 2961 error
536 2870 689 2942 evanuit.
711 2871 886 2953 Quantum
908 2871 969 2942 uni
989 2871 1241 2944 contrariorum
1259 2872 1368 2944 derni-

285 3005 340 3065 tur
361 3003 495 3065 tantum
516 2992 649 3063 accedit
670 2992 783 3076 alteri,
802 2992 920 3085 itaque
938 3016 1009 3086 quo
1026 2995 1139 3067 minor
1159 2997 1298 3068 fortuna
1314 3004 1368 3066 est

282 3138 325 3187 eo
346 3115 456 3185 maior
476 3123 532 3185 est
553 3114 650 3185 ratic.
679 3116 739 3186 llla
762 3114 798 3184 in
819 3115 1006 3188 consilium
1031 3117 1253 3202 advocanda,
1276 3116 1368 3211 quod

283 3235 423 3308 inimica
460 3236 536 3308 eius
578 3237 794 3330 prosperitas
831 3261 901 3310 non
940 3239 1086 3313 sinebat.
1128 3243 1190 3313 llla
1234 3243 1368 3336 stupori

283 3369 403 3432 nostro
428 3359 610 3454 dolorique
631 3360 838 3433 medebitur.
859 3364 918 3434 llla
934 3362 1036 3434 nobis
1061 3365 1211 3435 fortunae
1232 3386 1364 3444 mores,

283 3483 583 3576 constantiamque
597 3483 813 3554 monstrabit.
833 3482 1001 3567 Quotiens
1021 3484 1105 3555 vicit
1122 3486 1264 3570 Hector,
1283 3507 1368 3578 quo-

284 3606 374 3676 tiens
392 3606 574 3692 Hannibal,
597 3606 758 3699 quotiens
778 3606 993 3699 Pompeius‘.l
1012 3607 1162 3700 quisque
1183 3607 1299 3680 victus
1315 3617 1368 3680 est

285 3727 440 3798 tandem:
460 3749 565 3821 quam
595 3728 756 3799 fortassis
777 3726 822 3799 ob
847 3751 990 3800 causam
1020 3729 1129 3800 lulius
1161 3729 1301 3814 Caesar,
1330 3738 1367 3800 nt

285 3850 452 3944 scriptum
484 3851 661 3935 videmus,
688 3851 732 3922 ad
757 3850 999 3943 pugnandum,
1021 3852 1117 3944 quod
1143 3871 1281 3945 semper
1313 3873 1368 3922 ar·

284 3970 488 4043 deotissime
509 3977 650 4060 lecerat,
673 3973 749 4045 lieri
769 3974 874 4067 coepit
898 3985 1057 4047 extrema
1083 3983 1186 4047 aetate
1203 3983 1368 4046 cunctan-

284 4091 379 4162 ctior.
405 4093 558 4168 Noverat
573 4098 631 4168 ille
656 4099 723 4182 vir,
761 4119 866 4191 quem
893 4106 1018 4169 natura
1047 4095 1366 4190 ingeniosissimum

284 4209 426 4296 lecerat,
454 4235 512 4285 ars
529 4225 566 4286 et
582 4218 798 4308 experientia
824 4222 926 4310 longa
952 4220 1206 4305 doctissimum,
1230 4217 1288 4290 ubi
1310 4238 1366 4289 ra-
