3078 4798
281 338 339 397 366
622 349 661 395 nn
683 349 783 396 naeus
805 347 1025 398 enuntiamus

280 482 447 566 venisset,
468 493 503 553 et
522 494 635 554 castra
653 485 688 552 in
709 482 837 576 quibus
861 483 998 554 Christo
1019 483 1145 552 militas
1163 482 1362 566 invasisset,

280 603 443 698 priorque
467 613 560 689 tune,
585 604 639 674 vir
660 605 812 698 alioquin
840 615 877 676 ut
897 606 971 698 ipse
992 605 1073 676 novi
1102 603 1211 674 sancti
1236 604 1361 676 arden-

281 726 397 819 tisque
420 727 600 820 propositi,
630 737 746 797 tamen
766 727 905 820 inopino
926 729 1016 798 malo
1038 728 1179 797 territus
1206 727 1362 798 hortare-

281 851 478 941 turingam,
493 861 525 921 te
538 849 585 918 illi
599 848 786 920 christiane
801 849 904 920 simul
917 871 959 920 ac
972 849 1209 942 philosophice
1220 869 1364 942 respon-

280 970 389 1042 disse:
404 974 542 1066 placere
558 971 751 1054 consilium,
767 971 869 1042 modo
887 970 1137 1042 inaccessibilis
1154 971 1252 1042 morti
1266 973 1361 1042 locus

182 1115 188 1146 ³
281 1093 405 1185 aliquis
427 1114 575 1186 usquam
602 1099 708 1163 esset.
730 1093 775 1162 Et
799 1115 879 1163 cum
906 1092 962 1162 ille
983 1092 1206 1164 nihilominus
1233 1091 1362 1164 abeun-

280 1214 363 1284 dum
389 1213 532 1297 diceret,
562 1213 787 1307 respondisse
813 1206 951 1286 acrius:
978 1215 1045 1285 iret
1063 1236 1133 1306 quo
1160 1235 1198 1286 se
1218 1193 1360 1306 dignum

281 1333 460 1406 crederet:
483 1345 516 1406 le
537 1335 572 1404 in
593 1334 752 1407 custodia
773 1333 833 1405 tibi
855 1357 877 1406 a
894 1335 1031 1406 Christo
1051 1334 1183 1406 credita
1203 1355 1362 1427 perman-

282 1477 416 1528 surum.
438 1459 596 1551 Cumque
613 1459 740 1529 iterum
760 1468 796 1528 et
816 1458 941 1528 iterum
960 1457 1114 1540 instaret,
1137 1468 1173 1528 et
1188 1457 1277 1528 inter
1294 1465 1360 1528 ter·

282 1603 379 1652 rores
395 1582 486 1652 alios
509 1583 732 1674 sepulchrum
753 1603 894 1674 quoque
914 1581 975 1652 tihi
996 1581 1195 1654 defuturum
1216 1581 1362 1652 minare

183 1791 188 1813 ι
284 1715 350 1786 tur,
373 1703 511 1774 dixisse
537 1713 571 1773 te
596 1703 688 1773 illam
716 1702 775 1774 tibi
801 1725 849 1774 ex
873 1702 1035 1775 omnibus
1064 1685 1219 1774 ultimam
1246 1723 1361 1774 curam

282 1845 386 1895 esse:
409 1823 636 1916 nequeenim
658 1833 718 1896 tua
739 1825 911 1897 interesse
934 1826 997 1897 sed
1019 1826 1246 1918 superstitum
1273 1823 1363 1916 quali

283 1949 399 2018 iaceas
426 1949 615 2042 sepultura.
644 1949 741 2019 Illum
764 1957 940 2042 postremo
965 1948 1120 2020 cessisse
1150 1947 1195 2019 ad
1221 1957 1363 2042 penates

283 2071 420 2165 patrios,
443 2091 508 2140 nec
527 2071 575 2141 ita
595 2073 704 2142 multo
723 2082 803 2165 post
828 2081 938 2142 morte
958 2073 1038 2142 illuc
1057 2092 1137 2142 eum
1159 2071 1364 2162 insequente

284 2192 509 2275 subtractum,
530 2202 563 2264 te
580 2215 665 2265 vero
681 2191 898 2278 incolumem,
918 2213 961 2264 eo
978 2191 1072 2288 apud
1092 2214 1197 2286 quem
1215 2200 1272 2262 est
1288 2192 1363 2262 tons

283 2315 367 2386 vitae
385 2324 596 2408 protegente,
617 2317 807 2387 mansisse:
827 2323 862 2387 et
879 2337 959 2387 cum
976 2315 1103 2386 diebus
1121 2314 1252 2407 pausia,
1272 2333 1365 2384 mors

283 2449 432 2531 quatuor
451 2450 487 2510 et
508 2439 726 2531 trigintaqui
747 2439 814 2510 illic
839 2451 938 2510 erant
958 2438 1174 2522 abstulisset,
1198 2441 1310 2510 solum
1330 2439 1364 2507 in
1469 2527 1473 2534 Ι

284 2560 495 2632 monasterio
522 2560 709 2633 resedisse.
745 2563 840 2635 lllud-
859 2561 1035 2634 addebant
1067 2570 1101 2632 te
1125 2563 1220 2632 nullo
1253 2559 1364 2632 morbi

283 2683 444 2775 contagio
463 2683 667 2755 deterritum
690 2684 867 2757 adstitisse
893 2683 1058 2756 iratribus
1079 2684 1148 2755 tuis
1174 2680 1364 2778 expiranti-

284 2807 365 2890 bus,
400 2817 436 2878 et
463 2829 624 2899 suprema
651 2806 760 2877 verba
792 2817 897 2899 atque
929 2809 1048 2878 oscula
1075 2805 1308 2898 excipientem
1330 2814 1365 2877 et

283 2931 399 3022 gelida
424 2951 569 3022 corpora
590 2932 776 3011 lavantem,
807 2949 902 3022 saepe
929 2951 999 3002 uno
1025 2928 1081 2999 die
1106 2937 1178 2999 tres
1199 2931 1363 3020 pluresve

283 3051 352 3120 tuis
383 3049 544 3120 manibus
570 3051 745 3121 indefesso
771 3033 908 3142 pietatis
934 3051 1102 3144 obsequio
1131 3051 1301 3144 sepelisse
1329 3062 1364 3121 et

283 3180 491 3265 exportasse
512 3171 580 3242 tuis
602 3171 771 3256 humeris,
793 3195 872 3246 cunr
894 3173 963 3244 iam
983 3174 1044 3266 qui
1069 3175 1201 3246 foderet
1220 3184 1281 3246 aut
1305 3173 1364 3266 qui

283 3293 383 3364 iuxta
408 3295 636 3367 morientibus
658 3295 841 3368 exhiberet
865 3318 967 3367 nemo
988 3306 1094 3368 esset.
1117 3299 1235 3368 Solum
1262 3308 1296 3368 te
1319 3296 1364 3368 ad

284 3414 545 3488 ultimum'cum
565 3439 652 3490 cane
673 3418 775 3489 unico
796 3419 1009 3490 remansisse
1030 3420 1111 3490 totis
1132 3419 1291 3490 noctibus
1312 3418 1364 3490 vi-

284 3541 463 3633 gilantem,
492 3541 627 3613 modica
653 3541 740 3612 lucis
767 3551 865 3634 parte
894 3541 1104 3614 necessariae
1129 3541 1236 3634 quieti
1261 3541 1362 3613 data:

283 3684 363 3734 cum
390 3660 525 3732 interim
560 3661 745 3753 praedones
770 3661 944 3744 nocturni,
972 3684 1122 3754 quorum
1151 3661 1364 3732 feracissima

283 3794 339 3856 est
359 3785 471 3877 regio,
499 3803 594 3877 saepe
620 3805 682 3875 per
706 3783 926 3877 intempestae
953 3783 1226 3857 noctissilentia
1251 3783 1363 3856 locum

284 3907 489 3978 invadentes
509 3927 531 3975 a
553 3915 595 3989 te,
618 3905 723 3976 immo
744 3928 764 3976 a
785 3907 924 3978 Christo
948 3909 1006 4000 qni
1030 3918 1144 3980 tecum
1164 3915 1248 3988 erat,
1272 3923 1365 3974 nunc

285 4035 434 4123 pacificis
452 4059 545 4110 nunc
564 4035 756 4106 acrioribus
777 4035 895 4106 verbis
912 4037 1057 4120 exclusi,
1080 4034 1165 4107 nibil
1178 4031 1295 4106 damni
1310 4050 1365 4101 sa-

284 4155 353 4224 cris
385 4157 521 4226 aedibus
555 4159 679 4227 inferre
711 4158 895 4250 potuerint.
932 4157 1018 4227 Cum
1056 4177 1143 4228 vero
1180 4152 1366 4226 transisset
