2988 4800
448 365 541 415 LIBER
560 365 706 416 uncinus.
717 365 918 418 -BPlS'l'OLA
939 371 968 418 V.
1205 359 1244 420 99

164 505 337 587 habuisti;
358 503 520 576 nimirum
542 504 598 575 ille
617 514 653 576 te
671 505 765 598 loqui
785 506 923 592 docuit,
944 509 1004 602 qui
1031 506 1145 580 docuit
1163 531 1245 605 ope-

164 629 254 715 rari,
278 627 339 723 qui
360 627 478 700 docuit
497 629 603 711 velle3
629 627 815 722 persimilis
841 631 955 702 animo
980 639 1087 725 atque
1111 630 1245 704 actibus

165 773 284 826 sermo
304 761 375 835 est3
396 753 542 823 multum
562 751 656 822 intus
681 761 716 824 et
739 763 841 825 extra
865 753 966 826 brevi
993 765 1149 849 tempore
1169 778 1246 828 mu-

166 886 260 948 tatus
293 895 346 948 es.
378 875 524 947 Mirarer
555 883 672 946 autem
695 875 822 968 magis,
849 877 918 950 nisi
941 877 1142 950 didicissem
1161 880 1246 972 quid

166 998 273 1071 animi
295 997 477 1071 mutationi
496 997 642 1071 dextera
673 997 786 1093 possit
816 1001 972 1086 Excelsi,
1007 1002 1063 1073 cui
1088 1003 1247 1096 perfacile

156 1141 236 1193 non
258 1125 374 1194 solum
394 1143 485 1194 unus
506 1122 661 1208 animus,
682 1121 745 1195 sed
766 1131 873 1195 totum
896 1146 1008 1217 genus
1032 1125 1244 1210 humanum,

167 1254 262 1318 totus
282 1255 455 1318 terrarum
475 1245 587 1331 orbis,
611 1254 682 1317 tota
702 1245 855 1340 denique
879 1269 997 1320 rerum
1023 1258 1147 1320 natura
1167 1271 1249 1321 ver-

168 1367 279 1440 satilis
312 1378 378 1440 est.
408 1370 459 1440 lta
488 1367 573 1439 mihi
598 1369 737 1462 copiose
770 1379 967 1442 sanctorum
989 1380 1125 1462 patrum
1155 1371 1247 1443 dicta

169 1490 362 1585 conquiris,
385 1499 549 1586 tantoque
568 1491 743 1564 convertis
769 1489 928 1577 artificio,
950 1500 989 1563 ut
1009 1493 1247 1586 paulominus

169 1615 366 1687 iuncturam
379 1635 486 1708 cogar
501 1635 606 1709 quam
628 1615 832 1686 sententiam
850 1614 1009 1698 laudare3
1026 1623 1174 1687 atcerte
1191 1637 1249 1688 so-

169 1738 237 1808 lers
258 1737 419 1809 iunctura
440 1757 535 1831 saepe
553 1737 648 1831 quod
668 1737 819 1808 alienum
839 1737 953 1809 inerat
969 1746 1128 1810 nostrum
1149 1737 1246 1811 iacit:

171 1860 270 1932 ouius
286 1868 418 1953 quanta
436 1859 491 1931 vis
514 1859 560 1931 sit
583 1859 673 1930 inter
696 1859 781 1932 artis
802 1853 975 1956 praecepta
995 1860 1154 1960 poeticae,
1178 1882 1247 1932 non

169 1993 366 2057 extremum
388 1984 549 2077 legimus.
575 1983 689 2056 Unum
706 1993 746 2056 ut
765 1985 948 2077 indulgeas
973 1987 1100 2058 velim:
1129 1985 1247 2058 mode-

171 2108 336 2180 stissimae
360 2104 584 2178 verecundiae
609 2115 697 2191 tuae,
723 2107 1104 2200 verecundissimaeque
1130 2107 1249 2178 mode-

138 2292 141 2300 .
171 2231 248 2302 stiae
269 2232 369 2302 laxes
394 2231 491 2300 lrena
515 2250 714 2322 parumper,
736 2239 772 2300 et
792 2229 962 2300 maiorum
988 2237 1022 2300 te
1047 2228 1245 2320 agminibus

170 2375 240 2426 non
262 2352 419 2424 verearis
451 2350 616 2437 inserere,
644 2373 758 2444 neque
782 2350 934 2437 diffidas,
968 2351 1091 2424 eodem
1123 2350 1246 2444 spiritu

170 2475 322 2548 meante
347 2473 408 2568 qui
430 2471 580 2546 disertos
607 2473 683 2549 illos
704 2474 794 2561 lecit,
817 2473 861 2546 de
885 2495 955 2567 quo
980 2473 1146 2567 scriptum
1172 2481 1244 2544 est:

168 2621 244 2702 'aon
261 2599 352 2667 enim
371 2618 429 2667 oos
449 2597 524 2667 estis
541 2599 599 2686 qui
617 2596 805 2688 loquimini,
825 2595 882 2668 sed
897 2598 1032 2691 spiritus
1051 2595 1164 2668 Patris
1182 2599 1250 2670 mci

173 2721 300 2812 estqui
319 2721 463 2814 loquitor
478 2719 516 2791 io
535 2720 638 2803 vobis,
660 2741 766 2816 posse
791 2719 896 2792 etiam
918 2719 1017 2791 tede
1037 2721 1100 2791 tuo'
1116 2719 1247 2813 aliquid

171 2843 301 2930 dicere,
322 2842 392 2915 imo
411 2863 497 2916 vera
516 2842 686 2938 permulta
702 2850 737 2914 et
754 2841 815 2913 tibi
832 2851 869 2913 et
888 2841 964 2914 aliis
977 2843 1166 2935 prolatura.
1181 2843 1248 2912 Po-

173 2977 303 3040 stremo
322 2965 367 3039 de
383 2964 563 3050 maenius
583 2963 696 3036 vicem
713 2965 818 3038 valde
839 2964 1049 3057 germanitas
1068 2973 1126 3034 tua
1144 2963 1249 3059 perti-

172 3089 304 3173 mescit,
322 3109 386 3160 nec
404 3087 593 3174 immerito,
613 3096 663 3160 tot
691 3087 725 3158 in
754 3087 900 3160 circuitu
920 3087 1148 3160 trementibus
1170 3110 1249 3180 pro-

172 3211 284 3297 cellis,
306 3235 376 3284 non
394 3211 473 3284 dico
493 3211 712 3284 securitatem
738 3210 803 3283 sed
828 3231 926 3305 spem
951 3211 1077 3282 bonam
1103 3210 1247 3282 habeas.

173 3337 280 3421 Scito,
298 3357 355 3408 me
374 3333 595 3407 consiliorum
615 3353 696 3427 quae
713 3331 796 3403 mihi
817 3355 980 3426 supremo
1000 3333 1165 3426 digressu
1185 3334 1248 3405 de-

173 3459 289 3543 deraS,
311 3479 381 3530 non
405 3455 559 3531 oblitum.
586 3458 754 3528 Asserere
778 3475 848 3527 non
867 3459 980 3529 ausim
1001 3457 1115 3529 adhuc
1134 3479 1191 3529 me
1212 3457 1247 3528 in
1373 3535 1376 3542 ,

173 3590 311 3673 portum
332 3580 546 3672 coniugissc3
564 3579 629 3651 leci
646 3587 761 3650 autem
779 3577 874 3672 quod
890 3587 1007 3650 nautae
1028 3582 1140 3651 solent
1158 3599 1247 3672 quos

173 3704 208 3774 in
220 3705 291 3776 alto
305 3714 493 3799 tempestas
513 3703 655 3787 invasit;
670 3702 804 3787 insulae,
820 3710 858 3773 ut
878 3701 924 3775 ita
944 3701 1108 3787 dixerim,
1131 3700 1248 3772 ouius·
1345 3727 1347 3734 ·

173 3826 266 3920 piam
287 3849 394 3899 uuum
414 3831 505 3900 latus
527 3826 640 3900 ventis
658 3849 699 3899 ae
715 3825 878 3898 fluctibus
894 3823 1021 3898 obieci:
1039 3823 1122 3909 illic,
1138 3823 1248 3895 donec
1301 3901 1306 3908 ,

175 3952 281 4023 tutior
299 3961 421 4045 portus
442 3961 619 4046 appareat,
642 3951 817 4024 delitesco.
839 3950 884 4020 Et
903 3968 1020 4042 quem,
1043 3945 1193 4039 inquies,
1213 3946 1248 4018 in

175 4074 338 4146 modnm‘l
358 4074 394 4145 Si
414 4073 570 4168 quidem,
592 4075 672 4146 lesu
692 4071 830 4144 Christo
850 4069 1006 4165 auspice,
1028 4068 1093 4141 tria
1116 4069 1174 4141 illa
1195 4079 1250 4140 ut-

174 4219 324 4292 cumque
345 4221 402 4272 me
422 4199 586 4294 implesse
604 4196 745 4270 noveris
762 4217 842 4290 qnae
860 4193 1042 4279 mandasti,
1062 4202 1097 4264 et
1114 4204 1153 4265 nt
1168 4215 1249 4266 con·
