2958 4804
348 369 438 416 arnan
460 368 959 418 nncrnnsrnnrms.-errsronn
985 369 1013 414 x.
1162 351 1221 413 250

139 513 276 584 dicrum
290 509 465 590 identitas
478 509 672 582 recordatio
685 507 886 580 meritorum
900 489 1221 580 eteffrcacissimnm

138 631 344 726 copulandis
363 632 520 704 amicitiis
540 632 732 715 vinculum,
751 632 945 702 eommunis
967 630 1107 700 utilitas.
1127 628 1221 698 ldem

137 756 282 848 expedit
310 753 496 826 ambobus:
519 777 626 826 unum
653 751 764 824 colitis
790 775 922 845 regem,
951 773 1054 822 unam
1076 750 1224 844 patriam

139 878 301 960 incolitis,
325 876 447 949 eodem
469 876 609 951 tenditis
639 876 778 961 animis,
807 876 898 947 idem
929 875 1053 946 vultis:
1080 873 1223 969 praemia

138 999 344 1082 virtutibus
367 999 556 1070 sceleribus
577 999 704 1070 adesse
726 997 902 1094 supplicia,
925 991 1037 1070 bonos
1058 995 1093 1067 in
1113 994 1225 1089 pretio

140 1122 279 1206 haberi,
302 1120 492 1218 pessimum
513 1145 688 1216 quemque
718 1121 857 1204 calcari,
888 1120 1012 1192 llorere
1045 1119 1221 1203 iustitiam,

142 1247 310 1318 honorem
327 1268 409 1318 esse
430 1245 515 1318 viris
536 1246 698 1329 fortibus
720 1247 864 1316 exulare
884 1247 994 1317 malos
1012 1265 1142 1328 meree,
1162 1242 1224 1316 ho-

142 1379 262 1440 nestos
284 1379 399 1440 autem
419 1369 455 1438 in
472 1376 628 1440 vestram
650 1367 772 1440 urbem
796 1366 1006 1459 ubicumque
1032 1367 1223 1438 transferri.

143 1493 229 1578 Quae
251 1513 329 1590 cum
349 1492 396 1564 ita
418 1492 487 1564 sint
507 1512 669 1585 quaenam
689 1491 776 1562 levis
794 1490 938 1574 offensa,
962 1512 1026 1562 seu
1042 1489 1158 1585 potius
1175 1488 1226 1560 of·

142 1616 251 1688 fensae
274 1614 438 1710 suspicio,
458 1625 580 1707 potens
599 1615 665 1686 erit
682 1626 751 1685 tam
770 1613 915 1686 solidam
933 1623 969 1684 et
984 1623 1056 1684 tam
1069 1620 1225 1684 sanctam

143 1747 341 1809 vestrarum
363 1737 529 1808 mentium
565 1736 773 1809 labefactare
805 1737 1026 1828 congeriem?
1045 1735 1094 1807 lte
1121 1734 1227 1827 igitur

144 1863 277 1933 alacres
303 1881 373 1954 quc
402 1883 468 1932 vos
495 1859 620 1932 nobilis
642 1859 746 1932 ardor
775 1869 891 1943 vocat,
916 1859 1102 1952 sequimini
1122 1857 1228 1930 hene-

145 1985 294 2056 snadnm
320 1984 498 2076 impetum,
521 1985 624 2056 nolite
647 1982 746 2054 bonis
770 1969 921 2054 motibus
947 1981 1143 2065 adversari,
1166 2003 1228 2062 no·

144 2106 209 2190 lite,
226 2104 322 2198 quod
334 2105 381 2176 nit
394 2103 591 2198 Apostolus
607 2102 765 2200 spiritum
780 2103 996 2194 extinguere.
1011 2087 1146 2173 Amatis
1163 2123 1228 2173 vos

144 2228 293 2300 invicem
327 2247 475 2300 necesse
503 2237 573 2299 est:
605 2225 840 2318 nequidquam
873 2222 1119 2295 oblectamini:
1153 2222 1228 2313 ipsa

146 2375 209 2424 vos
229 2351 361 2423 amicos
381 2350 485 2422 efficit
500 2349 558 2422 vis
576 2359 720 2420 naturae.
740 2347 859 2418 Virtus
877 2345 981 2417 etiam
999 2344 1033 2414 in
1050 2345 1152 2417 hoste
1167 2343 1229 2414 de-

145 2478 260 2557 lectat,
283 2487 388 2567 atque
407 2473 511 2545 allicit
530 2483 566 2544 et
587 2471 653 2543 sibi
672 2473 782 2564 placet
805 2468 1013 2562 ubicumque
1032 2477 1227 2564 conspecta,

146 2620 257 2692 seque
277 2598 386 2691 ipsam
407 2619 475 2668 non
496 2618 613 2669 amare
638 2616 708 2666 non
728 2603 851 2686 potest.
870 2592 1104 2664 Amicitiarum
1127 2592 1230 2664 radix

147 2731 202 2796 est
231 2719 421 2794 similitudo
452 2741 605 2792 moram:
634 2725 800 2788 caeterum
832 2716 919 2788 inter
939 2716 1048 2786 malos
1070 2713 1230 2810 instabile

146 2846 410 2918 fundamentum
433 2853 534 2916 nacta
550 2842 764 2914 familiaritas
782 2840 849 2912 aevi
869 2839 987 2910 brevis
1007 2848 1079 2910 est:
1105 2839 1229 2929 ingens

147 2978 264 3040 autem
284 2966 384 3038 bonis
405 2977 440 3038 et
456 2976 589 3036 aeterua
608 2965 768 3056 coguatio
789 2972 853 3035 est.
880 2963 971 3045 Quid
996 2965 1101 3034 refert
1124 2982 1230 3055 quor-

147 3115 227 3164 sum
255 3101 377 3185 pergat
401 3088 607 3190 indignatic',
629 3097 797 3180 quantum
831 3088 882 3158 ira
901 3063 1084 3188 -dissiliat‘l
1113 3087 1230 3158 Mores

150 3215 371 3296 conveniunt,
399 3213 511 3286 virtus
539 3211 662 3295 haeret,
699 3223 734 3284 et
762 3212 899 3284 haerere
932 3210 1067 3283 animos
1091 3221 1231 3282 nostros

151 3340 258 3421 iubet;
277 3338 324 3409 nil
345 3337 472 3410 virtute
492 3335 670 3428 rapacius
689 3335 735 3405 nil
754 3334 924 3406 tenacius:
944 3354 1051 3404 uncos
1072 3331 1178 3404 habet
1196 3339 1232 3402 et
1315 3352 1319 3358 Χ

151 3472 312 3546 catenas,
333 3472 368 3532 et
388 3480 578 3542 carcerem,
601 3467 636 3530 et
655 3459 777 3530 hamos
798 3454 1017 3550 praedulciter
1043 3452 1228 3524 inescatos.

152 3583 344 3677 Voluptatis
364 3582 525 3676 equidem
544 3581 691 3654 blandus
708 3591 763 3650 est
780 3589 916 3672 gustus
936 3598 1054 3648 amara
1072 3573 1239 3645 satietaszl

152 3709 290 3782 virtutis
312 3731 414 3803 sapor
440 3707 474 3777 in
500 3705 567 3776 fine
592 3702 826 3776 dulcissimus.
849 3702 963 3772 Talem
992 3719 1107 3770 eseam
1133 3680 1242 3767 achi-l

153 3832 235 3904 bere
257 3835 424 3914 solemus
447 3832 583 3921 qualem
610 3827 686 3898 avis
714 3833 773 3896 aut
798 3825 898 3907 fcrae,
921 3843 1026 3913 quam
1047 3820 1232 3912 illaqueare

153 3955 389 4038 decrevimus,
411 3952 598 4046 appetitum
619 3949 767 4022 scimus.
788 3948 957 4038 Voluptas
984 3941 1094 4032 vulgi,
1119 3932 1235 4010 virtus

153 4089 207 4150 est
229 4099 312 4150 esca
344 4097 542 4170 paucorum.
573 4074 644 4142 Vos
674 4069 758 4141 estis
790 4093 836 4140 ex
864 4067 998 4161 paucis3
1025 4063 1118 4157 quod
1147 4063 1231 4135 estis

154 4201 336 4284 ostendite
352 4221 421 4270 non
436 4196 535 4270 vobis'
553 4193 800 4266 oblectationes
819 4203 878 4264 ant
896 4186 1232 4296 commodalquam-
