3062 4798
278 357 335 418 392
619 367 659 416 oa
680 365 781 416 assus
803 363 1026 416 raummmnus

277 528 339 580 rus
358 507 486 591 nescio,
506 528 708 602 paucosque
725 508 801 600 ipse
818 505 904 575 mihi
924 506 987 575 vix
1000 508 1135 578 furatus
1149 506 1234 588 dies,
1249 509 1363 579 locum

276 630 354 704 adii.
381 632 472 716 Quid
498 639 666 723 expectas
692 629 841 701 audire?
867 629 945 698 l'ias
972 630 1088 698 fratris
1117 631 1293 715 lacrimas,
1316 653 1360 702 an

276 754 343 825 illic
376 754 553 846 agentium
581 751 709 822 Christi
737 773 920 822 servorum
947 750 1098 821 humiles
1127 773 1357 844 congressus,

276 887 431 946 sanctam
470 873 735 968 hospitalitatem
770 871 998 964 salubresque
1038 893 1236 958 sermones
1276 875 1361 968 quid

275 981 442 1080 dixerim,
476 996 561 1089 quid
594 995 779 1076 audierim,
811 992 895 1087 quid
922 993 1086 1077 viderim,
1113 997 1199 1087 quid
1224 996 1272 1067 ibi
1305 1019 1360 1068 me

275 1131 458 1214 praeseute,
481 1120 566 1212 quid
591 1119 741 1190 abeunte
763 1129 901 1210 gestum
924 1118 983 1202 sit,
1014 1129 1050 1190 ut
1071 1127 1166 1190 totus
1188 1121 1245 1192 ille
1271 1143 1359 1212 grex

275 1243 454 1335 angelicus
486 1264 584 1314 sacro
610 1242 677 1312 sub
702 1244 774 1312 lare
798 1241 1043 1323 circumfusus,
1073 1241 1199 1334 hospiti
1227 1246 1357 1314 nullum

274 1365 390 1437 devoti
412 1365 571 1457 obsequii
591 1387 705 1456 genus
727 1364 896 1445 omiserit,
919 1375 957 1433 ut
976 1362 1230 1456 digredientem
1253 1367 1359 1436 comi-

242 1545 250 1560 .
274 1490 335 1558 tati
348 1509 468 1559 omnes
483 1488 653 1580 usquead
667 1497 863 1558 extremum
878 1487 991 1570 limen,
1003 1489 1179 1579 fraterque
1195 1489 1355 1580 ipsecum

275 1611 394 1706 paucis
415 1610 553 1700 longius
579 1632 691 1702 usque
716 1610 761 1681 ad
783 1609 934 1680 radicem
961 1610 1087 1681 montis
1115 1610 1247 1683 silvoso
1273 1615 1356 1684 calle

274 1744 518 1827 prosequutus
542 1733 665 1826 raptim
687 1754 750 1827 pro
770 1742 923 1827 tempore
942 1734 1049 1804 multa
1067 1755 1228 1818 monens,
1249 1738 1356 1806 multa

274 1880 413 1949 rogans,
432 1859 539 1928 multa
556 1857 778 1940 denuntians
798 1855 926 1948 quibus
944 1878 1009 1928 nec
1025 1856 1102 1928 dies
1119 1880 1185 1930 nec
1201 1880 1273 1930 nox
1289 1870 1357 1932 tota

276 1980 480 2052 sullecerat‘.l
501 1981 583 2050 Haec
604 2001 671 2071 ego
692 1978 833 2071 inquam
854 1979 970 2050 omnia
995 1979 1136 2070 ingenio
1157 1990 1216 2052 tuo
1243 1983 1356 2074 potius
1406 2041 1408 2044 .

274 2105 481 2176 aestimanda
502 2125 606 2197 quam
629 2105 761 2174 calamo
786 2124 864 2172 meo
884 2103 1093 2194 exponenda
1112 2105 1356 2175 commiserim.

275 2229 386 2300 Unum
408 2226 503 2320 quod
530 2227 619 2298 scire
640 2246 709 2295 non
736 2236 835 2318 potes
857 2224 924 2294 nisi
949 2223 1072 2296 audias
1099 2224 1278 2316 attingam.
1307 2226 1357 2295 Si-

274 2351 412 2444 quidem
431 2351 520 2422 iuter
545 2351 653 2421 multa
674 2356 709 2418 et
734 2346 887 2418 salubria
907 2356 943 2417 et
976 2357 1095 2418 sancta
1130 2348 1253 2420 solatia
1278 2367 1358 2442 quac

275 2473 358 2542 mihi
378 2473 434 2542 ille
458 2493 555 2544 sacer
575 2475 681 2553 locos,
702 2469 786 2540 illud
807 2467 915 2540 breve
934 2477 1069 2564 tempus
1091 2472 1214 2554 attulit,
1237 2469 1355 2540 nescio

275 2595 359 2691 quid
379 2593 446 2665 illic
472 2593 744 2675 amariusculum
765 2591 964 2682 degustavi,
987 2593 1094 2665 credo
1114 2601 1152 2663 ut
1176 2592 1281 2664 detur
1305 2593 1356 2660 in-

276 2717 380 2811 telligi
402 2740 525 2790 verum
543 2738 623 2788 esse
643 2715 737 2810 quod
755 2714 926 2797 scribitur,
945 2715 1005 2806 qui
1023 2717 1144 2785 volunt
1165 2715 1199 2784 in
1218 2715 1355 2786 Christo

274 2843 328 2935 pie
349 2841 471 2913 vivere
497 2838 771 2932 persecutionem
796 2857 878 2906 esse
904 2857 1086 2927 passuros,
1114 2835 1229 2928 deque
1252 2837 1354 2907 ullam

274 2963 404 3035 homini
425 2962 564 3046 viatori,
587 2960 799 3051 ubicumque
819 2969 923 3051 caput
943 2958 1125 3042 abdiderit,
1146 2980 1242 3050 spem
1257 2957 1355 3050 quie-

274 3089 332 3168 tis,
361 3085 471 3156 donec
500 3085 535 3153 in
569 3081 715 3174 patriam
742 3081 787 3152 sit
818 3091 1037 3174 perventum.
1064 3083 1154 3153 Ecce
1178 3079 1271 3151 enim
1297 3081 1353 3151 hic

273 3211 442 3282 innocuus
473 3207 665 3280 coelestium
698 3226 782 3276 vere
800 3186 927 3276 'coetus
954 3206 1131 3276 hominum
1165 3203 1353 3274 honoribus

272 3334 473 3426 divitiisque
494 3331 700 3426 contemptis
719 3340 754 3402 et
774 3327 939 3402 invisibili
958 3327 1061 3399 hoste
1075 3329 1215 3407 calcate,
1231 3324 1355 3396 visibi-

272 3457 363 3530 libus
388 3480 480 3529 nunc
512 3457 615 3528 etiam
650 3455 696 3526 ab
729 3454 889 3526 hostibus
916 3451 1157 3532 molestantur,
1194 3447 1352 3540 interque

273 3583 462 3653 saeculares
483 3589 518 3651 et
537 3578 793 3651 ecclesiasticos
815 3587 982 3673 tyrannos
1006 3569 1215 3667 (miserabile
1242 3569 1350 3662 dictu)

271 3706 394 3777 alienae
415 3703 544 3797 passim
571 3701 727 3774 avaritiae
754 3700 873 3793 praeda
900 3705 994 3778 sunt,
1021 3706 1056 3766 et
1077 3716 1173 3788 saepe
1198 3693 1353 3765 necessi-

272 3841 340 3902 tate
355 3829 472 3899 ultima
487 3825 595 3898 coacti
608 3847 628 3895 a
646 3821 774 3895 divinis
789 3820 950 3894 laudibus
962 3819 1213 3892 distrahuntur.
1229 3818 1351 3908 Longa

270 3963 367 4022 esset
388 3949 540 4032 historia,
577 3945 714 4038 siquae
748 3945 924 4038 perferunt
956 3941 1098 4032 indigna
1127 3940 1348 4032 complectar.

271 4073 413 4141 Summa
427 4071 504 4140 haec
517 4078 580 4154 est,
597 4065 689 4138 unde
703 4065 889 4137 minutiora
909 4061 1072 4135 coniicias
1094 4060 1221 4133 licebit.
1241 4061 1351 4130 Omna

271 4191 360 4264 latus
383 4191 539 4263 ambiunt
562 4187 744 4288 tyrannuli,
763 4183 1102 4284 importunissimum
1123 4203 1245 4275 genus,
1261 4189 1304 4264 et,
1320 4179 1351 4251 si
