3024 4802
229 327 286 386 ota
567 336 608 384 nu
629 335 731 383 ansus
754 335 978 385 rnnrnrnnrnus

229 482 328 554 sibus
364 481 431 552 tuis
470 483 582 564 laetor,
614 489 650 550 et
686 477 781 572 quod
813 477 1015 570 giganteum
1047 478 1144 549 illum
1175 480 1317 550 exulem

227 731 307 802 freti
332 729 477 802 oonsilio
503 726 711 820 receperint,
739 726 798 817 qui
824 725 922 794 velut
955 727 1042 794 aller
1074 721 1213 794 Alcides
1247 744 1318 794 non

229 854 411 926 duodenos
436 861 592 935 tantum,
615 848 679 920 sed
703 844 989 926 millenosobeat
1014 845 1168 931 labores,
1194 857 1232 917 et
1255 845 1319 916 he-

228 975 331 1047 roicis
364 973 501 1046 actibus
531 982 655 1044 cuncta
682 980 853 1042 terrarum
881 979 1036 1041 monstra
1062 971 1256 1052 conculcet;
1283 981 1318 1040 et

228 1095 323 1190 quod
349 1098 439 1168 oiroa
464 1096 617 1166 Naucani
643 1105 813 1178 castrum,
835 1092 896 1164 ubi
921 1092 1075 1164 maxime
1100 1092 1236 1163 fervida
1259 1091 1317 1163 illa

228 1221 284 1292 vis
307 1221 412 1291 animi
429 1229 464 1290 et
485 1218 541 1290 ille
560 1231 641 1290 tuus
659 1216 851 1288 acerrimus
868 1226 1017 1287 conatus
1034 1224 1232 1301 exarserat,
1248 1217 1317 1288 sal-

229 1356 299 1417 tem
322 1344 431 1414 semel
451 1343 524 1434 egit
549 1350 587 1413 ut
606 1340 729 1413 debuit
753 1342 902 1411 fortuna.
924 1339 1050 1410 Videto
1074 1349 1190 1411 autem
1218 1349 1258 1410 ut
1282 1352 1317 1412 et

229 1468 320 1538 arcis
354 1466 446 1537 illius
480 1477 641 1537 exactam
667 1463 881 1548 custodiam,
908 1473 945 1534 et
973 1462 1065 1557 piam
1099 1461 1316 1557 captivorum

229 1611 347 1662 curam
370 1586 512 1660 habeas.
540 1589 612 1658 Hoo
637 1586 912 1678 magnitudinem
936 1596 1032 1657 tuam
1053 1585 1167 1671 decet,
1189 1605 1234 1654 ne
1253 1605 1317 1678 per

229 1711 451 1781 insolentiam
485 1711 682 1794 attollatur,
717 1709 782 1780 sed
815 1710 906 1778 inter
938 1707 1076 1780 vinctos
1111 1715 1202 1792 tuoS,
1225 1693 1323 1800 qnos¹

229 1847 309 1908 ante
327 1838 574 1931 triumphalem
593 1859 733 1910 currum
749 1858 789 1908 es
807 1848 964 1922 acturuS,
981 1859 1158 1910 summum
1174 1847 1210 1908 et
1227 1855 1318 1931 pm-

228 1959 369 2053 oipuum
392 1962 437 2030 sit
456 1960 594 2053 insigne
611 1961 806 2033 elementia.-
823 1961 973 2034 Proinde
991 1973 1030 2033 ut
1047 1960 1204 2034 omittam
1222 1959 1316 2030 ioeos

229 2092 264 2153 et
284 2081 400 2154 liniam
422 2084 517 2177 quod
538 2085 666 2178 incepi,
689 2105 751 2156 oro
773 2095 816 2170 te,
837 2085 965 2170 amieo,
986 2093 1022 2156 et
1038 2083 1196 2158 obtestor
1217 2081 1317 2154 ulad

230 2214 264 2276 te
285 2225 453 2278 reversus
475 2207 657 2277 examines
690 2229 760 2278 non
794 2206 880 2300 quid
911 2207 1022 2293 iuvet,
1049 2205 1114 2278 sed
1139 2205 1226 2300 quid
1255 2203 1317 2276 da-

229 2338 321 2399 oeat:
342 2349 457 2422 neque
477 2329 663 2422 quidesse
690 2349 849 2423 cuperes,
873 2328 937 2401 sed
963 2328 1048 2421 quid
1073 2349 1128 2414 es,
1151 2351 1255 2422 quem
1283 2337 1317 2398 te

228 2452 350 2524 lecerit
381 2448 518 2536 natura,
545 2473 651 2544 quem
684 2454 838 2536 fortuna,
865 2472 968 2544 quem
1000 2453 1184 2546 prolessio,
1209 2472 1315 2544 quem

229 2571 312 2677 vitae
338 2573 449 2644 series
470 2585 650 2646 anteactae.
677 2573 866 2666 Intelliges,
889 2572 957 2644 nisi
977 2573 1088 2658 fallor,
1111 2575 1243 2645 nullum
1263 2574 1316 2644 in-

228 2703 282 2766 ter
302 2693 380 2767 haec
400 2693 580 2767 ambitioni
601 2717 642 2768 ao
663 2697 852 2781 iactantiae,
870 2698 1004 2769 nullum
1021 2697 1151 2790 ineptae
1171 2705 1208 2766 et
1227 2695 1316 2767 indi-

230 2837 310 2908 gnae
328 2817 503 2914 tyrannidi
520 2821 634 2890 loonm
651 2838 743 2890 esse.
764 2819 932 2904 Quotiens
950 2819 1019 2890 ista
1036 2828 1094 2890 tua
1112 2819 1315 2892 dominandi

231 2941 404 3035 cupiditas
423 2942 634 3024 inardescet,
655 2961 724 3012 uon
736 2939 816 3012 dieo
836 2944 962 3013 eoelum
981 2941 1111 3034 aspioe‚
1127 2941 1222 3035 quod
1238 2940 1318 3034 qui-

134 3129 138 3136 ,
229 3059 310 3129 dem
342 3059 433 3132 bene
466 3061 613 3133 instituti
645 3074 681 3134 et
714 3062 865 3134 modesti
891 3063 1054 3137 homines
1078 3066 1210 3137 faciunt
1229 3064 1315 3136 dum

229 3181 478 3254 tentationibus
490 3194 672 3275 urgentur,
688 3184 751 3255 sed
764 3185 798 3254 in
817 3185 984 3279 teipsum
1004 3195 1105 3258 verte
1125 3187 1253 3272 oeulos
1272 3208 1314 3258 ao

230 3302 387 3374 vicissim
408 3307 553 3392 calceos
573 3327 697 3377 zonam
715 3307 950 3402 amiotumque
963 3318 1061 3380 tuum
1077 3307 1312 3401 contemplare

228 3427 370 3500 aeriter:
392 3427 529 3499 videbis
556 3429 604 3500 nil
624 3429 686 3502 tibi
706 3451 934 3524 purpureum,
955 3439 991 3502 et
1012 3431 1079 3502 snb
1099 3431 1238 3502 Christo
1262 3432 1278 3501 s
1297 3471 1314 3484 -

117 3553 118 3558 ’
229 3551 397 3622 mulatum
423 3551 581 3623 redolere
607 3552 736 3637 omnia,
765 3576 836 3624 nou
868 3575 975 3648 super
999 3551 1159 3626 homines
1187 3550 1313 3648 prinoi-

230 3685 359 3766 patum.
382 3671 437 3743 Ad
463 3693 635 3746 summam
664 3673 694 3744 si
718 3675 823 3746 nullis
850 3676 895 3747 ad
920 3677 986 3749 hoc
1011 3697 1075 3748 seu
1094 3676 1224 3768 iurgiis,
1248 3697 1312 3746 seu

229 3794 381 3881 monitis
410 3816 474 3866 seu
499 3796 661 3890 precibus
688 3795 779 3868 lleoti
804 3809 905 3892 potes
927 3810 966 3873 ut
986 3801 1170 3874 ridiculum
1194 3808 1311 3896 tyran-

230 3917 319 3988 nidis
342 3917 533 4011 appetitum
550 3938 674 4004 exuas,
695 3929 730 3990 at
751 3921 872 3991 saltem
894 3923 991 4017 pacis
1012 3943 1166 3994 amorem
1187 3919 1308 4006 indue,

228 4058 273 4106 ne
290 4041 345 4108 vel
368 4061 388 4108 a
405 4039 579 4111 consortio
596 4041 680 4111 exul
698 4041 875 4115 hominum
898 4044 1000 4116 bonae
1017 4043 1219 4126 voluntatis
1235 4042 1311 4136 qni-

187 4186 202 4194 *
228 4152 296 4222 bus
324 4178 442 4244 pacem
471 4161 649 4251 angelicus
683 4183 800 4254 praeeo
833 4165 1031 4252 denunciat,
1060 4170 1115 4240 vel
1142 4168 1176 4238 in
1204 4174 1310 4238 testa-
