3062 4798
436 316 529 364 uinea
550 315 1058 366 oornvusoacmus-nrrsrom
1080 317 1099 363 1.
1245 303 1300 364 lll

229 467 316 518 sum.
332 447 458 519 Multos
473 447 647 520 labellum
666 447 800 542 impulit
816 456 1019 540 paupertas,
1035 449 1152 519 multis
1170 449 1304 520 animos

226 569 331 654 dedit,
347 571 540 662 praesertim
556 571 585 641 si
600 569 826 642 adversarius
839 569 939 642 dives
954 569 1009 640 sit.
1020 570 1164 642 Divitias
1178 593 1304 666 nempe

227 692 312 762 viris
334 691 480 762 lontibus
500 692 628 763 bellum
649 691 738 764 lacit.
757 691 802 762 At
819 704 936 764 monet
957 693 1111 784 paucitas
1132 713 1302 775 meorum,

229 815 370 886 comites
391 815 520 886 bellum
547 825 680 907 parant,
709 825 815 886 terret
840 817 931 886 lama
952 813 1120 907 vulgaris.
1146 813 1305 898 Quarun-

227 937 305 1007 dam
341 937 559 1009 minimarum
593 960 711 1008 rerum
744 935 930 1030 aliquando
960 959 1124 1028 magnum
1158 945 1215 1008 est
1242 956 1306 1007 no-

227 1081 321 1144 men,
344 1070 379 1130 et
395 1079 489 1152 saepe
509 1061 599 1130 fama
621 1060 804 1132 terribilior
821 1083 925 1154 quam
943 1067 1162 1152 conspectus.
1182 1057 1305 1152 Opinio

227 1203 296 1254 rem
319 1203 388 1253 nou
413 1192 533 1254 mutat.
556 1181 657 1266 Quod
683 1183 732 1253 tui
757 1190 949 1276 nequeunt,
976 1183 1065 1254 oculi
1087 1189 1226 1252 tuorum
1253 1179 1305 1248 vi-

224 1302 319 1388 dent¹
335 1304 499 1397 nunquia
514 1305 719 1396 vegetiores
735 1305 799 1376 sed
812 1303 893 1396 quia
905 1302 1180 1398 propinquiores.
1197 1302 1305 1374 Multa

223 1425 266 1496 dc
293 1427 482 1519 longinquo
514 1426 736 1498 cernentibus
770 1426 958 1498 metuenda
990 1423 1303 1518 propinquantibus

223 1571 432 1643 apparuere,
447 1549 601 1622 ridicula.
635 1551 726 1622 Ecce
759 1571 864 1643 quam
887 1547 948 1618 tibi
974 1549 1081 1619 multa
1102 1547 1220 1620 Caesar
1245 1546 1305 1618 tri-

223 1672 288 1744 bus
314 1653 468 1766 epistolis
491 1671 625 1768 scripsi,
647 1672 677 1772 si
694 1671 838 1744 forsitan
864 1680 918 1742 ter
943 1679 1090 1742 vocatus
1116 1668 1301 1753 exaudias
1399 1767 1403 1774 .

220 1804 255 1866 et
275 1805 327 1880 ut,
349 1817 452 1888 quem
484 1819 551 1867 non
585 1805 685 1890 potes
718 1796 830 1879 aliter,
862 1785 897 1864 in
922 1793 978 1864 his
1004 1792 1127 1864 litteris
1148 1791 1303 1864 animum

221 1938 337 1990 meum
370 1938 503 1988 cernas.
537 1918 675 1987 Mallem
710 1939 813 2008 posse
847 1916 906 1988 tibi
940 1915 1082 1986 armatis
1103 1912 1300 2005 legionibus

221 2035 360 2126 obuiam
379 2037 427 2106 ire
445 2036 611 2128 imperata
629 2039 794 2108 facturus.
813 2036 915 2120 Quod
933 2058 1041 2106 unum
1059 2036 1171 2118 datur,
1186 2035 1304 2107 animo

221 2169 326 2250 atque
345 2155 644 2230 exhortationibus
671 2179 828 2244 occurro,
858 2178 973 2249 neque
999 2157 1067 2228 iam
1094 2156 1180 2228 satis
1207 2157 1300 2239 scio,

222 2280 307 2374 quid
327 2279 473 2363 ulterius
495 2281 768 2374 loquendoque,
785 2280 815 2350 si
833 2278 899 2350 boc
915 2301 985 2350 non
1004 2278 1137 2360 sufficit,
1154 2278 1240 2371 quid
1257 2299 1304 2350 ex

224 2425 279 2475 me
300 2405 459 2475 sufficere
479 2403 779 2498 possitintelligo.
800 2402 836 2473 ln
860 2411 901 2487 te,
922 2402 1142 2494 magnanime
1163 2402 1301 2486 Caesar,

225 2528 258 2596 in
279 2537 321 2612 te,
344 2528 494 2620 inquam,
517 2547 598 2597 esse
616 2523 722 2596 debet
739 2523 830 2615 ignis
844 2524 900 2595 ille
914 2545 1215 2618 quem-speramus
1241 2546 1304 2595 no—

224 2647 277 2720 bis
314 2659 350 2720 ct
386 2640 516 2740 algenti
549 2646 690 2718 iustitiae
721 2667 982 2718 succursurum.
1016 2645 1086 2716 Sed
1120 2645 1150 2716 is
1185 2646 1304 2750 forsan

224 2771 399 2844 extinctus
418 2781 488 2842 est:
510 2769 742 2864 nequidquam
764 2769 890 2842 flamus
911 2767 947 2838 in
964 2767 1127 2840 cinerem.
1150 2766 1305 2860 Improbi

224 2892 290 2964 viri
307 2893 454 2966 verbum
475 2903 544 2980 est,
578 2893 642 2966 sed
666 2894 737 2966 bac
772 2892 806 2962 in
839 2901 937 2988 parte
960 2891 1115 2974 veridici,
1140 2890 1303 2962 virtutem

224 3016 334 3086 verba
365 3038 433 3087 non
465 3017 606 3088 addere.
627 3016 793 3089 Excitare
825 3016 919 3088 illam
948 3023 1062 3110 potest
1083 3013 1303 3098 adhortatio,

225 3132 409 3207 uon-dare.
431 3137 552 3227 ltaque
572 3137 656 3208 nihil
686 3141 834 3231 amplius
860 3139 971 3210 dicam
999 3139 1067 3212 nisi
1100 3139 1136 3211 id
1170 3137 1203 3209 in
1231 3158 1306 3230 quo

225 3259 331 3331 totius
352 3257 482 3349 negotii
499 3257 552 3328 vis
574 3266 643 3328 est:
664 3259 780 3330 omnia
799 3260 952 3343 consilio,
969 3262 1096 3343 Caesar,
1111 3269 1225 3350 egent,
1243 3260 1307 3331 sed

225 3379 311 3450 nihil
331 3377 466 3450 inertia.
488 3379 533 3448 Et
552 3385 609 3448 cst
631 3377 688 3450 ubi
714 3400 783 3450 non
810 3380 957 3450 multum
977 3381 1199 3453 consultasse
1224 3401 1307 3452 oon·

228 3502 341 3574 silium
364 3501 419 3573 sit.
441 3500 537 3570 Vale.

369 3637 408 3694 Ill
421 3638 483 3694 Kal.
498 3635 673 3692 Decembres.
709 3691 710 3700 ,
