2988 4800
243 365 301 428 l8tl
586 379 625 424 na
648 376 748 423 neruus
769 374 990 423 mmmmmus
1056 410 1058 416 .

241 514 481 590 miserabiliter
502 516 698 606 deplorasti.
735 515 820 584 Nam
853 525 887 584 et
918 513 1002 582 nihil
1035 522 1091 584 est
1123 515 1219 606 quod
1253 517 1320 586 tuis

240 639 464 734 querimoniis
485 639 565 710 addi
593 649 712 729 queat,
740 647 775 708 et
800 659 925 708 vereor
951 659 993 707 ne
1020 638 1187 730 prurienti
1212 642 1320 712 ocello

240 762 438 834 confricatio
459 761 503 831 sit
524 764 682 844 molesta,
703 783 800 844 neve,
822 760 850 829 si
869 761 976 829 semel
994 759 1163 854 incepcro,
1187 766 1319 834 nullum

241 909 295 957 res
317 886 450 956 exitum
472 885 636 956 inveniat,
664 883 700 954 Id
727 883 868 974 quidem
890 883 984 974 quod
1017 906 1085 954 non
1119 885 1154 953 in
1190 886 1319 957 ultimis

239 1007 491 1079 adversitatum
512 1027 688 1087 numeraS,
711 1017 747 1074 ut
764 1027 818 1074 me
837 1005 955 1074 Romae
973 1027 1041 1074 non
1059 1004 1248 1092 inveneris
1269 1009 1320 1080 di-

239 1133 369 1201 vinitus
391 1133 516 1201 factum
538 1151 630 1211 reor,
645 1150 702 1210 ne,
723 1128 751 1196 si
770 1127 934 1218 congredi
956 1127 1123 1213 licuisset,
1143 1153 1212 1201 uon
1233 1139 1321 1202 tem-

239 1258 293 1347 pla
313 1255 374 1323 Dei
395 1253 580 1325 devotione
601 1250 782 1334 catholica,
803 1251 866 1320 sed
885 1251 981 1320 urbis
1003 1252 1169 1322 ambitum
1193 1256 1321 1326 lustra-

239 1394 356 1442 remus
383 1371 582 1443 curiositate
608 1371 755 1465 poetica,
778 1392 847 1440 non
868 1369 993 1440 animae
1012 1394 1132 1442 curam
1159 1384 1317 1466 agentes

240 1497 300 1567 sed
318 1497 495 1587 negotium
516 1493 736 1565 litterarium:
758 1493 949 1585 quodlicet
968 1495 1012 1563 sit
1029 1494 1317 1570 iucundissimum

238 1621 401 1712 pabulum
421 1620 626 1698 intellectus,
646 1617 712 1686 nisi
732 1625 848 1686 tamen
870 1617 914 1688 ad
936 1640 1044 1688 unum
1066 1640 1191 1689 verum
1213 1619 1318 1692 finem

239 1742 427 1832 redigatur,
448 1739 621 1810 infinitum
643 1739 784 1832 quidem
803 1748 837 1809 et
855 1740 957 1810 inane
977 1750 1042 1810 est.
1056 1741 1198 1814 Poteras
1221 1765 1314 1830 sane,

238 1863 266 1934 si
287 1863 457 1934 tarditatis
475 1882 563 1933 meae
581 1861 814 1946 meminisses,
837 1861 962 1933 mentis
980 1865 1127 1955 augurio
1144 1865 1319 1958 praevide-

238 2009 288 2072 re,
307 1987 401 2079 quod
422 2008 478 2056 me
499 1987 641 2056 Romam
664 2008 732 2056 uon
754 1984 883 2056 iubilaei
908 1985 1124 2079 principium,
1149 1987 1213 2058 sed
1237 1986 1316 2060 finis

238 2110 437 2182 adduceret.
463 2110 566 2195 Quod
591 2108 705 2201 ipsum
729 2109 883 2202 petitioni
916 2119 986 2180 tuae
1019 2132 1229 2202 responsum
1255 2114 1313 2196 sit,

237 2245 275 2305 ut
296 2237 398 2318 scias,
422 2256 476 2304 me
497 2232 542 2304 de
559 2233 673 2306 Africa
695 2245 830 2318 nostra,
848 2257 952 2328 quam
970 2234 1045 2306 iure
1067 2245 1126 2307 tuo
1142 2239 1313 2330 postulaS,

238 2379 305 2427 non
327 2368 482 2428 mutasse
494 2357 692 2429 consilium:
715 2358 854 2429 sienim
876 2381 1029 2450 unquam
1055 2358 1090 2428 in
1116 2360 1227 2430 lucem
1255 2383 1317 2432 ve-

237 2478 320 2560 niet,
342 2478 412 2548 noli
432 2477 476 2549 de
497 2477 567 2550 fide
588 2477 751 2573 promissi
771 2477 954 2550 dubitare:
977 2489 1074 2551 tuum
1095 2489 1176 2552 ante
1200 2482 1316 2554 omnia

237 2600 340 2669 limen
359 2612 462 2692 petet,
484 2603 614 2672 Varum
635 2603 692 2672 illa
713 2611 748 2672 et
768 2601 970 2673 morositate
991 2601 1139 2694 hospitis
1160 2612 1195 2676 et
1214 2604 1316 2676 innu-

237 2720 341 2792 meris
360 2724 506 2794 lortunae
523 2724 697 2817 repagulis
717 2723 901 2796 detinetur.
924 2725 1011 2810 Quae
1037 2725 1067 2796 si
1092 2737 1217 2798 cuncta
1236 2749 1314 2798 ces-

237 2858 364 2930 sarent,
380 2854 454 2917 tum
468 2849 578 2918 satius
595 2847 712 2918 visum
725 2855 789 2930 est,
804 2847 895 2918 illam
913 2847 1007 2920 domi
1024 2871 1164 2920 manere
1180 2859 1216 2920 et
1233 2872 1313 2921 cum

236 2978 339 3039 aetate
352 2972 518 3063 concoqui
532 2994 572 3042 ac
589 2980 839 3054 maturescere,
855 2993 911 3064 ne,
928 2971 958 3041 si
971 2981 1050 3043 ante
1064 2979 1203 3066 tempus
1217 2973 1315 3044 exis-

237 3103 305 3178 set,
325 3112 506 3181 pomorum
527 3115 622 3164 more
644 3114 724 3185 quae
741 3094 926 3164 immatura
944 3095 1049 3165 ramis
1068 3094 1310 3190 decerpuntur,

236 3215 392 3309 asperior
412 3216 592 3298 evaderet,
619 3239 684 3288 neo
709 3219 811 3288 ferret
837 3224 991 3299 aetatem;
1013 3219 1207 3309 praesertim
1232 3241 1312 3290 oum

236 3359 301 3409 nec
321 3337 453 3409 reditus
473 3350 570 3410 esset
590 3343 696 3411 semel
716 3340 751 3409 in
773 3340 949 3432 publicum
969 3361 1139 3432 egressae,
1161 3351 1197 3412 et
1216 3341 1314 3434 inge-

236 3463 283 3532 nii
304 3463 372 3532 mei
393 3462 602 3535 incredibilis
625 3464 767 3536 mutatio
788 3465 822 3534 in
844 3463 919 3534 dies
940 3462 1047 3533 fieret.
1071 3461 1202 3534 Dehinc
1226 3466 1312 3536 forte

236 3587 331 3659 aliud
350 3585 483 3658 consilii
505 3587 652 3680 eapiam,
676 3585 942 3680 incumbamque
966 3587 1044 3656 lima
1071 3587 1204 3658 ultima:
1231 3609 1311 3660 narn

235 3720 269 3783 et
289 3713 395 3782 multa
410 3732 490 3803 quae
506 3710 779 3794 remorabantur,
803 3709 917 3781 ablata
935 3719 1027 3793 sunt,
1048 3719 1083 3780 et
1099 3731 1178 3801 ego,
1197 3711 1232 3779 ni
1249 3711 1312 3780 lal-

237 3836 301 3916 lor,
330 3835 397 3904 iam
427 3855 503 3904 sum
528 3834 698 3927 quidquid
723 3844 759 3906 ut
782 3855 898 3906 essem
925 3856 971 3905 ex
1002 3837 1071 3906 alto
1100 3833 1310 3928 permissum

235 3965 321 4039 erat;
343 3956 505 4047 quamvis
528 3977 638 4050 usque
672 3957 717 4028 ad
750 3955 979 4028 novissimum
1008 3957 1090 4030 vitae
1113 3955 1205 4028 diem
1232 3975 1312 4047 pro-

235 4076 334 4166 gredi
354 4101 423 4148 non
443 4078 616 4162 desinam,
639 4089 807 4171 quantum
828 4081 935 4164 sinar,
957 4103 1023 4152 nee
1051 4081 1238 4172 desperem
1259 4075 1312 4168 pi·

236 4223 299 4291 gro
317 4202 418 4271 eliam
441 4202 641 4290 magisterio
664 4203 850 4275 senectutis
870 4203 1003 4275 doctior
1025 4225 1065 4274 ao
1083 4201 1203 4273 melior
1220 4196 1307 4273 fieri,
