3002 4794
458 393 550 444 nrnnn
570 393 683 445 nouus.
696 394 898 446 -nrrsvoun
919 397 948 446 v.
1180 383 1220 446 23

141 559 321 633 nunquam
343 557 400 610 me
420 535 592 632 prenituit,
612 537 676 610 sed
696 537 887 632 splendidae
904 537 1064 610 servituti
1082 537 1222 614 liberta-

142 677 211 736 tem
229 661 400 734 humilem
417 658 563 755 praetuli.
590 661 691 745 Quod
720 659 834 755 ipsum
867 661 1012 733 forsitan
1034 660 1220 750 siluissem,

141 787 208 860 nisi
229 793 438 882 superesset
458 783 573 856 adhuc
593 783 652 875 qui
672 804 728 854 me
753 781 811 854 illa
837 782 919 856 sede
943 783 1087 876 dignum
1111 785 1224 858 credi-

142 912 202 998 dit,
220 931 313 984 neve
333 909 411 1004 ipse
439 928 496 978 me
529 904 708 998 indignum
740 905 920 978 crederem
953 907 1223 982 clementissime

142 1034 353 1128 deprecatus
370 1040 438 1117 est,
462 1051 531 1102 non
551 1051 675 1122 rogare
697 1029 830 1116 solitus,
854 1030 918 1102 sed
938 1033 1055 1122 rogari
1080 1031 1125 1104 ab
1136 1031 1222 1129 ipsis

142 1157 250 1230 etiam
269 1154 415 1248 regibus
435 1151 557 1224 affusis
581 1151 829 1246 humiliterque
842 1153 1067 1247 supplicibus.
1083 1155 1147 1242 Sic,
1162 1155 1223 1228 ubi

142 1278 384 1374 mentiar,ipso
397 1295 541 1371 possum
554 1283 643 1347 teste
656 1275 829 1368 redargui.
837 1276 929 1362 Quid
940 1277 984 1350 de
997 1278 1221 1362 metudicam‚

143 1425 219 1475 oum
242 1402 361 1494 potius
380 1400 476 1472 dete
502 1401 664 1492 sperem?
689 1399 819 1490 Ingrati
850 1408 906 1470 est
937 1409 1092 1474 metuere
1117 1423 1223 1495 quem

143 1525 356 1598 benevolum
376 1523 426 1596 sis
456 1532 637 1617 expertus,
669 1524 754 1596 dum
774 1523 858 1597 nihil
890 1525 951 1596 tibi
984 1527 1033 1598 sis
1064 1528 1224 1601 conscius

145 1648 373 1742 mutandique
394 1646 499 1717 animi
519 1647 607 1718 ratio
627 1649 720 1720 nulla
741 1647 796 1719 sit.
822 1646 911 1720 Amo
940 1669 1006 1742 ego
1035 1661 1085 1735 te,
1119 1652 1225 1723 vene-

147 1795 288 1867 mrque,
311 1781 355 1858 et,
379 1769 410 1844 si
430 1771 477 1842 ita
489 1769 562 1856 vis,
584 1792 720 1856 vereor,
748 1792 817 1843 non
842 1771 961 1858 timeo,
976 1773 1225 1868 nisiquantum

146 1918 243 1968 amor
265 1895 342 1967 sine
362 1895 484 1966 timore
504 1915 574 1964 non
594 1893 743 1966 habitat:
769 1895 896 1989 quippe
916 1906 952 1967 et
976 1895 1012 1968 id
1033 1917 1169 1991 semper
1190 1905 1225 1968 te

147 2033 265 2114 optare
285 2016 462 2112 perpendi,
481 2039 594 2111 neque
615 2027 683 2088 tam
706 2017 819 2089 timeri
839 2019 927 2089 velle
942 2040 1047 2111 quam
1060 2019 1172 2111 diligi3
1189 2029 1225 2091 et

148 2147 230 2217 mihi
243 2144 387 2215 insitum
400 2152 455 2214 est
474 2141 647 2214 neminem
659 2162 869 2235 magnopere
885 2141 1083 2226 formidare,
1099 2142 1225 2214 nedum

148 2289 252 2360 quem
269 2287 386 2338 amare
407 2264 631 2336 decreverim.
664 2263 896 2348 Quamobrem
930 2263 998 2336 ista
1030 2265 1079 2336 sic
1112 2269 1224 2357 leges,

148 2398 263 2482 pater,
294 2397 331 2460 ut
349 2386 492 2460 noveris
513 2407 627 2480 neque
647 2384 725 2470 tibi,
748 2407 861 2479 neque
887 2409 1029 2458 romano
1054 2385 1223 2472 Pontifici,

149 2533 262 2606 neque
277 2512 438 2606 cuiquam
459 2530 604 2604 prorsus
629 2508 807 2580 hominum
833 2533 887 2581 me
914 2511 1123 2604 scripturum
1141 2511 1225 2596 haeo,

149 2635 214 2708 nisi
233 2635 329 2708 intus
346 2635 383 2705 in
400 2633 515 2705 animo
535 2635 686 2726 legerem
707 2651 787 2726 quse
808 2632 931 2706 scribo.

247 2760 362 2831 Unum
382 2755 648 2852 praetermisisse
668 2755 763 2826 dicar
783 2755 827 2827 ab
847 2754 889 2827 iis
910 2757 982 2850 qui,
1009 2767 1048 2830 ut
1084 2759 1120 2829 in
1154 2760 1228 2851 epi-

152 2884 235 2954 stola
266 2881 420 2976 quadam
452 2880 500 2952 ait
532 2881 639 2952 Iulius
674 2879 805 2966 Caesar,
836 2878 898 2949 tibi
923 2890 958 2951 et
983 2879 1068 2950 mihi
1090 2882 1228 2953 lucrant

151 3003 390 3090 inimicissimi,
424 3024 572 3097 quorum
605 3000 759 3074 artificiis
781 3002 940 3074 ellectum
965 3011 1029 3088 est,
1056 3025 1125 3074 non
1150 3003 1227 3076 dico

151 3130 241 3222 quod
254 3129 311 3200 ille
332 3126 429 3211 dixit,
454 3135 491 3197 ut
510 3147 566 3197 res
587 3124 738 3219 publica,
759 3125 823 3198 sed
839 3136 877 3197 ut
893 3124 1104 3198 familiaritas
1122 3135 1227 3220 atque

153 3249 299 3324 amicitia
331 3259 451 3320 nostra
483 3249 519 3319 in
551 3248 801 3320 honestatum
826 3247 1033 3341 perveniret.
1060 3249 1229 3322 Obiicient

153 3373 243 3445 enim
275 3395 332 3444 me
365 3372 426 3444 tibi
451 3357 533 3443 olim
557 3371 594 3441 in
618 3371 714 3443 curia
739 3370 980 3459 adversatum,
1007 3373 1103 3458 dum,
1134 3373 1229 3466 quod

154 3517 236 3566 vere
255 3503 459 3589 perpetuum
478 3493 639 3566 vicinitas
659 3496 789 3567 malum
810 3494 927 3581 habet,
951 3496 1068 3568 domui
1086 3496 1129 3568 de
1146 3495 1228 3566 Cor-

154 3620 237 3712 rigia
253 3621 440 3712 magnalis
459 3627 574 3691 tecum
591 3628 707 3693 esset:
724 3640 790 3691 nec
808 3621 1018 3692 mentientur
1030 3619 1095 3690 hcc
1109 3639 1227 3689 unum.

154 3742 218 3814 Sed
243 3741 451 3814 memoriam
484 3751 576 3813 tuam
611 3750 734 3814 testem
768 3741 915 3813 invoco:
948 3759 1104 3833 praesens
1135 3736 1228 3808 enim

152 3865 314 3938 omnibus
335 3866 516 3936 intereras.
538 3863 713 3957 Numquid
733 3873 815 3934 tunc
840 3885 887 3934 ex
906 3882 965 3933 ore
991 3883 1067 3932 mcc
1090 3859 1230 3954 aliquod

151 3988 349 4061 mordacius
381 3996 418 4060 et
450 3986 699 4059 irreverentius
729 3985 876 4069 verbum
907 3983 1060 4056 excidit?
1085 3985 1229 4079 quodsi

151 4134 305 4206 uuquam
325 4110 490 4184 excidere
509 4109 699 4208 debuisset,
722 4107 865 4193 fatebor,
882 4106 957 4178 sive
971 4129 1013 4179 ea
1026 4108 1229 4202 magnitudo

150 4235 255 4308 animi
277 4236 355 4309 sive
377 4234 553 4307 temeritas
573 4241 642 4317 est,
664 4234 772 4305 multo
788 4230 921 4304 facilius
939 4230 1057 4306 induci
1074 4243 1227 4326 poteram
