3078 4798
380 364 473 413 urnsn
495 359 995 421 oo1urusuuu1uus.-u1³1suoun
1018 362 1078 410 xrs.
1212 351 1270 410 353

186 514 224 575 et
245 500 377 574 militiae
397 511 528 572 nostrae
546 499 708 593 princeps
721 496 766 568 ad
785 519 932 589 superos
952 499 1036 569 calle
1041 499 1267 590 planissimo.

184 627 241 698 Sic
263 644 384 696 omnes
408 621 473 694 sibi
495 621 714 693 difficultates
735 629 839 714 atque
866 620 975 691 ardua
999 641 1150 713 qumque
1176 641 1271 692 com-

186 751 404 844 planaverat,
422 745 620 837 durumque
639 747 763 816 malleo
780 733 925 815 ‘torvide
943 742 1082 814 virtutis
1103 742 1169 813 iter
1183 751 1271 814 stra-

185 880 302 954 verat,
322 879 361 940 ut
385 867 468 940 nihil
491 867 632 940 omnino
652 866 747 959 quod
766 865 889 958 pedem
911 863 1104 956 gradientis
1121 864 1272 938 offende-

186 1003 248 1076 ret,
267 991 463 1064 occurrisse
482 1011 570 1062 rear.
589 989 656 1060 lvit
675 997 793 1058 autem
816 1008 953 1057 summo
974 985 1102 1076 gaudio
1122 989 1271 1059 felicium

186 1113 397 1195 animarum,
419 1109 611 1184 dulcisonis
633 1106 792 1179 cantibus
814 1109 1018 1197 angolorum
1032 1116 1128 1178 astra
1147 1118 1183 1179 et
1201 1131 1272 1182 coe-

187 1238 259 1307 lum
280 1256 382 1307 omne
405 1232 653 1312 mulcentibus,
680 1231 715 1301 in
742 1230 822 1300 sinu
842 1238 1012 1324 exceptos
1039 1229 1191 1302 Abrahae
1216 1235 1272 1302 vel

188 1358 298 1452 ipsius
332 1358 446 1450 potius
473 1357 507 1425 in
528 1354 662 1448 gremio
688 1354 768 1426 lesu
794 1351 933 1433 Christi;
961 1353 989 1422 si
1016 1374 1083 1444 qua
1112 1374 1213 1446 spes,
1242 1353 1272 1425 si

187 1504 258 1576 qua
289 1480 378 1548 fides
412 1495 497 1546 vera
524 1481 594 1558 est,
616 1474 804 1566 episcopus
826 1482 947 1544 noster
966 1474 1156 1565 empireum
1180 1476 1272 1548 unde

188 1622 365 1694 nunquam
399 1597 623 1670 meditatione
652 1595 865 1670 discesserat
901 1598 1026 1668 coelum
1063 1605 1164 1667 tenet.
1203 1599 1273 1670 Hoc

189 1699 322 1797 tan-tum
344 1723 488 1794 interest
509 1721 603 1814 quod
631 1721 687 1792 ubi
715 1719 883 1792 hactenus
911 1741 1014 1792 curas
1041 1740 1125 1791 snas
1151 1740 1272 1792 omnes

188 1827 323 1928 babuit,
346 1844 394 1915 ibi
414 1866 506 1916 nune
526 1851 631 1914 totam
655 1843 761 1914 habet
781 1843 945 1926 animam,
968 1851 1004 1914 et
1023 1843 1178 1938 eorporis
1202 1866 1275 1916 ser·

188 1969 277 2042 vitio
302 1989 343 2039 ac
370 1978 508 2038 terreno
539 1987 678 2038 carcere
712 1965 892 2047 liberatus
920 1964 988 2036 illic
1009 1967 1110 2036 laetus
1133 1968 1274 2060 votique

188 2111 330 2186 compos
352 2087 485 2160 habitat
504 2109 575 2181 quo
596 2089 705 2159 multa
725 2087 807 2159 olim
829 2087 981 2182 suspiria
1002 2097 1121 2159 sancta
1139 2089 1275 2180 praemi-

190 2226 292 2287 serat.
313 2211 364 2283 lbi
382 2220 437 2283 est
454 2210 547 2284 unde
566 2213 660 2281 nulla
678 2232 759 2280 eum
777 2209 833 2280 vis
850 2187 1002 2294 hostilis,
1025 2212 1159 2280 nullum
1180 2211 1273 2282 taedii

189 2337 341 2431 pondus
364 2337 459 2406 nulla
480 2342 659 2416 senectus
683 2334 777 2404 nulla
801 2353 892 2402 mors
915 2331 1098 2415 distrahas
1127 2333 1186 2404 ubi
1206 2357 1274 2406 non
1389 2391 1391 2396 ,
1414 2327 1416 2332 ’

188 2459 346 2531 crucient
367 2457 498 2540 morbi,
519 2478 588 2528 non
607 2464 713 2547 angat
729 2454 858 2548 inopia,
878 2477 947 2526 non
961 2455 1099 2528 fastidia
1116 2456 1273 2542 afficiant,

191 2602 269 2658 non,
280 2590 464 2672 torqueant
484 2599 591 2662 curm,
611 2599 680 2648 non
698 2577 789 2648 bella
807 2587 1037 2669 perterreant3
1061 2577 1120 2650 ubi
1138 2599 1207 2651 non
1224 2581 1275 2652 ira

191 2705 346 2776 animum
379 2701 558 2786 accendat,
593 2723 662 2774 non
696 2700 776 2772 odia
809 2700 1039 2786 inflamment,
1074 2724 1142 2773 non
1168 2705 1275 2775 luxus

190 2826 361 2919 inquinet,
383 2847 452 2897 non
473 2828 554 2918 gula
572 2823 733 2906 solicitet3
761 2823 819 2894 ubi
845 2846 913 2895 non
931 2823 1040 2895 tristis
1057 2826 1159 2897 rodat
1175 2826 1274 2910 livor,

193 2947 406 3041 prosperitas
428 2970 518 3020 vana
540 2951 766 3041 permnlceat,
795 2943 929 3040 pungat
952 2945 1162 3032 adversitas,
1191 2948 1278 3020 laeti-

193 3071 239 3142 tia
258 3069 427 3158 effundat,
450 3071 547 3142 inllet
566 3072 681 3156 elatio,
705 3093 787 3165 spes
809 3073 956 3155 attollat,
979 3071 1119 3144 deiiciat
1139 3059 1280 3155 metue,¹

192 3193 292 3266 dolor
304 3190 502 3275 contrabat,
522 3191 683 3265 conficiat
701 3216 844 3276 moeror,
862 3194 1062 3288 desperatio
1075 3195 1275 3290 praeoipitet.

192 3315 328 3400 Quibus
350 3315 448 3386 malis
468 3335 679 3407 quamquam
698 3314 753 3385 hie
778 3315 881 3385 etiam
908 3325 1004 3386 esset
1021 3317 1184 3388 immunis
1204 3339 1276 3390 οω-

193 3440 314 3510 lestem
336 3457 481 3531 prorsus
508 3434 542 3506 in
569 3434 671 3506 terris
698 3435 804 3505 vitam
831 3456 956 3525 agens,
992 3446 1107 3507 tamen
1138 3446 1277 3530 propter

195 3561 367 3632 humanas
400 3557 574 3644 miserias,
610 3558 700 3629 inter
725 3577 812 3649 quas
840 3557 1038 3629 necessario
1058 3555 1275 3641 versabatur,

194 3681 309 3754 anima
330 3682 388 3753 illa
411 3681 631 3754 sanctissima
658 3701 727 3752 non
755 3678 888 3752 moveri
917 3700 989 3750 non
1017 3688 1153 3771 poterat
1173 3679 1276 3750 inter-

194 3803 291 3886 dum,
313 3803 512 3897 optimeque
531 3806 651 3874 valens
668 3803 704 3874 in
723 3823 761 3873 se
779 3802 870 3894 ipsa,
891 3823 1139 3893 nonnunquam
1157 3800 1277 3873 alienis

194 3933 364 4016 egrotare
384 3925 574 4022 cogebatur
599 3923 746 4006 morbis,
768 3923 928 4019 compati,
950 3923 1096 4005 mederi,
1118 3925 1279 3995 consule-

196 4068 245 4131 re,
267 4069 482 4132 succurrere,
502 4047 670 4120 laborare.
689 4047 787 4118 Nunc
803 4044 939 4118 tandem
955 4049 1054 4140 plene
1066 4047 1150 4118 felix
1163 4045 1211 4116 ihi
1224 4054 1279 4116 est

196 4167 254 4240 ubi
272 4191 336 4242 nec
352 4170 427 4242 suis
441 4191 505 4242 nec
519 4169 642 4242 alicnis
657 4178 839 4264 torquetur
851 4168 1057 4258 angoribus,
1072 4169 1157 4263 quin
1173 4168 1276 4240 etiam

327 4299 352 4336 υ·
1092 4289 1124 4338 ss
