3002 4794
256 297 295 360 20
589 311 630 359 on
651 312 751 360 onnus
772 309 992 360 ruunnmeus

256 453 521 526 coniecturalem
541 463 667 525 vocant
683 473 867 524 causarum
883 451 1125 523 constitutione
1135 471 1326 541 versamur,

255 577 291 646 in
310 575 430 670 primis
451 575 706 668 exquirendum
727 597 806 647 reor
822 574 908 669 quid
927 596 984 644 me
1000 573 1045 646 ad
1060 575 1254 647 nocendum
1268 577 1330 648 tibi

254 700 367 793 possit
387 699 577 792 impellere:
599 697 740 790 quodsi
760 698 845 768 nihil
861 717 942 770 esse
958 696 1160 782 constiterit,
1182 721 1247 770 nec
1266 722 1330 771 no·

256 822 372 894 cuisse
388 843 445 892 me
475 830 623 906 constet,
645 842 710 893 neo
738 843 863 894 nocere
895 819 1064 907 voluisse,
1095 843 1160 892 nec
1190 825 1331 896 volendi

256 965 397 1016 causam
409 943 587 1016 habuisse.
601 944 701 1028 Sane,
716 943 784 1014 nisi
796 944 901 1028 fallor,
915 943 1032 1014 omnia
1044 965 1125 1037 quae
1137 943 1173 1013 in
1185 943 1331 1022 alienam

255 1066 442 1160 perniciem
463 1065 650 1137 moliuntur
669 1066 827 1137 homines
847 1067 967 1136 velex
985 1065 1065 1137 odio
1082 1077 1329 1163 praeconcepto,

257 1190 314 1260 vel
331 1211 378 1260 ex
394 1189 572 1284 repentina
596 1188 661 1273 ira,
685 1190 742 1260 vel
763 1211 810 1258 ex
829 1187 973 1273 invidia,
993 1190 1110 1259 velex
1123 1211 1201 1285 spe,
1215 1192 1272 1262 vel
1284 1211 1331 1262 ex

257 1321 351 1382 metu
368 1311 483 1405 aliquo
500 1311 700 1407 procedunt.
722 1313 853 1383 Praeter
870 1310 947 1383 haec
963 1310 1046 1404 qnid
1056 1332 1175 1384 causae
1189 1312 1332 1405 reperiri

255 1435 367 1532 possit
386 1434 433 1506 ad
452 1435 645 1508 nocendum
671 1457 741 1505 non
773 1434 937 1527 intelligo,
971 1433 1039 1506 nisi
1070 1436 1158 1506 sorte
1190 1446 1332 1508 cruenta

258 1560 420 1651 quaedam
437 1568 473 1631 et
488 1557 677 1630 inhumana
697 1569 800 1651 atque
822 1555 1014 1629 miserrima
1034 1555 1253 1651 delinquendi
1270 1581 1332 1632 vo

257 1684 380 1776 luptaS,
395 1703 501 1775 quam
517 1683 687 1777 suspicari
704 1682 739 1754 in
752 1681 890 1754 homine
904 1703 999 1753 sanae
1011 1681 1138 1754 mentis
1157 1681 1331 1754 iniurium.

259 1805 329 1876 llas
345 1805 498 1900 quinque
514 1825 640 1878 causas
655 1805 686 1877 si
698 1805 782 1876 libet
794 1805 1004 1898 attingamus
1018 1804 1181 1877 breviter.
1196 1805 1330 1890 Odium,

257 1936 368 2022 poter,
391 1929 564 2002 adversus
587 1940 621 2000 te
641 1927 734 2000 unde
754 1929 839 2001 mihi
859 1950 996 2021 quaeso,
1017 1949 1080 2000 seu
1092 1928 1219 2022 quihus
1240 1950 1333 2000 ara-

256 2051 393 2124 dicibus
410 2055 594 2125 exortum?
614 2052 706 2136 Quid
734 2061 772 2124 tu
800 2052 884 2123 mihi
917 2053 1061 2144 dignum
1094 2051 1174 2124 odio
1198 2051 1333 2124 fecisti?

256 2177 387 2271 Nempe
408 2176 505 2270 prius
522 2178 630 2248 multo
651 2198 755 2270 quam
777 2175 926 2270 primum
946 2186 1025 2268 post
1045 2184 1078 2246 te
1094 2176 1208 2247 locum
1220 2173 1256 2245 in
1274 2195 1332 2247 ee-

257 2301 364 2373 clesia
381 2309 544 2386 tenerem,
563 2301 686 2373 ultimo
705 2302 821 2372 forsan
841 2299 1014 2390 indignus,
1030 2307 1135 2370 tume
1147 2319 1216 2370 non
1229 2299 1332 2370 modo

257 2424 351 2494 nulla
367 2422 513 2507 offensa,
532 2444 612 2514 quae
632 2421 702 2494 odii
722 2431 835 2492 mater
854 2431 922 2504 est,
958 2419 1022 2492 sed
1053 2423 1160 2492 multo
1192 2443 1333 2515 semper

258 2545 389 2617 honore
409 2555 628 2637 prosecutae,
647 2543 765 2616 multis
783 2565 878 2639 saepe
894 2541 1081 2614 maioribus
1106 2552 1141 2613 et
1160 2543 1196 2612 in
1212 2535 1333 2616 altiore

257 2666 434 2760 dignitatis
452 2666 563 2760 gradu
582 2667 705 2761 positis
723 2665 912 2758 praetulisti.
934 2665 1029 2736 Hanc
1044 2661 1150 2756 igitur
1166 2664 1236 2737 odii
1248 2687 1331 2738 cau·

259 2810 333 2862 sem
346 2790 468 2864 afferre
480 2791 672 2863 ridiculum.
690 2788 795 2882 Atqui
811 2789 892 2873 alia,
907 2810 1010 2881 quam
1028 2811 1095 2883 ego
1112 2788 1253 2884 quidem
1268 2811 1331 2861 no-

257 2912 378 2997 verim,
393 2913 486 2984 nulla
497 2920 562 2983 est.
574 2913 662 2982 Nam
681 2911 725 2983 de
737 2912 789 2982 ira
801 2911 885 3005 quid
897 2911 1019 2982 attinet
1030 2911 1132 3005 loqui,
1146 2933 1226 2983 cum
1238 2919 1274 2983 et
1284 2911 1330 2983 de

258 3032 338 3105 odio
355 3034 484 3106 dietum
510 3035 563 3121 sit,
591 3035 685 3128 quod
704 3034 872 3107 occultius
891 3044 946 3106 est
966 3037 1103 3120 malum,
1130 3043 1165 3106 et
1184 3056 1331 3107 conver-

259 3156 347 3229 satio
366 3156 485 3243 rarior,
499 3167 627 3252 etpost
646 3161 788 3252 longum
809 3156 879 3230 laeti
901 3179 1035 3251 semper
1053 3157 1236 3250 serenique
1247 3177 1331 3227 con-

258 3299 410 3372 gressus
428 3282 560 3351 nullum
591 3282 653 3354 irae
678 3283 790 3353 locum
822 3279 987 3351 fecerint?
1015 3281 1064 3350 De
1089 3277 1220 3350 invidia
1246 3279 1332 3372 quid

258 3400 378 3485 dicam,
393 3401 460 3472 nisi
472 3402 566 3495 quod
583 3402 809 3476 fidentissime
822 3401 1076 3495 verissimeque
1089 3425 1232 3496 possum
1245 3403 1330 3475 nulli

258 3546 314 3596 me
334 3546 486 3618 unquam
516 3526 693 3597 hominum
720 3526 912 3600 invidisse‘l
941 3526 1053 3618 AEque
1086 3527 1216 3599 utinum
1249 3547 1330 3596 con-

258 3647 437 3742 temptoris
457 3656 497 3719 ut
516 3647 624 3720 invidi
650 3649 788 3720 infamia
816 3649 903 3720 liber
927 3650 1061 3722 essem!
1094 3648 1194 3733 Quod
1226 3645 1256 3715 si
1284 3645 1330 3716 de

258 3771 357 3842 annis
378 3771 600 3844 calidioribus
617 3794 739 3844 verum
760 3781 828 3858 est,
848 3771 907 3844 ubi
927 3769 1195 3845 innumerabiles
1220 3789 1328 3841 aemu-

258 3893 423 3964 lationum
443 3915 561 3966 causae
577 3904 772 3986 emergunt,
794 3893 979 3989 quidnunc
991 3905 1092 3987 putas
1105 3891 1252 3982 quando,
1268 3912 1328 3964 su-

257 4015 386 4107 peratis
411 4017 572 4110 procellis
595 4016 798 4088 iuvenilium
823 4019 1044 4109 passionum,
1071 4033 1193 4109 prope,
1219 4024 1259 4086 ut
1282 4013 1330 4086 ait

257 4134 418 4219 comicus,
442 4136 477 4207 in
497 4147 633 4231 portum
660 4139 812 4228 navigo?
836 4139 963 4211 lterum
988 4136 1081 4221 dieo,
1100 4145 1135 4209 et
1160 4138 1269 4210 Deum
1296 4146 1331 4209 et
