2988 4800
426 359 520 410 nrsnn
541 359 900 412 necinus-srmone
922 365 950 413 v.
1195 351 1231 414 97

156 497 246 570 rium
265 496 357 567 circa
375 496 520 568 moralia
533 497 766 588 negotiantem
778 497 875 584 dicit,
890 499 982 572 etde
998 509 1122 574 notura
1138 501 1233 572 nihil.

155 619 206 692 Ac
225 641 272 690 ne
293 618 433 692 dubites
460 619 506 692 de
525 629 736 715 contemptu,
759 621 878 695 Cicero
899 623 934 694 in
958 621 1080 716 Officiis
1100 623 1150 696 sic
1170 625 1234 695 eit:
1308 635 1310 640 '

154 741 347 834 Eodemque
371 739 466 814 modo
485 741 525 812 de
541 739 713 814 Aristotele
733 751 767 817 ec
795 741 932 816 Socrate
956 743 1077 831 iudico,
1098 769 1237 839 ponem
1307 787 1312 800 «

155 881 293 960 umque
309 890 368 938 suo
384 865 491 938 studio
510 865 694 950 delectatos,
713 871 903 961 contempsit
922 863 1080 940 atreum(
1093 869 1165 941 Hoc
1181 877 1237 940 est

155 990 265 1084 igitur
286 1011 356 1082 quo
381 1012 452 1064 non
474 989 649 1062 modicum
682 1011 739 1062 me
770 991 888 1062 mirari
911 991 1030 1063 fateor.
1058 991 1128 1064 Sed
1152 991 1236 1064 illud

155 1115 268 1185 multo
288 1112 532 1186 vehementius
564 1112 659 1206 qnod
692 1111 795 1186 nnius
825 1112 1054 1208 eiusdemque
1085 1114 1235 1186 hominis

156 1245 239 1308 vota
259 1235 471 1308 discordent.
494 1233 580 1318 Quis
600 1244 773 1320 nostrum,
788 1255 912 1329 qnaeso
928 1235 1033 1322 enim,
1052 1237 1144 1308 idem
1162 1237 1238 1308 vult

157 1379 271 1430 senex
289 1357 386 1451 qnod
406 1357 515 1431 voluit
535 1357 696 1430 invenis?
715 1357 830 1429 Minus
850 1357 939 1430 dico.
967 1358 1053 1442 Quis
1078 1369 1236 1431 nostrum

157 1481 250 1554 idem
273 1482 349 1553 vult
369 1480 495 1576 hyeme
508 1479 604 1574 quod
619 1480 936 1553 aesteteiNondum
952 1481 1048 1574 quod
1067 1481 1102 1552 in
1122 1482 1237 1554 enimo

158 1613 212 1676 est
238 1603 326 1676 dixi.
357 1602 443 1688 Quis
468 1612 625 1676 nostrum
652 1602 744 1675 idem
771 1605 847 1674 vnit
872 1602 977 1676 hodie
1010 1602 1105 1696 qnod
1137 1602 1237 1674 heri?

158 1726 251 1798 idem
272 1747 353 1798 sero
373 1725 467 1819 quod
487 1746 589 1797 mene
609 1725 793 1797 volueret?
813 1727 931 1820 Ipsum
951 1725 1045 1798 diem
1063 1725 1099 1796 in
1118 1726 1234 1810 horas,

158 1848 280 1920 horem
307 1847 343 1919 in
368 1858 544 1920 momenta
568 1847 711 1940 pertire3
732 1849 849 1943 plures
875 1849 979 1922 nnius
1004 1849 1154 1922 hominis
1175 1870 1238 1920 vo-

158 1972 311 2044 luntates
331 1971 488 2042 invenies
508 1991 613 2064 qnam
634 1979 823 2042 momenta:
844 1970 911 2044 hoc
929 1982 985 2043 est
1004 1971 1098 2065 quod
1119 1971 1238 2064 singn-

157 2095 275 2168 lariter
301 2094 423 2177 miror3
448 2093 542 2187 quod
567 2113 636 2165 non
661 2093 779 2165 mirari
799 2113 921 2166 omnes
941 2094 1099 2166 homines
1120 2093 1234 2186 magis

158 2217 275 2290 miror.
298 2214 368 2288 Sed
388 2217 457 2287 iam
479 2217 564 2288 satis
585 2224 756 2308 evagatus
777 2237 872 2288 snm:
893 2216 938 2289 ad
959 2224 1007 2298 te,
1025 2217 1145 2301 frater,
1164 2215 1237 2288 An-

157 2341 410 2434 gustinumque
431 2349 527 2412 tuum
549 2339 664 2412 redeo.
686 2315 775 2412 lttu'd
794 2361 879 2431 ergo
900 2359 1007 2433 snpra
1027 2337 1132 2412 fidem
1158 2349 1234 2412 stu-

156 2485 238 2559 peo,
261 2462 369 2558 quod,
398 2462 456 2534 illo
476 2470 580 2547 teste,
608 2484 678 2534 non
701 2461 758 2536 his
783 2461 925 2554 quidem
945 2461 1064 2534 verbis
1090 2461 1153 2535 sed
1172 2462 1237 2535 hac

157 2589 261 2679 plano
282 2585 456 2658 sententia
480 2584 616 2659 dixisti:
643 2584 756 2656 Unum
788 2584 963 2658 hominem
998 2605 1116 2658 secum
1146 2586 1238 2659 circo

157 2729 265 2780 onom
285 2707 514 2799 eamdemque
548 2727 621 2778 rem
653 2715 690 2778 et
719 2706 843 2780 eodem
875 2718 1048 2780 momento
1067 2708 1236 2802 temporis

159 2830 360 2906 dissentire:
390 2831 534 2920 vulgato
565 2828 750 2914 dementia,
783 2840 819 2902 et
850 2828 1029 2902 ambulare
1061 2832 1150 2902 velle
1171 2853 1236 2902 nos

159 2974 308 3047 semper,
327 2973 504 3046 nunquam
525 2951 723 3045 pervenire3
735 2951 831 3046 qnod
847 2951 932 3023 nihil
949 2961 1005 3024 est
1020 2953 1115 3026 aliud
1131 2975 1236 3048 qnam
1269 3015 1276 3033 ,

160 3077 208 3148 ire
229 3077 321 3148 velle
341 3074 445 3148 simul
465 3083 501 3146 et
520 3074 729 3159 consistere,
750 3074 787 3147 id
806 3085 862 3146 est
881 3075 973 3147 enim
993 3077 1083 3148 velle
1103 3077 1234 3162 vivere,

159 3199 250 3274 nolle
266 3196 369 3282 mori;
390 3217 470 3268 oum
490 3195 526 3268 in
546 3198 680 3290 psalmo
700 3196 865 3291 scriptum
886 3207 956 3270 est:
982 3195 1065 3286 Quis
1081 3209 1129 3270 est
1142 3187 1237 3270 tomo

159 3321 216 3412 qoi
234 3321 326 3390 cioet
358 3330 389 3390 et
418 3341 486 3390 non
505 3317 628 3392 videbit
659 3321 816 3391 mortem?
835 3321 881 3392 Et
911 3329 1027 3393 tamen
1047 3322 1095 3393 ite
1115 3341 1155 3393 se
1179 3343 1236 3394 res

159 3442 279 3516 habet:
305 3442 372 3516 hoe
391 3444 570 3528 volumus,
592 3443 658 3515 hoo
678 3443 793 3516 animo
814 3465 951 3530 sumus,
979 3453 1074 3518 tenta
1097 3445 1236 3517 caeeitns

159 3574 225 3650 est,
248 3572 345 3636 tanta
363 3564 592 3658 perversitas,
614 3573 732 3639 tantus
758 3568 865 3638 furor:
892 3567 1001 3638 vitem
1027 3566 1117 3637 hanc
1136 3577 1235 3660 opte-

160 3709 254 3774 mus,
273 3696 421 3760 mortem
438 3686 543 3760 huius
560 3687 643 3760 vitae
659 3689 842 3761 terminum
859 3709 1076 3762 execramur.
1093 3687 1148 3758 En
1161 3695 1236 3758 stu-

159 3810 218 3883 dia
249 3831 335 3882 vere
366 3809 553 3894 contrarie3
579 3832 624 3882 en
648 3812 786 3905 penitus
819 3821 900 3884 vota
929 3810 1130 3906 pugnantia,
1165 3830 1235 3882 non

160 3935 274 4006 solum
287 3932 751 4027 qnianeeessariohenoilla
764 3933 934 4027 sequitur,
950 3932 1129 4005 sedetiam
1142 3933 1233 4026 qnia,
1258 3949 1260 3956 ’

161 4065 199 4126 ut
218 4055 267 4128 ait
288 4055 420 4140 Cicero,
443 4056 498 4128 oui
519 4057 639 4129 nescio
655 4057 828 4151 quomodo
841 4056 876 4126 in
889 4056 955 4128 heo
968 4078 1006 4128 re
1019 4078 1127 4153 prope
1139 4059 1236 4150 pius-

160 4199 266 4270 qnem
287 4177 464 4250 catholicis
486 4178 634 4253 testibus
656 4180 823 4275 npudme
840 4177 920 4252 fidei
936 4188 1004 4265 est,
1033 4181 1100 4252 icccc
1125 4193 1237 4252 nostro

287 4308 313 4348 ιι.
1068 4302 1083 4350 't
