2988 4800
208 455 211 460 -
279 416 335 478 ton
615 430 655 477 nn
676 427 777 478 nenos
797 427 1017 478 nnnnnninns
1130 491 1131 496 Ἰ

278 566 479 640 menindici
499 574 616 659 queat:
643 586 712 636 non
735 566 827 637 illam
846 565 974 638 virtute
993 572 1028 635 et
1049 563 1154 633 armis
1180 560 1345 658 potentio-

278 714 353 762 rem
369 695 518 763 futuram
533 709 614 762 esse
629 710 734 782 quam
754 688 886 782 lingua,
909 687 940 759 si
965 686 1069 760 studii
1092 685 1190 758 labor
1209 708 1280 760 non
1300 685 1349 755 of-

278 815 397 889 fendat
415 813 566 904 ingenia.
586 813 734 904 Magnus
752 811 835 882 mihi
860 811 1082 904 transalpinae
1101 808 1272 882 facundiae
1299 822 1350 884 te·

280 939 343 1009 stis
375 946 431 1009 est
461 939 614 1009 calamus
636 943 729 1008 tuus.
749 935 799 1005 De
830 933 886 1006 his
915 934 1018 1006 modo
1048 933 1095 1004 nil
1126 935 1287 1026 amplius,
1306 959 1349 1008 ne

279 1081 433 1131 mearum
446 1059 599 1143 laudum,
614 1058 650 1127 in
661 1056 798 1151 quibus
808 1057 1090 1151 eloquentissime
1103 1058 1167 1142 vir,
1176 1057 1350 1152 exquisite

280 1179 466 1253 admodum
489 1193 525 1253 et
549 1192 618 1253 tam
644 1203 728 1252 vere
748 1182 876 1253 utinam
901 1203 1006 1276 quam
1030 1180 1161 1254 diserte
1185 1190 1350 1254 versatus

278 1326 332 1388 eo,
354 1303 559 1396 rependisse
578 1326 635 1375 me
655 1303 715 1376 tibi
740 1304 843 1375 hodie
864 1305 976 1376 vicem
1003 1314 1125 1398 putes:
1151 1326 1198 1376 ex
1222 1304 1349 1397 quibus

279 1428 421 1522 quidem
441 1429 609 1520 pudorem
630 1427 778 1498 mixtum
804 1449 883 1498 oum
910 1430 1085 1521 voluptate
1106 1427 1268 1522 percipio.
1296 1428 1351 1498 lu-

279 1559 341 1622 vet
359 1550 451 1622 enim
473 1549 534 1619 tibi
554 1550 684 1643 aliquid
702 1550 828 1621 videri:
850 1550 958 1642 pudet
981 1572 1051 1621 non
1077 1551 1273 1644 essequod
1297 1549 1351 1622 vi-

280 1673 373 1744 deor.
395 1673 511 1744 Sentio
528 1682 659 1744 autem:
677 1672 732 1743 ille
750 1673 805 1743 vir
820 1674 972 1767 optimos
986 1681 1019 1744 te
1032 1673 1161 1759 fefellit,
1180 1672 1237 1744 oui
1253 1671 1351 1743 dein-

279 1817 362 1889 ceps
374 1795 410 1864 in
421 1794 591 1882 omnibus
606 1805 735 1890 praeter
750 1816 855 1887 quam
872 1794 907 1864 in
925 1795 1031 1867 rebus
1045 1795 1140 1880 meis,
1154 1794 1350 1868 hahendam

280 1913 385 1987 fidem
411 1915 506 1988 scito.
533 1915 637 1987 Amat
659 1916 767 1987 enim:
794 1915 862 1987 iam
887 1916 1049 2009 intelligis
1075 1915 1192 1989 iudicii
1216 1916 1351 1988 oaeoita-

281 2046 365 2109 tem:
387 2040 490 2110 talem
507 2039 563 2112 ilie
580 2061 635 2112 me
657 2039 834 2133 praedicat,
856 2042 994 2133 qualem
1014 2040 1118 2135 cupit.
1139 2041 1228 2113 Vive
1247 2037 1351 2112 fetici-

282 2172 332 2233 ter
351 2171 386 2234 et
405 2165 494 2236 vale.
