3002 4794
240 331 278 394 28
576 347 618 395 ns
638 345 739 395 ornus
760 343 980 394 snurnmmsus

240 488 414 581 prodesse,
442 490 474 562 si
493 488 635 582 possim.
664 487 720 559 Sic
744 488 903 560 affectum
929 485 1099 579 suspicari
1123 509 1221 560 error
1245 501 1313 575 est,

239 608 358 680 odisse
391 609 587 682 crudelitas.
619 609 694 701 Ego
719 630 804 680 vero
828 631 875 680 ex
899 617 933 678 te
959 608 1076 679 odium
1101 629 1171 679 non
1196 610 1313 698 timec,

240 725 344 797 modo
365 724 516 818 suspicio
541 734 737 796 evanescat.
771 725 866 794 Illam
898 723 1017 811 abiice,
1053 747 1116 819 per
1135 748 1256 798 omnes
1282 737 1317 798 te

241 846 411 920 coelicolas
425 847 701 943 precor:pondus
711 847 896 917 infaustum
910 847 1157 940 pestilensque.
1170 847 1314 936 Evolve,

242 971 271 1042 si
291 979 403 1055 vacat,
434 971 596 1062 exempla
621 969 813 1041 maiorum:
839 968 975 1041 videbis
1000 980 1084 1063 quot
1109 979 1319 1064 quantaeque

241 1094 392 1166 miseriae
417 1116 437 1164 e
463 1092 719 1186 suspicionibus
745 1100 832 1163 ortae
858 1090 936 1162 sint.
963 1092 1039 1184 Ego
1064 1095 1155 1163 enim
1181 1101 1317 1189 tempus

242 1237 334 1287 nunc
354 1215 398 1286 ad
419 1214 486 1285 ista
505 1236 574 1285 non
598 1213 725 1286 babeo:
751 1211 858 1284 diram
883 1223 1049 1307 quantum
1075 1217 1177 1313 nuda
1195 1216 1318 1310 raptim

243 1339 318 1408 sine
350 1338 448 1410 libris
479 1347 639 1432 suppetet
663 1339 828 1410 memoria
852 1359 896 1409 ne
922 1359 979 1409 res
1005 1348 1122 1410 careat
1146 1341 1317 1432 exemplo.

241 1461 460 1558 Hippolytum
475 1462 708 1535 castissimum
722 1463 977 1534 adolescentem
990 1462 1144 1534 incestus
1158 1464 1245 1533 salsa
1257 1483 1320 1532 no-

241 1607 359 1656 vercae
382 1585 554 1658 delatione
580 1596 782 1679 suspectum
806 1585 926 1657 infelix
950 1594 1049 1681 pater
1073 1584 1208 1657 occidit.
1234 1585 1319 1655 Pro-

244 1708 313 1779 cris
331 1731 420 1780 uxor
436 1709 673 1782 amantissima
689 1709 790 1780 vanis
809 1708 1065 1803 suspicionibus
1078 1708 1123 1781 ob
1134 1729 1320 1781 accensum

210 1890 217 1915 ,
245 1832 359 1901 zelum
379 1830 478 1902 inscii
498 1831 613 1902 mariti
633 1833 710 1904 telis
736 1831 906 1905 occubuit.
933 1833 978 1903 Et
1003 1839 1041 1903 ut
1066 1830 1257 1903 recentiora
1281 1852 1322 1901 ac

244 1955 391 2026 certiora
422 1977 634 2041 recenseam,
671 1955 895 2048 Tarquinium
921 1955 1124 2027 Collatinum
1156 1954 1321 2050 optimum

244 2077 357 2149 civem
376 2089 412 2149 et
430 2091 723 2174 propugnatorem
743 2083 923 2174 egregium
948 2081 1116 2154 libertatis
1141 2080 1186 2152 ob
1212 2081 1320 2151 solius

244 2202 392 2274 nominis
411 2203 642 2296 suspicionem
660 2206 874 2277 levissimam
892 2205 995 2278 modo
1013 2204 1148 2276 liberati
1169 2203 1265 2276 cives
1288 2203 1325 2272 in

244 2324 388 2396 exilium
409 2329 582 2420 pepulere.
606 2326 658 2398 Ob
675 2328 785 2400 levem
809 2350 948 2420 quoque
972 2327 1203 2421 suspicionem
1227 2324 1325 2397 fidis-

245 2445 373 2516 simum
386 2447 652 2536 gubernatorem
667 2470 770 2521 suum
787 2449 1007 2521 obtruncavit
1022 2447 1206 2520 Hannibal:
1222 2449 1323 2520 testis

245 2567 403 2638 facinoris
421 2591 521 2640 mons
535 2571 671 2640 Siculus
690 2571 822 2642 humati
839 2569 1066 2667 appellatione
1084 2566 1321 2660 percelebris.¹

245 2690 458 2762 Demetrium
489 2691 635 2787 Pbilippi
662 2693 872 2766 Macedoniae
897 2694 991 2785 regis
1017 2691 1126 2764 filium
1156 2694 1324 2784 praeclara

246 2811 358 2884 indole
377 2813 538 2886 hostibus
563 2814 666 2886 ctiam
695 2815 767 2886 suis
793 2835 913 2885 carum
942 2814 1054 2885 victus
1081 2813 1153 2884 nati
1179 2813 1322 2885 alterius

247 2935 402 3004 susurris
422 2933 621 3006 incredulus
641 2947 738 3028 pater
758 2934 845 3005 mori
865 2935 978 3006 iussit.
999 2933 1080 3006 Dies
1107 2918 1162 3006 me
1186 2933 1325 3006 deficiat

246 3067 367 3128 vetera
390 3067 668 3151 prosequentem.
696 3061 741 3130 Et
765 3056 870 3130 habet
894 3067 1014 3130 nostra
1038 3069 1124 3130 aetas
1162 3061 1325 3153 exempla

245 3182 445 3275 praesentia,
467 3180 596 3274 quibus
617 3191 753 3254 constet
772 3204 876 3275 quam
895 3182 940 3254 sit
958 3203 1097 3274 semper
1113 3181 1148 3250 in
1165 3179 1325 3252 amicitiis

246 3304 440 3398 periculosa
461 3305 622 3398 suspicio.
644 3307 695 3376 Tu
712 3306 904 3398 mergitur,
925 3305 955 3378 si
971 3304 1046 3376 fieri
1061 3303 1213 3398 prodest,
1231 3303 1326 3397 quod

247 3425 380 3520 pridem
399 3448 466 3519 ego
485 3428 612 3498 factum
633 3428 808 3523 opinabar,
831 3430 919 3500 inter
944 3428 1075 3500 amicos
1101 3429 1324 3523 amplectere;

185 3622 189 3630 .
250 3549 279 3621 si
291 3549 334 3621 de
347 3548 415 3622 fide
427 3549 576 3637 dubitas,
592 3561 630 3621 ut
647 3549 742 3636 libet,
762 3551 936 3644 experire3
955 3551 985 3621 si
1001 3550 1183 3642 indignum
1201 3567 1324 3620 censes

248 3673 370 3746 leniter
389 3674 548 3747 exclude.
569 3673 645 3745 Noli
664 3696 710 3746 ex
731 3673 850 3746 amicis
875 3678 1015 3770 pulsum
1037 3675 1072 3745 in
1092 3672 1243 3744 bostium
1268 3691 1326 3740 ca-

250 3806 366 3871 tervas
401 3819 539 3890 cogere,
573 3818 643 3868 non
663 3796 802 3890 quidem
824 3797 893 3869 mei
913 3819 993 3892 quae
1013 3819 1082 3870 non
1107 3814 1231 3884 magua
1255 3801 1323 3880 est,

251 3919 327 4003 sed,
346 3941 425 4012 quae
437 3922 577 4013 ingens,
597 3928 667 3992 tuae
683 3922 786 3993 lamae
802 3921 939 4014 lugiens
957 3922 1136 3994 iacturam:
1154 3916 1215 3990 tibi
1232 3915 1324 3990 enim

344 4205 351 4237 ¹
367 4201 449 4256 valer.
464 4207 543 4269 llam,
555 4207 599 4259 lib.
612 4207 658 4271 lll,
671 4221 726 4273 cap.
739 4211 764 4259 8.
