3024 4802
277 365 335 428 528
619 381 660 429 nn
680 380 782 430 nanus
803 379 1025 431 rantnmamus

274 516 405 611 perlem
429 516 519 586 lacit.
542 515 738 600 Quemlibet
761 537 809 586 ex
833 515 889 588 bis
915 517 1071 611 querulis
1094 520 1155 611 qui
1178 522 1357 614 perpetuis

275 647 404 709 sortem
435 660 534 710 snam
556 636 805 732 inutilibusque
825 638 992 712 conviciis
1017 661 1058 711 ao
1082 642 1243 714 lamentis
1273 665 1359 716 exa-

275 762 400 852 gitant,
422 759 566 832 Amiolae
587 761 635 830 illi
655 761 817 833 Caesareo
835 771 1073 856 comparatum
1094 761 1237 836 divitem
1262 766 1359 837 aesti-

275 883 400 966 mabis;
414 863 604 975 quemlibet
615 904 662 954 ex
675 883 730 954 bis
747 882 875 969 beatis,
898 885 958 977 qui
975 908 1045 958 non
1058 884 1133 958 suis
1153 884 1254 958 bonis
1272 910 1359 961 auro

276 1028 498 1101 purpuraque
520 1006 737 1100 superbiunt,
761 1007 791 1076 si
812 1009 929 1079 Marco
947 1009 1075 1081 Crasso
1098 1007 1147 1078 illi
1166 1008 1279 1095 diviti,
1299 1021 1360 1082 aut

275 1131 454 1225 Lydorum
472 1129 547 1222 regi
569 1129 690 1200 Croeso
710 1130 915 1215 admoveas,
938 1152 1072 1224 pauper
1091 1130 1166 1203 erit.
1188 1131 1279 1202 Sane
1298 1153 1360 1202 ve-

275 1277 351 1322 rum
371 1252 512 1324 divitem
535 1273 603 1323 non
620 1251 779 1343 uulgaris
799 1250 926 1344 opinio,
946 1251 1010 1323 sed
1031 1256 1128 1326 solus
1149 1253 1289 1326 animus
1309 1256 1360 1324 la-

275 1374 330 1445 cit.
352 1375 452 1445 Hunc
473 1383 510 1445 tu
528 1376 666 1466 qualem
686 1374 812 1445 afferas
830 1373 904 1467 ipse
917 1373 1060 1447 videris.
1076 1378 1140 1447 llio
1161 1374 1223 1446 tibi
1240 1398 1358 1448 rerum

275 1499 405 1589 optima
425 1505 556 1592 praesto
587 1508 676 1582 sunt,
698 1496 919 1568 mediocritas
945 1509 980 1569 et
1009 1497 1164 1572 libertas.
1189 1500 1268 1572 Non
1291 1521 1360 1592 ego

276 1633 310 1695 te
331 1623 374 1696 ad
395 1622 592 1708 servitium,
613 1622 677 1694 sed
697 1621 741 1692 ad
761 1620 948 1693 amicitiam
969 1643 1069 1696 voco.
1091 1622 1161 1695 Aut
1180 1645 1359 1716 nunqnam

274 1747 405 1841 pariter
424 1768 464 1817 ao
485 1765 671 1836 nusquam,
687 1753 748 1815 aut
765 1766 858 1816 nuno
877 1767 1013 1816 mecum
1027 1802 1034 1831 ,
1050 1746 1080 1817 si
1097 1746 1236 1820 vocanti
1257 1744 1360 1818 obse·

275 1869 409 1964 queris,
428 1867 517 1939 liber
536 1865 617 1939 eris.
645 1867 680 1936 Sl
707 1866 836 1960 quaeris
861 1867 968 1959 igitur
989 1869 1034 1941 ad
1053 1869 1139 1963 quid
1159 1878 1193 1940 te
1220 1889 1358 1954 vocem,

275 1995 342 2065 iam
364 1991 541 2085 respondi,
574 1988 619 2061 ad
640 1987 840 2074 amicitiam,
872 1989 916 2062 ad
942 1991 1152 2063 convictum.
1173 1989 1226 2061 Ao
1247 2011 1292 2062 ne
1317 1989 1361 2062 ad

277 2127 450 2209 torporem
470 2113 588 2185 vocari
614 2120 765 2196 metuaS,
784 2133 893 2207 agere
913 2112 1046 2205 aliquid
1066 2123 1103 2186 te
1122 2114 1218 2197 volo,
1240 2113 1290 2183 ita
1309 2122 1361 2184 ta-

278 2260 358 2309 men
376 2249 413 2309 ut
433 2236 578 2309 actionis
599 2234 725 2308 modos
747 2257 792 2306 ex
814 2235 957 2309 arbitrio
978 2245 1038 2308 tuo
1055 2236 1214 2329 pendeat.
1233 2234 1289 2306 An
1308 2235 1361 2306 in·

279 2361 393 2454 cipere
422 2381 636 2452 qnorsnmve
658 2357 821 2451 progredi
850 2358 966 2440 libeat,
991 2379 1093 2431 nemo
1114 2369 1146 2429 te
1168 2357 1361 2430 calcaribus

277 2493 337 2555 aut
367 2481 576 2553 clamoribus
604 2479 758 2571 urgebit,
786 2500 886 2552 nemo
917 2478 977 2551 tibi
1007 2481 1105 2552 trena
1131 2479 1361 2572 substringat?

277 2604 352 2699 ipse
374 2602 458 2675 vitae
482 2612 551 2674 tnae
575 2623 733 2688 cursum,
756 2604 985 2696 requiemque
1006 2601 1243 2676 moderabere.
1264 2603 1364 2674 Hunc

278 2727 392 2819 ipsum
406 2725 680 2809 adolescentem,
696 2724 725 2795 si
740 2745 778 2795 se
792 2723 937 2815 dignum
954 2724 1170 2811 exhibuerit,
1185 2725 1362 2796 meliorem

278 2860 313 2921 et
326 2849 515 2921 doctiorem
530 2849 647 2918 facies.
661 2845 732 2916 Ant
745 2848 836 2918 enim
851 2869 899 2917 ex
914 2858 947 2919 te
960 2847 1073 2920 discet
1084 2856 1145 2919 aut
1156 2868 1203 2918 ex
1215 2846 1362 2918 nemine.

279 2973 326 3042 Te
354 2970 399 3040 ab
424 2969 566 3040 infantia
590 2967 707 3038 mirari
730 2966 865 3051 didicit,
894 2977 997 3062 teque
1025 2978 1106 3042 ante
1126 2970 1213 3040 alios
1233 2989 1360 3040 amare.

277 3093 421 3162 Multum
453 3111 539 3161 vero
570 3089 739 3160 doctrinae
769 3089 952 3161 conterunt
985 3091 1219 3176 familiaritas,
1251 3111 1360 3174 amor,

278 3213 469 3286 admiratio.
492 3210 546 3283 Ad
579 3212 655 3284 haec
680 3221 727 3284 et.
741 3233 917 3304 nugarum
940 3215 1072 3308 aliquid
1094 3233 1268 3297 mearum,
1296 3233 1363 3284 non

279 3338 346 3410 nisi
365 3346 533 3430 quantum
560 3336 710 3418 libuerit,
737 3343 773 3406 et
795 3334 825 3406 si
846 3334 985 3407 libuerit
1007 3334 1156 3420 soribes;
1179 3344 1278 3408 tuum
1299 3335 1364 3405 erit

277 3459 442 3534 iudicium
465 3481 510 3530 an
534 3459 651 3550 dignae
673 3459 742 3530 sint
762 3479 843 3551 quae
861 3468 970 3541 tuum,
990 3457 1096 3532 rebus
1116 3457 1269 3552 propriis
1294 3478 1363 3528 non

279 3586 446 3670 otiosum,
467 3585 637 3654 calamum
658 3580 812 3673 fatigent.
834 3581 874 3651 ln
895 3581 1002 3654 studii
1025 3581 1092 3652 mei
1114 3591 1249 3674 partem
1267 3578 1363 3651 veni:

280 3729 357 3798 mea
382 3707 465 3777 mibi
498 3705 611 3797 magis
644 3702 897 3797 probabuntur,
922 3703 952 3776 si
974 3716 1034 3776 tuo
1063 3704 1192 3798 scripta
1218 3701 1288 3774 sint
1312 3700 1364 3771 di·

281 3829 362 3923 gito.
384 3827 538 3924 Sperabo
559 3829 589 3899 si
610 3825 694 3920 quid
714 3826 799 3896 mibi
819 3829 877 3898 vel
894 3825 1069 3899 oblivione
1088 3828 1147 3897 vel
1167 3825 1302 3897 incuria
1321 3823 1364 3894 sit

280 3955 453 4045 elapsum,
482 3950 724 4041 subterfugere
756 3970 881 4020 manus
908 3960 987 4021 tnas
1016 3947 1266 4040 ingeniumque
1295 3967 1363 4016 non

281 4094 395 4164 posse.
422 4073 490 4164 Pro
515 4071 571 4144 bis
598 4070 659 4142 tibi
689 4091 759 4142 non
783 4081 919 4143 montes
951 4071 1044 4156 auri,
1067 4091 1137 4142 non
1170 4087 1364 4164 purpureas

282 4202 398 4280 togae,
425 4216 495 4265 non
524 4215 717 4266 marmorea
737 4205 841 4286 atque
864 4193 970 4267 ebore
1003 4205 1038 4266 et
1069 4191 1182 4266 abano
1207 4198 1362 4264 crustata
