2988 4800
246 347 303 408 tal
583 358 623 405 nn
645 358 744 406 nunus
765 357 985 406 annumeramus

247 495 380 567 toribus
396 516 482 566 arva
500 505 684 580 testantur,
703 515 783 588 quae
802 497 859 566 vel
877 496 992 566 afflicti
1013 518 1053 566 ac
1073 495 1323 588 propemodum

245 621 375 692 deserti
397 618 490 689 orbis
512 628 617 710 atque
638 617 748 712 ipsius
770 630 912 703 naturae,
934 631 971 689 ιιι
988 619 1034 690 ita
1049 619 1209 704 dixerim,
1225 619 1321 690 lacri-

246 765 345 815 mosa
366 746 462 813 frons
489 743 595 832 luges
618 752 656 812 ut
676 742 766 827 haec,
789 742 943 835 inquam,
971 752 1176 835 praeteream
1200 743 1324 813 tamin

246 888 372 939 occasu
393 888 498 959 quam
520 866 554 934 in
575 865 720 950 oriente,
746 875 884 958 tamque
910 865 976 936 sub
1000 865 1106 936 borea
1131 888 1237 958 quam
1259 866 1325 938 sub

246 1000 365 1062 austro
387 989 511 1082 positis
532 987 727 1071 notissima;
748 987 816 1058 iam
838 988 881 1058 ab
906 972 1021 1072 initio,
1044 997 1083 1058 ut
1107 988 1214 1073 nosti,
1237 991 1324 1059 mul-

246 1105 290 1184 tis
312 1113 346 1182 iu
367 1112 451 1184 locis
472 1110 577 1203 Alpes
595 1133 616 1182 a
631 1109 806 1194 radicibus
824 1121 928 1181 molae
947 1121 1039 1194 sunt,
1059 1111 1267 1203 insuetoque
1284 1132 1325 1181 ac

247 1257 344 1307 saevo
357 1233 495 1306 venturi
507 1233 694 1328 praesagio,
718 1233 825 1304 ltaliae
851 1233 953 1303 simul
974 1255 1015 1303 ac
1034 1233 1230 1304 Germaniae
1251 1255 1324 1304 ma·

246 1378 316 1449 gna
335 1377 417 1449 pars
439 1355 589 1427 tremuit.
611 1357 766 1447 Sequuta
786 1377 870 1426 mcx
889 1357 995 1438 mala,
1018 1375 1098 1446 quae
1118 1376 1181 1426 nec
1203 1355 1323 1426 memi-

246 1480 342 1552 nisse
362 1480 438 1550 sine
457 1478 607 1550 lacrimis
628 1498 817 1572 possumus
834 1499 898 1548 nec
917 1499 1102 1548 numerare
1119 1477 1322 1549 sufficimus.

246 1603 444 1675 Novissime
464 1623 544 1672 cum
566 1601 632 1671 iam
653 1603 807 1671 laxatam
829 1610 975 1672 mortem
996 1602 1235 1693 placatamque
1260 1601 1321 1672 Dei

246 1726 332 1796 iram
354 1744 577 1817 speraremus
603 1743 667 1794 nos
692 1722 842 1817 pauculi,
869 1721 929 1814 qui
949 1722 1058 1816 erepti
1078 1721 1215 1816 publico
1236 1744 1321 1795 nau·

245 1849 356 1938 fragia
375 1846 593 1920 videbamur,
628 1868 723 1931 ecce,
758 1845 853 1938 quod
877 1846 991 1917 adhuc
1020 1849 1138 1916 forsan
1163 1845 1321 1938 ignoras

246 1972 355 2042 Roma
374 1971 451 2062 ipsa
475 1969 614 2041 insolito
635 1978 785 2040 tremore
805 1990 976 2040 concussa
996 1979 1051 2039 est
1071 1979 1141 2039 tam
1159 1968 1320 2059 graviter,

246 2105 285 2166 ut
304 2092 349 2165 ab
368 2093 491 2166 eadem
517 2093 604 2165 urbe
637 2094 774 2166 condita
800 2115 906 2187 supra
930 2095 1000 2166 duo
1025 2099 1194 2166 annorum
1220 2093 1323 2190 millia

249 2220 317 2289 tale
329 2215 377 2287 ibi
390 2217 476 2288 nihil
492 2216 665 2288 acciderit.
684 2215 813 2289 Cecidit
829 2215 1054 2289 aedificiorum
1071 2226 1244 2302 veterum,
1263 2239 1324 2288 ne-

247 2345 358 2434 glecta
378 2341 528 2426 civibnS,
552 2341 724 2434 stupenda
746 2339 955 2432 peregrinis,
977 2342 1106 2411 moles:
1133 2339 1237 2411 turris
1268 2339 1324 2410 illa

248 2473 318 2536 toto
339 2464 422 2536 orbe
442 2465 557 2546 unica,
581 2484 661 2557 quae
682 2462 824 2534 Comitis
844 2462 1039 2547 dicebatur,
1060 2463 1261 2556 ingentibus
1276 2463 1321 2535 ri-

247 2589 313 2658 mis
326 2589 444 2658 laxata
457 2585 616 2673 dissiluit,
631 2594 667 2657 et
678 2609 778 2670 nunc,
794 2589 890 2658 velut
903 2597 1024 2658 trunca
1041 2589 1161 2680 capite,
1182 2588 1322 2681 superbi

247 2710 386 2783 verticis
406 2709 571 2782 honorem
590 2712 664 2783 selu
679 2710 829 2782 effusum
846 2711 1002 2805 despicit.
1021 2712 1186 2804 Denique,
1206 2721 1246 2782 ut
1262 2711 1324 2782 irae

245 2835 396 2909 caelestis
437 2843 643 2926 argumenta
682 2855 751 2906 non
791 2833 920 2920 desint,
959 2837 1146 2907 mullorum
1187 2837 1321 2929 species

247 2960 465 3052 templorum,
480 2967 586 3050 atque
605 2956 641 3027 in
657 2957 777 3052 primis
795 2959 902 3029 Paulo
915 2958 1079 3055 Apostolo
1096 2959 1221 3032 dicatae
1234 2959 1322 3031 aedis

245 3081 336 3152 bona
348 3101 430 3173 pars
442 3079 540 3151 humi
552 3082 714 3174 collapsa,
731 3090 767 3152 et
782 3081 1027 3154 Lateranensis
1045 3081 1202 3154 ecclesiae
1227 3082 1323 3154 deie-

246 3215 322 3276 ctus
344 3225 436 3297 apex
457 3201 588 3274 lubilaei
609 3202 769 3275 ardorem
796 3204 909 3294 gelido
934 3205 1079 3278 horrore
1103 3204 1319 3277 contristant.

246 3327 331 3399 Cum
345 3327 447 3398 Petro
464 3325 581 3398 mitius
595 3335 649 3397 est
661 3334 788 3398 actum.
806 3329 875 3399 Res
890 3329 1050 3420 equidem
1069 3327 1144 3399 sine
1161 3330 1321 3422 exemplo

246 3459 312 3533 est,
337 3457 371 3519 et
391 3469 471 3541 quae
503 3451 690 3519 multorum
710 3449 844 3521 animos
877 3449 951 3520 iure
976 3449 1123 3522 deiiciat.
1158 3450 1194 3520 Si
1227 3449 1320 3522 enim

245 3571 480 3643 membrorum
513 3580 643 3642 tremor
677 3579 849 3644 tantarum
883 3572 1113 3646 calamitatum
1147 3571 1322 3669 portendit

133 3692 136 3710 '
246 3703 424 3780 eventum,
459 3694 544 3788 quid
577 3715 646 3764 nnn
678 3694 829 3768 minatur
854 3703 983 3768 tremor
1009 3696 1154 3789 cepitis?
1187 3697 1322 3766 Stoma-

246 3819 393 3890 chentur
412 3827 447 3890 et
465 3829 681 3891 murmurent
697 3818 757 3911 qui
772 3819 837 3890 sibi
855 3819 985 3913 aliquid
1003 3821 1180 3892 videntur:
1200 3817 1321 3890 muudi

245 3951 349 4032 caput
364 3950 420 4012 est
431 3944 553 4015 Roma:
575 3952 611 4014 et
627 3942 705 4013 licet
722 3942 916 4015 obsoletum
935 3944 1197 4035 impexumque,
1214 3952 1322 4012 terra·

246 4083 324 4132 rum
343 4075 446 4156 caput
465 4067 618 4138 omnium
639 4065 732 4138 haud
754 4065 859 4138 dubie
880 4068 989 4137 Roma
1008 4073 1071 4136 est.
1093 4065 1164 4134 Hoc
1184 4063 1268 4136 mihi
1290 4061 1321 4134 si

247 4207 314 4256 una
331 4207 417 4258 voce
438 4188 531 4280 loqui
552 4189 673 4280 possit,
697 4187 847 4260 mundus
865 4188 941 4280 ipse
959 4209 1025 4260 non
1046 4197 1162 4278 negeb
1181 4187 1211 4259 si
1228 4186 1319 4260 bona
