3062 4798
396 336 489 383 nrnaa
512 336 803 386 ocravusnacuuus.
818 337 1020 386 -nrrsrona
1042 341 1081 386 vr.
1217 326 1276 386 483

606 609 785 676 nrrsrorn
802 585 849 676 'vr

302 803 496 853 Funuulsuus
519 804 688 854 perunitus
710 805 846 854 uouuust
866 804 1022 854 PLEBAINO
1045 805 1070 852 S.
1093 807 1121 853 P.
1140 806 1168 852 Ι).

445 977 606 1030 Amicorum
624 977 718 1030 dulces
737 993 797 1032 esse
815 977 1028 1047 obiurgationes.

293 1206 461 1291 Quereles
483 1215 579 1288 luas,
594 1205 723 1299 optime
744 1205 812 1288 vir,
840 1204 975 1276 cunctis
996 1204 1081 1274 mihi
1101 1204 1277 1278 blanditiis
1305 1201 1307 1213 '

196 1329 367 1428 dulciores
388 1325 672 1419 elegantissimus
690 1327 791 1398 stilus
810 1326 985 1419 explicuit.
1004 1325 1091 1400 lllire
1107 1347 1223 1402 rerum
1242 1339 1278 1400 et

195 1445 328 1522 infinita
347 1447 534 1522 diversitas
560 1469 601 1519 ae
627 1448 797 1541 stupenda
818 1469 963 1542 prorsus
985 1449 1178 1536 alternatio
1200 1450 1278 1522 dul-

194 1572 246 1642 cia
265 1591 313 1640 ex
333 1589 484 1661 persona
504 1561 750 1666 nonnunquam
773 1589 1004 1652 amarescere,
1026 1578 1132 1662 atque
1159 1591 1277 1643 amara

194 1695 402 1766 dulcescere.
424 1694 511 1777 Qum
535 1692 569 1762 in
593 1691 774 1785 speciebus
800 1691 943 1784 quidem
969 1693 1045 1764 aliis
1071 1701 1179 1786 atque
1200 1693 1277 1766 aliis

156 1875 161 1898 ,
193 1837 261 1888 non
282 1814 459 1888 miramur.
479 1814 564 1897 Quis
585 1814 677 1886 enim
699 1814 844 1886 miretur
870 1836 1001 1906 egnum
1026 1817 1143 1888 mitem
1164 1826 1200 1890 et
1224 1816 1278 1888 in·

192 1957 356 2018 nocuum,
378 1933 537 2005 rabidum
558 1957 598 2007 ne
619 1957 776 2028 rapacem
798 1938 931 2030 lupum,
951 1940 1061 2010 lerum
1078 1951 1114 2010 et
1130 1937 1278 2012 indomi-

192 2067 267 2127 tum
287 2057 446 2126 leonem?
471 2055 596 2139 Ursus,
623 2078 721 2149 aper,
749 2058 895 2149 pardae,
919 2060 1032 2150 tigris,
1055 2061 1122 2132 etsi
1141 2069 1277 2134 nature

192 2176 440 2272 omniparentis
470 2177 614 2270 imperio
635 2188 771 2262 coeant,
802 2188 838 2249 et
865 2181 1027 2272 coniugio
1046 2181 1274 2266 delectentur,

193 2300 328 2374 dileolae
344 2310 461 2374 tamen
480 2301 632 2372 consorti
653 2300 879 2375 blandiuntur
899 2301 1061 2374 horriiiee
1081 2313 1117 2374 et
1137 2303 1195 2375 leti
1216 2304 1277 2392 tri-

192 2433 246 2494 ste
265 2422 384 2496 nescio
399 2423 484 2517 quid
502 2423 646 2496 auribus
664 2423 808 2504 hirsutis
827 2436 1054 2498 murmurant.
1073 2427 1201 2504 Contra
1214 2449 1276 2500 au-

192 2555 260 2616 tem
286 2546 471 2639 philomela
491 2545 624 2640 direpto
651 2547 781 2618 tristior
806 2546 903 2633 nido,
925 2547 1026 2624 dulce
1047 2549 1215 2642 quiddam
1240 2561 1276 2622 et

192 2689 367 2742 amoenum
382 2670 497 2760 gemit,
512 2671 673 2766 elopem,
689 2678 728 2742 ut
745 2669 855 2750 aiunt,
875 2669 990 2742 vicine
1007 2679 1118 2742 morte
1136 2670 1276 2742 suevis-

192 2791 301 2863 simus
321 2799 377 2864 est
393 2801 593 2865 concentus.
614 2791 708 2866 Talia
729 2794 869 2865 veroin
891 2815 960 2864 una
980 2793 1173 2886 eademque
1195 2815 1275 2886 spe-

191 2913 243 2986 eie
261 2914 337 2986 sine
358 2925 499 3009 stupore
519 2938 588 2987 non
609 2916 796 2988 cernimus.
819 2915 904 2999 Quis
925 2915 1017 2986 enim
1039 2937 1109 2986 non
1130 2915 1275 2987 miretur

192 3057 273 3108 esse
293 3039 521 3128 quorumdam
543 3039 721 3112 hominum
743 3041 909 3111 molestas
927 3037 1160 3132 rancidasque
1177 3039 1275 3110 blan-

192 3157 308 3242 ditias,
343 3159 574 3250 quorumdam
606 3160 744 3254 hybleis
776 3163 867 3232 levis
905 3160 1060 3234 dulciora
1089 3160 1275 3233 convicia?

193 3279 380 3372 Utriusque
399 3278 449 3349 rei
465 3281 663 3372 exemplum
681 3300 750 3351 non
763 3281 866 3371 longe
883 3283 1072 3372 quesitum
1088 3282 1190 3354 dabo.
1209 3284 1275 3353 Est

192 3402 275 3476 mihi
294 3402 469 3474 seniculus
490 3401 633 3495 quidam
654 3401 747 3474 dorni
765 3401 824 3493 qui
844 3403 925 3472 lieet
941 3402 976 3474 in
996 3412 1158 3474 extremo
1174 3403 1275 3474 habi-

193 3525 305 3598 tabilis
328 3548 425 3600 zonae
445 3536 560 3610 natue,
583 3527 799 3617 ultraquam
823 3524 979 3598 homines
996 3549 1066 3597 non
1085 3537 1174 3609 sunt,
1197 3525 1274 3620 ipse

193 3660 308 3721 tamen
320 3649 425 3722 homo
442 3660 508 3733 est,
528 3631 747 3741 hominisque
764 3648 914 3720 animam
932 3660 968 3720 et
983 3649 1134 3742 effigiem
1151 3649 1270 3735 hebet,

194 3774 255 3846 'sed
286 3773 373 3846 adeo
403 3775 486 3846 nihil
512 3773 656 3845 humani
683 3772 790 3856 risus,
818 3780 858 3842 ut
882 3772 967 3844 dum
988 3772 1133 3844 blandiri
1155 3772 1274 3867 incipit

193 3908 251 3968 aut
264 3896 422 3967 ursinum
436 3897 571 3980 saeviat,
590 3908 650 3966 ant
667 3895 825 3989 aprinum
843 3895 960 3966 nescio
981 3894 1065 3988 quid
1083 3893 1270 3977 infrendas

193 4019 281 4091 adeo
300 4019 449 4113 denique
470 4018 581 4090 tetrici
598 4018 705 4090 moris
722 4029 792 4103 est,
812 4017 1016 4112 penitusque
1034 4017 1214 4102 barbarici,
1233 4028 1272 4089 ut

193 4152 227 4213 et
247 4143 395 4236 quodam
422 4141 525 4215 modo
546 4139 731 4214 lambendo
752 4136 920 4226 mordeat,
944 4150 982 4212 ut
1001 4138 1045 4213 de
1065 4163 1108 4213 eo
1129 4162 1271 4237 perpro-
