3024 4802
373 359 950 411 utnonnonusnnuruus.-·nr1srona
972 362 1013 410 ιιι.
1172 346 1230 408 543

571 659 750 726 EPISTOLA
770 657 814 720 xl.

243 850 437 902 FRANCISCUS
458 847 628 900 pardalica
649 847 865 902 BENINTENDIO
887 846 916 897 lt.
938 847 967 896 P.
989 843 1147 896 vendidit.

507 952 728 1004 conconsortio
750 953 776 1002 S.
799 954 828 1002 P.
849 955 881 1003 Il.

186 1130 344 1189 immeritas
358 1129 402 1184 sui
420 1129 517 1184 laudes
535 1127 656 1201 respuit,
677 1127 798 1182 oblatam
816 1127 851 1182 ab
870 1143 904 1182 eo
922 1127 1070 1182 amittitiam
1090 1131 1202 1198 accepto

310 1219 406 1288 habet,
423 1223 452 1274 ot
463 1219 533 1276 duos
548 1217 616 1276 artis
630 1215 742 1274 musicae
757 1216 879 1274 cultores
894 1215 1079 1274 commendat.

252 1493 347 1562 Bene
375 1487 460 1560 mihi
488 1486 614 1560 aooidit
637 1486 745 1580 quod,
767 1487 804 1557 in
821 1484 909 1559 urhe
928 1486 1009 1558 licet
1027 1484 1238 1578 frequentis·

152 1614 254 1699 sima,
282 1623 342 1688 tua
371 1632 427 1684 me
458 1611 648 1683 solitarium
673 1609 821 1704 epistola
846 1609 988 1704 reperit.
1006 1606 1237 1681 Erubuissem

151 1757 269 1809 coram
286 1735 404 1807 multis
421 1733 663 1829 deprehensus
677 1731 713 1803 in
726 1731 879 1828 publico;
897 1755 991 1804 nunc
1002 1735 1099 1806 solus
1111 1729 1238 1804 erubui

151 1868 187 1930 et
205 1859 294 1931 dixi:
313 1858 397 1950 quid
421 1879 490 1930 non
510 1869 611 1954 potes
631 1853 818 1950 imperiosa
839 1858 961 1928 amor?
979 1856 1065 1950 quid
1085 1876 1155 1928 non
1175 1873 1238 1948 po-

153 1990 208 2053 tes
234 1981 374 2074 quando
403 1980 508 2051 etiam
540 1979 620 2050 talis
646 1978 713 2052 viri
742 1978 864 2050 oeulos
893 1977 1130 2070 iudiciumque
1157 1999 1238 2072 per·-

153 2101 323 2195 stringis‘?
342 2103 381 2174 ln
401 2099 525 2172 litteris
550 2100 691 2194 quidem
712 2099 797 2184 tuiS,
820 2099 949 2193 optime
975 2098 1044 2182 vir,
1071 2097 1163 2172 duas
1189 2099 1238 2172 si-

154 2228 227 2298 mul
255 2233 413 2296 veterum
444 2221 635 2294 sententias
661 2220 864 2312 recognovi,
891 2220 1077 2294 clamoris
1108 2221 1239 2294 scilicet

153 2358 190 2422 et
205 2344 414 2440 eloquentiae
434 2365 597 2436 magnam
627 2343 713 2427 vim,
732 2364 797 2414 nec
821 2343 866 2415 de
896 2340 1005 2414 nihilo
1025 2343 1156 2417 diotunr
1181 2346 1237 2416 vel

154 2469 342 2542 amantium
356 2487 451 2540 oaeca
463 2487 545 2538 esse
561 2464 701 2549 iudicia,
717 2466 774 2537 vel
787 2475 959 2538 oratorem
982 2487 1088 2560 posse
1109 2465 1237 2538 omnia.

153 2591 308 2665 Primum
330 2601 375 2676 ta,
394 2589 513 2672 amice,
536 2587 573 2659 in
589 2587 818 2660 aestimatione
838 2609 957 2659 rerum
977 2609 1134 2660 mearum
1155 2586 1240 2660 lallit

156 2712 252 2786 haud
269 2709 393 2783 dubie:
412 2708 604 2782 secundum
622 2731 708 2781 vero
725 2731 782 2782 me
799 2711 904 2806 paulo
916 2709 1033 2782 minus
1045 2709 1236 2794 fefellisset,

156 2847 195 2910 ut
216 2837 293 2907 talis
313 2835 397 2907 mihi
417 2834 529 2908 videri
550 2833 756 2928 inciperem,
779 2835 916 2927 qualem
938 2847 977 2906 tu
992 2855 1048 2906 me
1068 2833 1166 2906 lacis:
1189 2834 1240 2906 sic

155 2957 261 3030 corda
281 2955 472 3050 legentium
489 2954 525 3026 in
546 2975 652 3028 manu
665 2953 789 3039 habes,
806 2954 856 3026 sic
869 2976 1026 3052 papyrus
1046 2976 1112 3048 pm
1131 2953 1238 3047 regia,

157 3081 207 3156 sio
235 3081 390 3152 calamus
424 3078 485 3150 tibi
512 3099 577 3172 pro
609 3087 746 3175 sceptro
779 3090 848 3165 est,
876 3079 942 3153 nisi
969 3078 1065 3174 quod
1084 3102 1142 3152 ma
1160 3077 1240 3171 cogi

157 3202 327 3288 sentiens,
359 3201 393 3272 in
428 3221 543 3272 arcem
575 3201 718 3273 rationis
743 3223 947 3288 evaseram,
973 3225 1099 3298 meque
1124 3204 1239 3296 ipsum
1282 3211 1285 3220 '

158 3324 349 3398 identidem
382 3320 633 3418 percunctabar
665 3344 711 3393 an
743 3345 829 3395 vera
849 3334 969 3396 essent
993 3345 1074 3416 quae
1099 3325 1144 3396 de
1168 3346 1236 3410 me,

159 3450 239 3520 stilo
264 3447 427 3539 quamvis
447 3442 633 3516 artificioso
666 3453 702 3516 et
720 3445 894 3530 mellifluo,
924 3446 1136 3518 dicerentur·
1160 3448 1239 3522 Scio

157 3568 244 3664 quid
264 3567 349 3638 mihi
366 3565 460 3640 intus
481 3568 516 3637 in
538 3565 674 3639 silentio
696 3567 742 3638 sit
766 3587 985 3661 responsum.
1012 3568 1157 3641 Proinde
1178 3591 1240 3642 oro

158 3693 306 3788 posthac
323 3690 447 3784 pudori
467 3713 545 3763 meo
565 3711 701 3794 pareas,
727 3711 818 3762 neve
838 3711 895 3762 me
918 3712 993 3764 ‚non
1019 3691 1108 3764 maio
1129 3691 1239 3764 laudi-

158 3813 227 3884 bus
246 3835 382 3886 oneres.
410 3813 487 3886 Non
511 3833 634 3906 precor
658 3834 813 3884 errorem
834 3833 947 3886 exuas
974 3835 1044 3907 quo
1069 3815 1238 3898 delector3

159 3943 292 4006 tantum
318 3956 363 4006 na
379 3955 435 4006 me
456 3933 627 4008 facundia
647 3957 737 4031 unco
755 3934 873 4008 trahas
894 3935 930 4008 in
949 3957 1103 4010 errorem
1129 3938 1238 4010 multo

159 4058 340 4152 imparem.
363 4059 457 4130 Τιιιιι
477 4058 568 4130 enim
591 4080 688 4132 error
708 4059 882 4151 ingenuus
902 4069 938 4131 et
961 4060 1122 4133 amicitiae
1136 4060 1238 4134 testis

160 4179 315 4252 eximiae:
333 4201 435 4256 meus
456 4179 486 4256 si
507 4180 563 4268 sit,
588 4181 654 4256 nisi
675 4203 795 4255 amans
818 4181 1055 4276 ridiculusque
1075 4184 1234 4270 nouerit,
