3062 4798
395 369 486 418 uiunu
509 369 778 422 sexsusuncmus.
794 391 816 400 -·
840 372 994 422 srrsroul
1016 375 1058 425 ru.
1204 363 1260 424 eut

601 669 780 751 EPISTOLA
800 687 845 751 tu.

264 870 460 924 Fuuuclsctts
481 813 649 924 Pertinaci
671 873 848 925 uutuclsco
870 875 977 925 Pltloltl
997 875 1188 927 submonuit

537 976 769 1028 APOSTOLORUM
791 979 817 1028 S.
839 980 867 1028 P.
890 981 920 1029 D.

233 1137 320 1193 Multa
334 1137 369 1194 de
383 1138 472 1211 pretio
487 1138 638 1211 temporis:
657 1154 742 1210 seque
756 1124 918 1209 Mediolani,
936 1145 967 1195 ut
980 1139 1097 1197 civitatis
1111 1141 1224 1199 domino

512 1244 620 1284 morem
635 1235 758 1300 gereret,
773 1230 938 1286 constitisse.

280 1501 356 1572 Non
379 1500 512 1572 solebat
529 1500 614 1571 mibi
637 1511 773 1594 tempus
794 1521 875 1572 esse
896 1511 964 1573 tarn
985 1523 1104 1574 carum
1120 1527 1128 1587 ;
1146 1525 1267 1596 quam-

182 1623 240 1694 vis
262 1623 353 1694 enim
371 1644 473 1716 aeque
495 1645 632 1722 semper
653 1622 783 1706 incerti,
803 1625 881 1715 plns
899 1626 1020 1695 saltem
1036 1626 1166 1716 sperati
1180 1634 1268 1696 tem·

182 1747 279 1840 poris
301 1757 381 1818 tunc
401 1756 498 1818 erat:
519 1763 612 1818 nunc
639 1768 697 1817 res
722 1756 758 1817 et
786 1767 867 1838 spes
894 1757 1070 1841 postremo
1091 1749 1206 1820 omnia
1232 1749 1267 1818 in

184 1879 372 1961 angustum
401 1869 576 1942 desinunt.
603 1869 763 1940 Pauoitas
789 1880 903 1940 autem
929 1879 986 1940 est
1008 1891 1089 1962 quae
1116 1871 1265 1966 pretium

185 1992 292 2064 rebus
306 1991 394 2063 lacit.
413 1992 481 2063 Fac
499 2002 590 2062 term
605 1989 735 2083 passim
751 1991 959 2082 margaritas
972 1993 1066 2076 ferat,
1082 1994 1269 2066 calcabun⁴

185 2125 242 2184 tur
255 2124 292 2183 ut
305 2111 452 2207 lapides:
467 2113 520 2183 fac
535 2111 676 2184 totidem
692 2111 761 2182 sint
778 2111 957 2202 phoenices
976 2122 1062 2204 quot
1080 2114 1265 2185 columbae:
1357 2117 1361 2123 '

185 2235 297 2306 unicae
325 2235 402 2305 avis
436 2237 526 2305 lama
560 2232 710 2329 perierit.
745 2234 813 2304 Fac
844 2232 989 2303 balsami
1024 2233 1178 2306 arbustis
1199 2237 1266 2306 late

185 2359 321 2429 montes
343 2367 516 2450 tegantur,
544 2356 701 2453 plebeius
732 2356 845 2449 liquor
865 2357 949 2426 erit:
976 2357 1127 2450 denique
1152 2357 1187 2428 in
1211 2379 1278 2429 ree

185 2479 253 2552 bus
278 2479 438 2551 omnibus
473 2488 641 2574 quantum
664 2501 811 2550 numero
831 2482 1016 2551 cumulove
1038 2480 1270 2566 succreverit,'

187 2613 319 2674 tantum
338 2603 448 2696 pretio
465 2603 621 2677 decedet.
641 2603 769 2674 Contra
791 2623 873 2673 vero
891 2613 1029 2695 propter
1037 2603 1196 2697 ’inopiam
1215 2603 1267 2674 vi-

185 2727 319 2797 lissima
340 2747 455 2797 rorum
482 2747 563 2797 cara
583 2736 696 2797 erunt.
726 2725 812 2796 llinc
835 2747 897 2820 per
922 2746 1047 2796 arenas
1080 2724 1268 2797 siticulosae

186 2849 308 2945 Lybiae
328 2850 363 2919 in
384 2872 486 2921 manu
508 2848 655 2921 Romani
671 2847 769 2920 ducis
788 2847 982 2921 invidiosus
1003 2849 1155 2941 exiguus
1173 2851 1268 2919 latex
1371 2848 1375 2856 ’

185 2986 260 3046 erat
276 3001 283 3043 ε
305 2974 385 3045 bino
405 2973 438 3042 in
452 2973 632 3046 obsidione
646 2972 787 3045 Casilini
800 2972 1031 3045 loedissimum
1046 2971 1172 3044 animal
1187 2993 1267 3043 mus

186 3097 221 3168 in
239 3097 350 3192 pretio
369 3097 454 3164 luit:
476 3096 563 3180 hinc,
583 3096 677 3189 quod
698 3121 799 3170 omne
820 3096 990 3168 molestiae
1011 3117 1123 3196 genus
1145 3117 1268 3189 super-

187 3216 358 3312 greditur,
382 3235 477 3308 saepe
498 3215 717 3307 ignavissimi
743 3221 903 3291 homines
926 3223 998 3290 sola
1024 3220 1181 3291 virorum
1207 3241 1269 3312 pe-

186 3341 288 3414 nuria
308 3339 511 3411 lloruerunt.
533 3340 715 3434 Exemplis
736 3341 909 3423 abstineo,
932 3339 1111 3410 nominum
1132 3341 1268 3413 foedita-

189 3476 256 3536 tem
277 3462 487 3555 dedignante
508 3463 664 3535 calamo:
685 3481 896 3553 quamquam
918 3459 1002 3552 quid
1023 3461 1193 3552 exemplis
1213 3471 1268 3532 est

189 3589 299 3680 opus?
318 3585 394 3658 Non
415 3584 483 3658 vici
508 3594 647 3668 vacant,
675 3604 744 3654 non
770 3585 893 3679 plateae
920 3581 1089 3678 portentis
1117 3579 1265 3651 talibus:

188 3710 281 3780 nulla
301 3727 380 3781 aevo
399 3717 519 3781 nostro
539 3706 692 3778 crebrior
712 3704 829 3798 pestis,
844 3713 879 3777 et
893 3705 922 3775 si
936 3704 1011 3775 sine
1025 3701 1186 3775 iactantia
1199 3702 1268 3776 dici

189 3841 322 3923 potest,
343 3853 521 3924 nunquam
540 3829 623 3901 mihi
646 3839 715 3901 tam
733 3828 803 3900 vile
822 3838 958 3920 tempus
975 3827 1047 3914 luit,
1067 3837 1105 3900 ut
1122 3827 1267 3920 quibus·

188 3951 268 4024 dam
288 3952 474 4026 coaetaneis
492 3953 603 4025 meis:
625 3972 804 4045 nunquam
828 3960 941 4022 tamen
963 3950 997 4020 in
1018 3971 1060 4022 eo
1075 3950 1267 4045 pretioque

188 4074 319 4148 debuit.
340 4077 472 4148 Vellem
494 4071 597 4170 po‘sse
617 4074 734 4148 dicere
754 4075 887 4145 nullum
908 4095 963 4144 me
984 4073 1076 4147 diem
1097 4073 1267 4170 perdidis-

189 4217 249 4268 se:
276 4201 403 4273 multos
431 4197 586 4292 perdidi:
614 4196 746 4270 utinam
768 4218 841 4269 non
871 4217 991 4270 annos.
1019 4196 1107 4270 lllud
1131 4197 1267 4269 dixisse
