3062 4798
266 279 325 342 386
604 287 646 336 nu
668 286 770 336 nauus
791 283 1013 336 rnumrnnmus

269 426 410 506 tudinis,
439 420 567 519 quibus
589 445 656 514 ego
678 443 755 494 sum
778 421 938 514 cognitus
959 421 1125 494 omnibus
1146 434 1267 495 notum
1287 438 1351 498 est.

266 543 342 618 'Sivi
363 547 560 619 hominem:
587 544 671 616 abiit
695 545 783 616 hora
808 539 943 638 prandii
964 546 1158 630 rediturus3
1181 570 1246 619 nec
1268 549 1352 620 dum

269 671 370 744 rediit
393 682 429 740 et
448 669 517 740 iam
540 665 645 740 hiduo
671 666 780 739 abest.
804 662 894 752 Quid
921 673 1047 760 agam?
1067 667 1151 761 quid
1173 690 1254 742 esse
1279 692 1354 742 cre-

270 795 376 866 dam?
392 790 559 886 quamdiu
580 793 674 862 illum
695 793 901 886 expectem?
920 813 976 877 an,
997 814 1113 884 quove
1131 791 1228 864 illum
1254 791 1353 885 sequi

270 916 430 987 iubeam‘.l
443 936 489 986 an
502 914 547 986 ad
562 925 595 985 te
612 935 794 985 reversum
813 913 985 1006 suspicer,
1006 937 1051 986 an
1067 915 1206 1006 longius
1222 916 1354 1008 profec-

272 1041 366 1111 tum?
383 1037 433 1109 lbi
451 1037 545 1108 enim
563 1045 705 1109 nonest
724 1057 795 1129 quo
815 1059 853 1108 se
871 1036 1001 1108 iturum
1020 1037 1167 1122 dixerat,
1185 1046 1221 1108 et
1237 1037 1354 1108 nescio

270 1163 356 1256 quid
380 1160 511 1253 opiner.
535 1161 680 1230 Terrent
701 1180 756 1231 me
783 1172 875 1230 notae
898 1158 1047 1231 hominis
1082 1180 1188 1231 curae.
1229 1151 1355 1231 Moesto

271 1284 386 1355 animo
407 1285 496 1353 male
517 1281 742 1354 committitur
768 1283 928 1355 solitudo.
956 1284 1008 1354 Tu
1030 1282 1059 1354 si
1080 1283 1125 1354 de
1146 1283 1204 1354 illo
1223 1281 1353 1354 certius

271 1405 460 1500 quidquam
480 1417 588 1490 tenes,
609 1406 675 1477 hac
692 1427 747 1476 me
772 1406 1002 1499 perplexitate
1024 1405 1163 1500 expedi.
1187 1404 1279 1476 Nihil
1301 1412 1356 1475 est

272 1531 366 1623 quod
386 1531 535 1624 amplius
556 1529 686 1612 dicam,
708 1528 776 1599 nisi
797 1527 880 1599 illud
899 1526 1038 1600 Ovidii:

513 1725 571 1788 Res
589 1727 634 1785 est
652 1723 762 1786 soliciti
778 1725 864 1804 plena
882 1724 1004 1788 timoris
1019 1740 1117 1789 amor.

415 1844 417 1848 ·
516 1827 574 1900 Qui
591 1827 692 1889 maior
708 1826 848 1890 absentes
861 1826 952 1891 hahet

274 2024 312 2086 ut
336 2011 466 2086 Nasoni
488 2012 632 2083 Flaccus
653 2008 804 2082 accedat.
830 2010 927 2082 Vale.

417 2156 461 2212 nd
475 2156 579 2212 fontem
595 2155 715 2226 Sergiae,
732 2153 864 2211 Kalendis
877 2154 989 2228 Aprilis.

686 2573 865 2637 uelsroun
885 2573 954 2636 Vlll.

447 2762 642 2813 Fannclscus
663 2761 832 2812 Paresaca
852 2762 956 2812 LAELlO
976 2763 1036 2814 SUO
1057 2763 1083 2812 S.
1104 2763 1132 2811 P.
1154 2763 1185 2812 Ι).

306 2923 410 2977 Narrat
424 2920 476 2976 sihi
492 2919 740 2973 Canthusianorum
755 2919 912 2975 coenobium
925 2922 1030 2994 petenti
1043 2927 1183 2977 matronas
1197 2937 1327 2978 romanas

330 3007 424 3063 obvias
438 3005 607 3074 occurrisse,
623 3020 741 3076 quaeque
754 3005 789 3060 ah
802 3007 870 3078 ipsis
884 3007 919 3062 de
934 3009 1049 3064 urbanis
1062 3008 1146 3064 rebus
1159 3008 1309 3064 resciverit.

374 3245 430 3320 Ad
449 3243 588 3318 tertium
606 3246 781 3320 decimum
794 3248 969 3320 Kalendas
987 3247 1098 3318 lllaias
1115 3246 1205 3317 inter
1217 3245 1358 3339 Aquen-

277 3390 352 3442 sem
377 3369 546 3442 coloniam
572 3379 607 3441 et
632 3370 823 3442 Maximino
845 3393 978 3443 sacram
1005 3371 1146 3442 domum
1169 3369 1252 3439 dum
1277 3389 1357 3459 ger-

278 3515 420 3566 manum
441 3515 568 3579 meum,
590 3502 703 3577 tuum,
722 3503 898 3577 nostrum,
921 3494 991 3563 imo
1009 3492 1151 3575 Christi,
1170 3500 1208 3563 ut
1225 3490 1274 3561 ait
1290 3490 1355 3574 ille,

277 3616 460 3688 revisurus
487 3638 680 3709 pergerem,
703 3617 789 3688 forte
815 3616 899 3685 milri
918 3616 986 3687 viae
1003 3615 1118 3686 medio
1137 3635 1357 3686 romanarum

276 3737 402 3828 ingens
422 3738 515 3809 acies
538 3748 772 3810 matronarum
795 3737 859 3809 fuit
879 3737 993 3810 obvia.
1016 3738 1159 3808 Mirum!
1184 3737 1302 3832 procul
1322 3735 1356 3806 in

277 3860 446 3932 frontibus
473 3859 507 3930 in
533 3861 672 3932 incessu
698 3882 810 3952 genus
832 3882 872 3934 ac
897 3862 1040 3953 patriam
1062 3859 1156 3930 novi.
1184 3855 1356 3931 Sciscitari

277 3988 395 4050 tamen
420 3980 519 4052 libuit
545 3981 574 4052 si
600 3984 718 4074 forsan
738 3982 917 4052 fefellisset
942 3980 1136 4053 aestimatio.
1159 3981 1245 4051 Cum
1272 3999 1356 4048 vero

277 4097 346 4169 iam
367 4101 465 4172 iuxta
485 4123 600 4172 essem
618 4113 654 4173 et
674 4124 778 4174 voces
795 4103 1062 4197 colloquentium
1084 4103 1251 4187 audirem,
1271 4099 1355 4171 nihil
