3062 4798
281 331 341 393 tot
627 345 667 394 uu
690 344 791 394 aeuus
813 345 1035 396 resumamus

192 472 196 481 ’
280 481 441 576 cognitus
473 500 639 552 romanus
668 479 772 563 civis,
803 479 909 554 nullis
934 478 1041 552 titulis
1072 499 1230 564 suorum,
1261 484 1366 556 nuttis

280 606 449 677 maiorum
469 601 691 694 imaginibus
707 601 858 693 denique
871 601 1033 687 nullisad
1051 601 1086 675 id
1102 614 1237 696 tempus
1254 603 1366 677 virtu-

281 725 373 798 tibus
392 726 466 797 suis
479 728 611 809 clarus,
629 725 689 816 qui
707 723 882 797 vindicem
896 745 935 796 se
949 746 1102 798 romanae
1119 725 1292 798 libertatis
1308 749 1366 800 as·

280 855 423 920 sereret.
445 845 593 917 Obscuri
614 844 765 916 bominis
786 847 880 918 clara
900 847 1080 940 professio.
1107 846 1201 920 Illioo
1221 857 1260 918 ut
1279 849 1363 933 scis,

280 971 404 1042 Tuscia
424 969 550 1063 cupide
568 989 696 1040 manus
717 967 826 1052 dedit,
854 969 999 1062 imperia
1018 969 1168 1065 excepit.
1190 971 1262 1043 lam
1286 991 1365 1044 sen·

280 1095 344 1165 sim
366 1091 480 1164 omnis
497 1091 595 1162 ltalia
613 1090 920 1182 sequebatur,iam
937 1089 1085 1185 Europa,
1107 1091 1176 1162 iam
1198 1101 1292 1164 totus
1310 1114 1365 1165 or-

279 1216 335 1288 bis
359 1216 394 1286 in
416 1225 510 1286 motu
537 1222 623 1286 erat.
645 1213 738 1297 Quid
758 1214 876 1286 multis
896 1222 953 1285 est
977 1216 1090 1306 opus‘l
1112 1214 1188 1284 Non
1213 1216 1364 1306 legimus

276 1337 353 1422 ista,
375 1335 438 1408 sed
455 1335 619 1407 vidimus.
634 1337 705 1408 lam
723 1334 872 1407 rediisse
892 1333 1025 1407 iustitia
1044 1345 1081 1407 et
1098 1355 1169 1429 pax
1185 1345 1222 1408 et
1239 1337 1363 1408 barum

275 1459 421 1532 comites
442 1461 532 1532 alma
553 1457 651 1542 fides,
674 1458 859 1551 tranquilla
880 1458 1059 1544 securitas,
1082 1459 1127 1531 ad
1147 1468 1363 1552 postremum

275 1583 374 1656 aurei
390 1585 510 1655 saeculi
528 1582 678 1673 vestigia
698 1581 918 1654 videbantur.
941 1583 1002 1654 llle
1022 1582 1191 1654 tamenin
1212 1582 1290 1677 ipso
1311 1605 1364 1654 re·
1473 1609 1475 1615 ·

274 1728 353 1778 rum
374 1705 459 1776 tlore
476 1706 591 1799 paruit
608 1704 719 1777 alteri.
734 1691 828 1776 vNolo
846 1704 911 1776 sibi
932 1706 1069 1799 culpam
1090 1704 1177 1777 dare
1193 1727 1259 1780 nec
1280 1707 1363 1778 alte·

276 1830 327 1899 ri:
360 1849 429 1900 non
462 1827 656 1900 condemno
677 1829 870 1912 bominem,
897 1850 965 1899 uon
1000 1827 1167 1911 absolvo;
1194 1850 1264 1900 non
1286 1851 1362 1900 sum

274 1950 406 2022 iudex:
425 1951 512 2043 quid
532 1950 653 2044 opiner
671 1951 754 2024 scio.
776 1953 821 2022 Et
841 1962 1042 2044 sumpserat
1057 1951 1114 2024 ille
1132 1951 1270 2024 titulum
1291 1952 1363 2023 Tri-

275 2074 373 2159 buni,
396 2075 491 2168 quod
516 2075 608 2147 inter
634 2077 808 2159 romuleas
835 2073 1024 2167 dignitates
1045 2075 1276 2148 humillimum
1302 2095 1362 2146 no·

274 2220 355 2270 men
375 2198 450 2273 fuit.
470 2199 506 2270 Si
526 2207 660 2270 tantum
683 2219 768 2289 ergo
791 2195 1026 2268 Tribuuieium
1042 2198 1163 2290 potuit,
1185 2197 1272 2290 quid
1289 2199 1363 2268 Cae-

276 2341 413 2393 sareum
433 2344 560 2396 nomen
580 2325 727 2415 posset?
747 2321 794 2393 At
816 2319 846 2392 si
862 2319 991 2404 differs,
1012 2320 1042 2390 si
1062 2320 1188 2404 baeres,
1206 2330 1243 2392 ct
1258 2341 1361 2412 quam

274 2443 335 2514 tibi
349 2443 417 2516 sub
433 2447 542 2517 oculis
555 2445 658 2538 posui
672 2447 791 2536 lugam
807 2443 973 2537 temporis
986 2463 1056 2516 non
1069 2442 1230 2528 attendis,
1245 2451 1362 2516 actum

272 2576 348 2648 esa
371 2551 440 2637 luo
462 2566 662 2660 Imperium,
685 2568 776 2661 perit
795 2566 950 2640 literas.
971 2567 1056 2654 uon,
1079 2587 1142 2640 oro
1162 2577 1205 2651 te,
1226 2567 1359 2649 cesar,
1438 2623 1445 2636 .
1473 2547 1478 2556 '

274 2689 352 2761 baee
376 2712 455 2762 cum
482 2691 661 2762 stomacho
686 2692 817 2782 legere,
848 2711 930 2783 quae
956 2691 1075 2761 forsan
1101 2688 1221 2781 gustui
1245 2686 1362 2760 minus

273 2811 387 2885 dulcia
408 2821 490 2884 sunt
514 2835 620 2906 quam
640 2813 762 2910 velles.
788 2811 912 2884 Nescis
933 2811 1016 2905 quia
1042 2811 1145 2884 bilem
1167 2819 1361 2882 concretam

272 2934 425 3006 remedia
446 2935 512 3006 nisi
532 2955 653 3006 amara
672 2958 743 3007 non
764 2939 971 3029 penetrant‘l
991 2937 1068 3028 Ego
1089 2934 1151 3006 tibi
1167 2955 1293 3006 verum
1310 2929 1361 3002 di-

271 3077 350 3128 cere
369 3079 440 3128 non
460 3067 588 3141 metuo,
608 3057 774 3150 quoniam
793 3079 913 3131 amare
931 3069 965 3130 te
982 3080 1105 3130 verum
1127 3057 1220 3141 novi,
1241 3054 1360 3127 odisse

270 3177 465 3250 blanditias.
486 3178 691 3265 Prudenter,
710 3181 847 3273 optime,
869 3179 1062 3273 magnifice.
1076 3179 1224 3252 Acouita
1237 3199 1359 3270 regum
1467 3267 1473 3284 ἢ

264 3275 364 3386 sunt,
386 3301 502 3374 irrisio
525 3301 731 3395 potentium,
761 3325 855 3376 mors
881 3303 1089 3398 principum,
1116 3324 1214 3382 arma
1235 3302 1360 3372 fallen-

269 3427 366 3498 tium.
392 3426 579 3500 Sedenim
612 3427 788 3500 nescimus
814 3437 940 3518 quantu
965 3427 1073 3498 tetus
1097 3428 1141 3498 sit
1166 3425 1359 3518 Imperium.

268 3550 331 3622 Hic
349 3548 441 3622 enim
468 3551 556 3622 alter
581 3549 848 3634 excusationum
876 3558 1013 3621 tuarum
1040 3551 1135 3623 color
1162 3548 1236 3622 luit.
1258 3543 1360 3630 Quod

267 3669 399 3744 dietum
425 3669 531 3744 miror
562 3693 625 3742 cur
650 3670 811 3762 Augusto
844 3669 1008 3742 tribueris
1034 3693 1116 3744 oum
1144 3667 1272 3742 Tiberii
1300 3667 1357 3754 sit,

267 3793 334 3865 nisi
359 3794 448 3864 forte
472 3795 529 3864 vel
555 3813 673 3866 rerum
699 3815 785 3866 cura
811 3793 1039 3885 praesentium
1066 3792 1279 3884 memoriam,
1296 3811 1360 3863 ve-

267 3917 406 3990 tustatis
422 3913 612 4000 obnubilat,
630 3916 688 3986 vel
707 3919 961 3991 communicato
978 3915 1150 3990 vocabulo
1165 3911 1360 4009 quemlibet

265 4034 512 4129 Imperatorem
532 4048 569 4109 ut
590 4038 780 4125 Caesarem,
802 4039 852 4114 sic
872 4039 1072 4132 Augustum
1094 4059 1211 4112 vocas.
1232 4033 1358 4108 Fecisti

265 4155 382 4226 forsan
409 4157 444 4228 id
468 4159 599 4242 sciens,
628 4171 666 4234 ut
691 4160 737 4232 ab
762 4161 890 4254 insigni
916 4172 1057 4235 auctore
1077 4161 1182 4244 dicto,
1209 4181 1280 4253 quo
1306 4157 1356 4229 uti
