3062 4798
275 356 334 420 tte
615 365 656 413 nu
678 364 779 412 nunus
799 361 1021 418 annumeramus

275 508 368 599 lique
385 502 602 575 clementiam
620 520 779 582 cernane,
801 519 936 569 mecum
960 517 1056 588 saepe
1072 495 1247 600 dicebam:
1266 518 1358 568 nunc

275 630 331 698 ille
348 625 432 719 quid
450 624 534 715 agit,
557 624 623 693 nisi
644 621 738 714 quod
756 620 917 714 promissi
934 619 989 690 sui
1002 620 1192 700 immemor,
1211 629 1359 690 nostrae-

275 772 345 842 que
361 747 489 819 oblitus
507 745 678 827 amicitiae,
701 742 950 838 Babylonicum
968 763 1106 813 coenum
1125 740 1213 825 terit,v
1230 751 1267 811 et
1286 754 1359 812 tan-

276 881 332 942 tus
371 878 505 940 amator
537 868 706 938 libertatis
733 866 962 955 laudatorque
996 862 1201 946 modestiae‚
1238 871 1359 956 sponte

277 1013 340 1062 sua
372 991 601 1086 superborum
636 988 812 1060 liminibus
846 987 1078 1058 obversatur?
1108 986 1144 1056 Si
1173 985 1361 1056 ambitione

278 1125 407 1186 tractus
429 1114 513 1184 nibil
539 1112 690 1196 inanius,
716 1111 746 1182 si
766 1110 914 1182 avaritia
934 1108 1018 1180 nibil
1039 1109 1252 1184 obscoenius.
1275 1108 1361 1192 Quis

277 1245 394 1307 autem
419 1233 524 1304 linis‘l
545 1255 589 1304 an
610 1232 694 1304 dum
712 1233 852 1302 cumulo
872 1252 989 1301 rerum
1018 1231 1063 1301 sit
1087 1230 1243 1302 extincta
1266 1230 1362 1324 cupi-

275 1358 398 1430 ditas‘l
436 1355 630 1448 quaerendo
668 1355 724 1425 illa
760 1353 874 1444 magis
908 1352 1091 1445 magisque
1127 1351 1360 1424 succenditur.

275 1483 383 1551 Deme
423 1478 590 1562 divitias,
631 1478 789 1549 avaritiae
831 1475 1050 1546 subtraxeris
1086 1474 1366 1546 fundamentum.

275 1605 412 1694 Pauper
438 1601 528 1671 enim
554 1623 622 1671 non
643 1600 710 1670 nisi
729 1597 929 1669 necessaria
951 1597 1033 1670 vitae
1059 1597 1161 1690 cupit,
1181 1618 1262 1690 quae
1283 1607 1363 1668 suut

277 1745 401 1817 pauca:
431 1722 534 1793 dives
547 1721 606 1813 qui
629 1720 696 1792 iam
723 1742 945 1791 nummorum
972 1723 1132 1792 cumulos
1154 1720 1251 1802 vidit,
1273 1720 1363 1793 didi·

275 1845 390 1936 citque
424 1844 593 1915 immensa
632 1853 668 1913 et
697 1843 830 1914 inutilia
862 1844 1003 1927 mirari,
1036 1844 1193 1935 protinus
1235 1866 1361 1916 aureos
1402 1853 1406 1862 '

277 1976 412 2039 montes
446 1974 483 2037 et
516 1977 683 2057 argentea
711 1965 854 2037 llumina
883 1965 1010 2057 cupida
1044 1965 1110 2035 sibi
1143 1966 1363 2040 meditatione

276 2091 460 2183 componit.
493 2088 727 2172 Quamobrem
763 2088 793 2158 si
826 2088 871 2159 ad
902 2087 1091 2160 finiendam
1121 2088 1363 2160 leniendamve

277 2212 473 2307 cupidinem
496 2233 643 2302 magnas
664 2210 805 2282 divitias
830 2221 1006 2302 optamus
1035 2209 1070 2282 iu
1097 2211 1287 2282 adversum
1313 2211 1364 2280 ni-

277 2315 393 2407 timur.
417 2335 558 2405 Crescat
579 2334 635 2404 illa
657 2333 882 2405 successibus
903 2344 938 2404 et
958 2335 1106 2405 latenter
1125 2333 1278 2426 obrepet,
1301 2355 1364 2406 nec

277 2456 448 2550 cupiditas
481 2463 631 2540 tantum,
666 2459 728 2528 sed
759 2457 953 2528 necessitas
984 2457 1115 2528 evitata
1144 2463 1362 2527 succrescet:

277 2581 465 2671 nullusque
497 2578 656 2650 laborum
681 2579 921 2664 arnmodus,
957 2580 1026 2652 nisi
1060 2602 1139 2651 cum
1175 2579 1364 2669 intelligere

278 2701 427 2794 coeperis
457 2724 579 2774 omnes
601 2703 666 2774 bos
693 2705 839 2795 laqueos
864 2711 1191 2798 contemptuopum
1218 2700 1363 2772 dissolvi

278 2845 385 2918 posse
410 2846 479 2896 non
505 2824 641 2917 opibus.
660 2827 749 2895 Dum
778 2825 857 2897 talia
890 2827 1070 2896 volverem
1103 2824 1213 2895 iratus
1241 2821 1301 2894 tibi
1330 2833 1364 2896 et

279 2949 425 3017 fortunae
442 2965 546 3028 meae,
567 2967 648 3017 ecce
667 2946 783 3017 subito
795 2949 886 3018 lama
904 2946 1037 3019 tristior
1057 2945 1200 3017 infelicis
1219 2946 1363 3017 lanueu·

280 3067 370 3137 sium
391 3066 471 3136 belli
489 3066 634 3137 terribili
655 3068 784 3139 tonitru
806 3069 951 3164 perculit
970 3091 1074 3141 aures
1093 3089 1201 3140 meas.
1219 3066 1362 3158 Obrigui

280 3197 441 3282 stupens
455 3198 491 3258 et
507 3188 550 3260 ad
570 3198 604 3260 te
624 3190 740 3262 animo
753 3213 961 3264 conversus:
975 3191 1074 3276 heus,
1088 3191 1240 3286 inquam,
1255 3189 1362 3262 amice

279 3312 465 3396 fortunate,
485 3321 524 3383 ut
544 3313 578 3382 in
599 3313 717 3385 malis!
745 3315 833 3387 Nam
865 3315 940 3386 sive
971 3315 1039 3386 ista
1065 3334 1304 3408 praesenseras
1330 3319 1364 3384 et

278 3455 409 3526 magna
424 3434 565 3527 quidem
583 3437 718 3508 consilii
733 3438 782 3508 tui
801 3438 872 3520 vis;
892 3438 968 3509 sive
988 3438 1036 3508 nil
1053 3439 1121 3508 tale
1142 3435 1363 3530 praesagienti

279 3557 426 3650 contigit
445 3557 584 3643 abesse,
607 3570 642 3630 et
669 3571 781 3631 tecum
804 3561 838 3632 in
865 3582 908 3633 eo
935 3563 1056 3633 saltem
1083 3558 1286 3632 clementior
1305 3566 1363 3628 tua

281 3701 370 3763 sors,
399 3681 493 3773 quod
514 3681 704 3754 admodum
720 3685 793 3755 fero
816 3685 1012 3777 spectaculo
1033 3691 1067 3752 te
1088 3679 1245 3753 dimovit.
1264 3679 1364 3751 Certe

279 3802 445 3895 quioquid
466 3802 589 3874 horum
621 3805 755 3888 verius
792 3804 935 3877 tarditas
963 3803 1024 3874 tibi
1049 3799 1364 3875 celeritatemelior

279 3925 397 4006 luerit3
416 3926 506 3995 mala
524 3927 647 3996 saltem
665 3926 873 4001 miserabilis
887 3927 1008 4022 patriae
1026 3949 1096 3998 non
1109 3924 1258 3996 videbis.
1273 3922 1364 4007 Quid

279 4067 366 4116 vero
387 4070 479 4119 nunc
509 4050 654 4140 loquar?
684 4049 818 4132 Quibus
851 4050 969 4122 verbis
1005 4048 1279 4141 magnitudinem
1313 4043 1363 4116 rei

280 4170 448 4252 aequem?
473 4169 574 4249 Quod
595 4171 746 4242 verebar
767 4172 908 4245 accidit:
931 4171 969 4244 ld
1003 4173 1033 4244 si
1066 4171 1179 4244 dicam
1200 4168 1361 4244 mentiar:
