3002 4794
228 358 268 417 lo
570 371 610 417 uu
633 369 734 418 nunus
755 367 977 416 raururlrunus

229 499 388 560 amantes
409 489 477 559 mei
504 486 652 558 nominis
678 495 867 578 utcumque
888 483 1063 568 custodio,
1085 482 1131 554 ad
1152 482 1317 574 incogniti

229 610 351 682 iudicis
374 612 524 683 tribunal
545 610 689 680 invitam
712 601 834 680 trabis.
853 609 939 679 Nam
957 607 1051 700 quod
1070 616 1316 699 argumentum

229 736 338 807 babes
352 737 428 807 eius
442 737 498 807 cui
511 757 623 830 nuper
637 735 776 804 hortatu
791 741 849 803 tuo
864 731 1071 826 scripserim,
1089 739 1126 802 ot
1139 740 1177 801 ut
1190 738 1317 800 eaetera

228 869 352 932 cuncta
374 858 498 930 similia
521 858 590 928 sint
608 856 659 926 eis
682 877 762 948 quae
781 854 966 926 dissimilia
984 875 1065 925 esse
1082 864 1238 947 possunt,
1259 857 1317 924 vel

227 981 326 1074 origo
348 984 423 1054 sola
443 981 557 1053 reddit
578 979 779 1082 invalidum.
799 978 833 1048 ls
854 977 960 1061 enim,
983 977 1029 1048 ad
1050 999 1155 1069 quem
1177 977 1314 1080 scripsi,

228 1104 351 1186 Italus,
375 1103 441 1186 bic,
464 1100 509 1173 ad
526 1123 630 1193 quem
650 1099 753 1171 scribi
772 1099 882 1183 iubes,
901 1110 956 1171 est
976 1101 1144 1184 Dalmata,
1168 1110 1208 1170 ul
1228 1101 1316 1172 coelo

229 1223 280 1294 sic
302 1224 380 1294 stilo
400 1223 498 1293 alteri
526 1225 756 1294 assuefactus.
785 1223 897 1293 Unum
919 1243 1017 1292 mare
1039 1231 1094 1292 est
1114 1222 1229 1307 nobis,
1251 1221 1316 1294 sed

228 1365 296 1414 non
312 1367 418 1415 unum
433 1344 523 1428 litus,
544 1367 612 1416 non
631 1365 723 1414 unus
741 1343 887 1428 animus,
907 1364 976 1412 non
994 1367 1100 1414 unum
1120 1343 1314 1434 ingenium,

228 1486 298 1536 non
318 1489 409 1538 unus
427 1467 579 1559 denique
599 1488 661 1537 seu
678 1465 822 1537 vivendi
841 1487 903 1536 seu
921 1465 1085 1555 loquendi
1099 1486 1186 1536 mos.
1203 1467 1316 1557 thue

229 1611 293 1661 nos
311 1611 331 1659 a
349 1590 455 1660 Gallis
476 1611 516 1661 ac
536 1587 716 1659 Germanis
734 1587 842 1682 Alpes
862 1586 977 1671 aeriae,
1002 1586 1046 1656 ab
1067 1585 1160 1657 Afris
1182 1595 1316 1657 aestuo-

231 1709 409 1782 sissimum
432 1711 650 1806 Tyrrhenum
671 1731 781 1794 mare,
805 1709 854 1779 sic
875 1731 895 1780 a
915 1708 1081 1780 Dalmatis
1103 1717 1208 1802 atque
1227 1711 1317 1780 Pan-

228 1832 341 1903 noniis
364 1834 463 1903 sinus
482 1831 631 1924 seiungit
651 1831 831 1914 AdriacuS,
852 1852 958 1922 quem
979 1829 1171 1921 inquietum
1192 1829 1316 1902 merito

228 1955 305 2025 eius
326 1957 440 2026 accola
460 1957 604 2026 Flaccus
622 1955 678 2026 ait.
697 1953 805 2025 Vides
827 1952 937 2023 oculis
959 1962 1088 2044 quanta
1108 1953 1312 2036 diversitas,

229 2087 334 2170 atque
353 2087 392 2149 ut
409 2078 508 2150 alteri
525 2077 656 2170 exigua
674 2075 848 2147 scribendi
869 2097 976 2146 causa
993 2074 1071 2159 fuit,
1093 2074 1143 2146 sic
1159 2075 1240 2146 huie
1256 2096 1318 2169 pe-

229 2179 324 2271 nitus
345 2204 473 2272 nullam
495 2223 588 2272 esse.
610 2200 707 2271 Notis
729 2199 870 2292 quidem
891 2219 931 2270 ac
948 2197 1175 2269 familiaribus
1195 2197 1316 2269 amicis

230 2322 404 2394 interdum
427 2323 590 2408 seribere,
620 2321 748 2416 saepius
774 2342 861 2392 vero
886 2318 1082 2390 rescribere
1108 2321 1218 2402 soleo,
1246 2339 1316 2389 non

231 2453 300 2515 tam
334 2444 497 2537 cupidine
523 2443 782 2534 laudis,·quam
811 2463 871 2535 spe
899 2440 1015 2510 veniae
1041 2448 1076 2510 et
1097 2441 1317 2531 colloquendi

231 2565 381 2656 quadam
402 2585 472 2634 non
492 2584 602 2657 parva
622 2562 816 2634 dulcedine.
834 2559 966 2651 [gnatis
987 2571 1022 2632 et
1042 2560 1219 2653 praecipue
1240 2562 1318 2633 tali-

230 2686 307 2770 buS,
335 2688 473 2778 qualem
500 2692 536 2754 tn
563 2687 656 2755 bunc
672 2683 765 2768 facis,
790 2684 951 2774 ingerere
977 2690 1097 2752 nostra
1118 2681 1195 2752 baec
1220 2683 1317 2754 nuda

232 2817 335 2900 atque
348 2808 522 2900 incompta
536 2829 604 2878 non
619 2808 836 2878 soleoParce
850 2805 964 2895 igilur,
980 2803 1099 2888 amice,
1114 2827 1227 2898 parce,
1243 2827 1314 2890 oro,

231 2931 370 3014 famam,
394 2931 494 3000 cuius
515 2930 604 3000 inter
624 2931 784 3012 cultores,
814 2927 893 3012 scio,
921 2950 990 2999 nou
1015 2929 1174 2999 ultimum
1201 2929 1315 2998 locum

232 3059 338 3134 tenes,
357 3051 459 3121 nimis
481 3051 632 3121 amando
654 3073 782 3142 urgere
802 3061 837 3122 et
855 3050 888 3122 in
906 3050 1095 3123 discrimen
1112 3049 1264 3121 trudere.
1279 3051 1316 3121 Si

232 3181 266 3244 te
286 3194 385 3244 error
403 3175 447 3244 de
469 3195 525 3245 me
545 3183 627 3244 tuus
647 3171 754 3256 iuvat,
775 3173 849 3244 sine
867 3184 1028 3245 consorte
1051 3184 1159 3244 utere.
1177 3175 1212 3243 Si
1230 3173 1316 3242 nihil

233 3297 308 3367 sine
322 3298 416 3368 socio
427 3296 583 3380 delectat,
601 3295 793 3381 veteribus,
810 3296 839 3364 si
854 3295 914 3387 qui
928 3284 1017 3380 sunl,
1032 3305 1226 3378 contentus,
1245 3294 1315 3364 noli

232 3439 344 3491 novos
363 3441 532 3511 quaerere,
553 3429 588 3493 et
607 3419 691 3489 felix
712 3439 829 3488 errore
848 3426 915 3503 tuo,
935 3429 973 3489 ut
988 3419 1035 3489 ait
1056 3417 1121 3503 ille,
1142 3417 1209 3488 noli
1228 3416 1314 3488 alios

232 3543 267 3612 in
283 3564 436 3615 errorem
455 3563 589 3632 cogere,
605 3541 681 3612 illos
699 3540 894 3634 praesertim
912 3539 971 3632 qui
988 3550 1024 3610 et
1041 3539 1118 3632 cogi
1136 3545 1317 3632 nequeunt

232 3675 267 3737 et
281 3665 446 3737 maiorem
463 3664 576 3756 rigido
590 3687 637 3736 ex
649 3687 745 3747 vero,
765 3686 869 3756 quam
882 3685 929 3734 ex
944 3664 1071 3735 blando
1087 3683 1215 3744 errore,
1236 3683 1317 3753 per-

232 3787 363 3879 cipiunt
383 3789 608 3879 voluptatem.
627 3786 702 3856 Noli
722 3807 862 3878 quoque
880 3785 1150 3857 committerent
1169 3780 1316 3851 curiosi-

234 3916 303 3976 tate
324 3909 429 3979 nimia
448 3907 629 3980 delectatio
654 3883 714 3978 tua
740 3916 871 4000 pereat,
893 3929 971 3980 eum
992 3927 1078 3978 casu
1098 3903 1216 3994 aliquo
1236 3921 1316 3994 per-

233 4028 374 4098 veneris
387 4051 457 4121 quo
475 4052 542 4101 non
559 4032 625 4113 vie,
645 4029 704 4100 ubi
723 4030 852 4101 scilicet
869 4028 969 4102 amici
986 4023 1189 4118 ignorantia,
1210 4043 1315 4115 quam

234 4148 295 4220 libi
315 4169 412 4220 amor
433 4151 541 4241 gratis
561 4151 627 4224 fuci
634 4173 650 4223 s
671 4150 771 4221 illinit
791 4161 826 4222 et
845 4150 970 4243 placito
990 4145 1165 4222 velamine
1184 4145 1314 4241 palliat,
