2958 4804
278 360 336 421 24‘2
610 374 651 422 DE
673 374 772 424 REBUS
798 374 1020 425 ssultlsalnus

275 518 401 602 tusque
425 530 538 592 meus
562 510 592 580 si
615 513 734 581 forsan
754 532 774 580 e
794 519 896 604 portu
917 511 1139 582 Sulmonensi
1164 509 1350 582 Partheno

274 654 369 726 paeas
389 632 526 724 repetiit
546 634 729 724 procellas,
753 631 863 704 risurn
886 645 1045 705 nostrum
1066 631 1350 724 indignationem

169 760 175 766 “
274 777 344 848 que
363 755 575 849 participent.

415 913 458 967 Ad
472 913 576 968 sontem
592 915 696 985 Sergiae
712 915 775 969 1111.
792 914 858 969 Idus
873 914 999 985 Augusti.

685 1405 860 1470 EPlSTOLA
881 1407 938 1471 llll.

334 1602 527 1653 FRANCISCUS
547 1602 717 1652 Puruaacn
738 1603 855 1654 tessal
875 1603 989 1654 SANC'l'l
1008 1601 1136 1654 BENIGNI
1164 1603 1190 1652 S.
1212 1604 1241 1652 P.
1264 1604 1294 1652 Ι).

275 1777 310 1832 Se
333 1777 432 1833 studiis
452 1775 563 1832 assidue
581 1777 752 1832 incumbere.
772 1777 916 1832 Scribendi
934 1783 962 1833 et
984 1777 1100 1833 canendi
1117 1777 1261 1832 cacoethes
1281 1779 1354 1832 inra-

360 1865 457 1922 luisse.
474 1866 518 1922 Ad
526 1865 633 1947 sontem
647 1866 751 1938 Sergia
766 1866 857 1922 adbuc
869 1883 898 1922 se
910 1883 1003 1922 moras
1012 1871 1124 1924 nectere
1137 1867 1226 1939 ipsius
1238 1867 1353 1940 eiusque

362 1956 467 2012 domini
482 1956 602 2014 reditum
616 1962 816 2032 expectantem.

371 2209 459 2285 Mira
483 2232 540 2282 res
565 2211 682 2284 dictu:
709 2211 862 2284 scribere
888 2210 1002 2305 oupi0,
1024 2233 1090 2284 nec
1112 2208 1197 2304 qnid
1217 2219 1279 2282 aut
1297 2209 1353 2282 oui

272 2333 421 2408 scribam
441 2335 528 2406 scio:
545 2344 582 2407 et
594 2334 676 2431 (tam
688 2338 799 2408 ferrea
815 2334 988 2430 voluptas)
1005 2355 1169 2432 papyrus,
1187 2333 1350 2415 calamus,

273 2467 520 2542 atramentum,
543 2467 793 2551 nocturnaeque
813 2457 945 2550 vigiliae
966 2479 1088 2531 somno
1108 2457 1193 2531 mibi
1213 2466 1295 2528 sunt
1318 2463 1352 2524 el

272 2580 393 2675 requie
411 2581 592 2672 gratiores.
619 2581 711 2666 Quid
736 2585 868 2654 multa‘l
893 2581 1035 2654 Crucior
1061 2601 1200 2676 semper
1223 2588 1259 2650 et
1279 2580 1351 2649 lan-

273 2726 377 2798 gue0,
400 2702 468 2776 nisi
488 2705 572 2776 dum
594 2704 722 2776 scribo:
744 2705 794 2777 sic
814 2727 907 2776 nova
926 2703 1155 2800 perplexitas:
1175 2703 1211 2773 in
1235 2700 1350 2795 quiete

272 2826 434 2926 laborans
468 2827 502 2898 in
527 2825 705 2898 laboribus
736 2825 957 2920 conquiesco.
988 2827 1121 2898 Durum
1153 2835 1276 2918 pectus
1311 2845 1351 2896 ac

272 2971 428 3033 saxeum,
449 2957 486 3018 et
504 2947 600 3040 quod
619 2969 703 3020 vere
723 2947 959 3020 deucalioneis
976 2970 1024 3020 ex
1042 2947 1216 3041 lapidibus
1237 2954 1350 3020 ortum

270 3082 382 3166 putee,
404 3069 465 3143 ubi
482 3078 591 3142 tolum
613 3069 822 3142 membranis
843 3070 1014 3158 incubuit,
1037 3071 1098 3144 ubi
1116 3071 1244 3163 digitos
1269 3091 1352 3146 ouu-

270 3196 393 3286 losque
413 3192 569 3277 lassavit,
593 3201 666 3264 lum
686 3193 801 3285 frigus
821 3205 1017 3288 aestumque
1038 3215 1108 3266 non
1129 3192 1248 3278 sentit,
1278 3203 1350 3266 turn

271 3315 338 3387 sibi
357 3313 586 3409 compositum
612 3314 722 3388 lodice
748 3316 951 3388 mollissima
976 3315 1129 3400 videtur,
1157 3314 1351 3408 metuitque

269 3437 399 3524 divelli,
425 3449 461 3510 et
486 3438 693 3531 obsequium
714 3439 780 3510 sibi
800 3437 1011 3532 negantibus
1036 3436 1201 3510 memhris
1222 3436 1347 3517 baeret3

270 3561 331 3635 ubi
347 3583 440 3648 vero,
453 3561 602 3634 iubente
627 3561 846 3646 necessitate,
865 3561 1078 3648 distrahitur,
1102 3571 1174 3632 tum
1199 3558 1350 3653 primurn

270 3685 394 3759 lassari
413 3685 540 3780 incipit,
559 3696 594 3758 et
609 3683 754 3780 perinde
774 3665 1057 3756 laborum'lerias
1078 3681 1153 3766 init,
1172 3680 1274 3774 quasi
1296 3702 1350 3754 se

269 3809 349 3904 gnis
380 3811 510 3882 asellus
543 3807 611 3882 sub
643 3807 762 3901 iniquo
794 3808 886 3880 fasce
919 3808 1164 3901 scrupulosum
1195 3815 1347 3878 montem

268 3931 389 4004 iussus
408 3930 643 4013 adscendere;
663 3951 746 4002 mox
765 3949 834 4002 non
855 3927 972 4000 minus
993 3928 1097 4002 avide
1117 3938 1267 4023 creptum
1294 3949 1349 4008 ne-

269 4054 369 4148 petit,
395 4076 500 4146 qnam
523 4054 664 4149 plenum
689 4055 806 4124 lessus
834 4052 891 4124 ille
922 4069 1102 4147 praesepe:
1135 4072 1200 4124 nec
1231 4049 1347 4122 minus

270 4172 383 4264 longis
403 4171 714 4256 lucubrationibus,
732 4193 837 4265 quam
853 4171 883 4242 is
903 4170 1030 4266 pabulo
1046 4180 1082 4246 et
1098 4172 1215 4266 quiete
1235 4169 1347 4244 refici-
