<?xml version="1.0" encoding="UTF-8"?>
<!DOCTYPE html PUBLIC "-//W3C//DTD XHTML 1.0 Transitional//EN"
    "http://www.w3.org/TR/xhtml1/DTD/xhtml1-transitional.dtd">
<html xmlns="http://www.w3.org/1999/xhtml" xml:lang="en" lang="en">
 <head>
  <title>
</title>
<meta http-equiv="Content-Type" content="text/html;charset=utf-8" />
  <meta name='ocr-system' content='tesseract 3.04.00' />
  <meta name='ocr-capabilities' content='ocr_page ocr_carea ocr_par ocr_line ocrx_word'/>
</head>
<body>
  <div class='ocr_page' id='page_1' title='image "./franciscipetrar01fracgoog_0550.png"; bbox 0 0 3024 4802; ppageno 0'>
   <div class='ocr_carea' id='block_1_1' title="bbox 378 353 1236 416">
    <p class='ocr_par' dir='ltr' id='par_1_1' title="bbox 378 353 1236 416">
     <span class='ocr_line' id='line_1_1' title="bbox 378 353 1236 416; baseline -0.002 0"><span class='ocrx_word' id='word_1_1' title='bbox 378 367 469 416; x_wconf 79' lang='lat' dir='ltr'>urana</span> <span class='ocrx_word' id='word_1_2' title='bbox 491 365 1019 416; x_wconf 80' lang='lat' dir='ltr'>nonusnncmus.-·nr1srntlrx.</span> <span class='ocrx_word' id='word_1_3' title='bbox 1178 353 1236 414; x_wconf 79' lang='grc'>539</span> 
     </span>
    </p>
   </div>
   <div class='ocr_carea' id='block_1_2' title="bbox 153 499 1318 2190">
    <p class='ocr_par' dir='ltr' id='par_1_2' title="bbox 153 499 1238 1944">
     <span class='ocr_line' id='line_1_2' title="bbox 156 499 1237 597; baseline -0.002 -23"><span class='ocrx_word' id='word_1_4' title='bbox 156 523 225 597; x_wconf 90' lang='lat' dir='ltr'>que</span> <span class='ocrx_word' id='word_1_5' title='bbox 242 501 361 595; x_wconf 82' lang='lat' dir='ltr'>praelio</span> <span class='ocrx_word' id='word_1_6' title='bbox 380 501 448 572; x_wconf 88' lang='lat' dir='ltr'>lusi</span> <span class='ocrx_word' id='word_1_7' title='bbox 470 510 564 586; x_wconf 89' lang='lat' dir='ltr'>sunt,</span> <span class='ocrx_word' id='word_1_8' title='bbox 586 521 668 571; x_wconf 90' lang='lat' dir='ltr'>eum</span> <span class='ocrx_word' id='word_1_9' title='bbox 686 502 853 573; x_wconf 89' lang='lat' dir='ltr'>honorem</span> <span class='ocrx_word' id='word_1_10' title='bbox 874 499 959 572; x_wconf 88' lang='lat' dir='ltr'>Duci</span> <span class='ocrx_word' id='word_1_11' title='bbox 979 501 1109 593; x_wconf 89' lang='lat' dir='ltr'>optimo</span> <span class='ocrx_word' id='word_1_12' title='bbox 1141 501 1237 574; x_wconf 87' lang='lat' dir='ltr'>dele-</span> 
     </span>
     <span class='ocr_line' id='line_1_3' title="bbox 155 621 1236 715; baseline -0.002 -19"><span class='ocrx_word' id='word_1_13' title='bbox 155 634 254 696; x_wconf 80' lang='lat' dir='ltr'>rente</span> <span class='ocrx_word' id='word_1_14' title='bbox 273 625 421 707; x_wconf 88' lang='lat' dir='ltr'>lortuna,</span> <span class='ocrx_word' id='word_1_15' title='bbox 443 632 481 694; x_wconf 92' lang='lat' dir='ltr'>ut</span> <span class='ocrx_word' id='word_1_16' title='bbox 499 621 589 694; x_wconf 86' lang='lat' dir='ltr'>ricut</span> <span class='ocrx_word' id='word_1_17' title='bbox 608 621 701 708; x_wconf 86' lang='lat' dir='ltr'>dixi,</span> <span class='ocrx_word' id='word_1_18' title='bbox 723 621 863 695; x_wconf 89' lang='lat' dir='ltr'>dilatam</span> <span class='ocrx_word' id='word_1_19' title='bbox 881 621 1003 715; x_wconf 85' lang='lat' dir='ltr'>patriae</span> <span class='ocrx_word' id='word_1_20' title='bbox 1016 643 1091 694; x_wconf 84' lang='lat' dir='ltr'>suae</span> <span class='ocrx_word' id='word_1_21' title='bbox 1103 623 1236 696; x_wconf 79' lang='lat' dir='ltr'><strong>cladem</strong></span> 
     </span>
     <span class='ocr_line' id='line_1_4' title="bbox 154 743 1236 839; baseline 0.003 -22"><span class='ocrx_word' id='word_1_22' title='bbox 154 748 191 818; x_wconf 91' lang='lat' dir='ltr'>in</span> <span class='ocrx_word' id='word_1_23' title='bbox 212 767 317 822; x_wconf 84' lang='lat' dir='ltr'>carne</span> <span class='ocrx_word' id='word_1_24' title='bbox 335 743 470 839; x_wconf 87' lang='lat' dir='ltr'>positus</span> <span class='ocrx_word' id='word_1_25' title='bbox 487 766 557 816; x_wconf 89' lang='lat' dir='ltr'>non</span> <span class='ocrx_word' id='word_1_26' title='bbox 577 744 722 818; x_wconf 84' lang='lat' dir='ltr'>videret.</span> <span class='ocrx_word' id='word_1_27' title='bbox 745 745 847 818; x_wconf 88' lang='lat' dir='ltr'>Certe</span> <span class='ocrx_word' id='word_1_28' title='bbox 868 755 907 817; x_wconf 89' lang='lat' dir='ltr'>ut</span> <span class='ocrx_word' id='word_1_29' title='bbox 938 743 985 815; x_wconf 90' lang='lat' dir='ltr'>ihi</span> <span class='ocrx_word' id='word_1_30' title='bbox 1016 745 1236 838; x_wconf 85' lang='lat' dir='ltr'>potissimum</span> 
     </span>
     <span class='ocr_line' id='line_1_5' title="bbox 153 867 1238 962; baseline -0.002 -22"><span class='ocrx_word' id='word_1_31' title='bbox 153 873 354 942; x_wconf 89' lang='lat' dir='ltr'>vinceretur</span> <span class='ocrx_word' id='word_1_32' title='bbox 372 867 541 940; x_wconf 89' lang='lat' dir='ltr'>divinitus</span> <span class='ocrx_word' id='word_1_33' title='bbox 561 868 726 940; x_wconf 87' lang='lat' dir='ltr'>evenisse</span> <span class='ocrx_word' id='word_1_34' title='bbox 750 867 970 953; x_wconf 80' lang='lat' dir='ltr'>crediderim,</span> <span class='ocrx_word' id='word_1_35' title='bbox 1003 889 1074 962; x_wconf 89' lang='lat' dir='ltr'>quo</span> <span class='ocrx_word' id='word_1_36' title='bbox 1106 867 1238 940; x_wconf 89' lang='lat' dir='ltr'>scilicet</span> 
     </span>
     <span class='ocr_line' id='line_1_6' title="bbox 154 989 1238 1084; baseline -0.002 -20"><span class='ocrx_word' id='word_1_37' title='bbox 154 991 327 1066; x_wconf 88' lang='lat' dir='ltr'>vocabulo</span> <span class='ocrx_word' id='word_1_38' title='bbox 347 992 412 1064; x_wconf 89' lang='lat' dir='ltr'>lnei</span> <span class='ocrx_word' id='word_1_39' title='bbox 434 993 556 1064; x_wconf 88' lang='lat' dir='ltr'>saltem</span> <span class='ocrx_word' id='word_1_40' title='bbox 577 991 701 1084; x_wconf 82' lang='lat' dir='ltr'><strong>reliqui</strong></span> <span class='ocrx_word' id='word_1_41' title='bbox 720 992 829 1065; x_wconf 92' lang='lat' dir='ltr'>duces</span> <span class='ocrx_word' id='word_1_42' title='bbox 843 989 1113 1064; x_wconf 87' lang='lat' dir='ltr'>adm0uerentur</span> <span class='ocrx_word' id='word_1_43' title='bbox 1125 991 1238 1062; x_wconf 86' lang='lat' dir='ltr'>ulSa·</span> 
     </span>
     <span class='ocr_line' id='line_1_7' title="bbox 154 1113 1237 1212; baseline -0.002 -26"><span class='ocrx_word' id='word_1_44' title='bbox 154 1117 319 1212; x_wconf 73' lang='lat' dir='ltr'>pientiam</span> <span class='ocrx_word' id='word_1_45' title='bbox 337 1137 441 1210; x_wconf 89' lang='lat' dir='ltr'>quam</span> <span class='ocrx_word' id='word_1_46' title='bbox 458 1117 629 1188; x_wconf 78' lang='lat' dir='ltr'>fortunam</span> <span class='ocrx_word' id='word_1_47' title='bbox 652 1116 752 1209; x_wconf 89' lang='lat' dir='ltr'>sequi</span> <span class='ocrx_word' id='word_1_48' title='bbox 766 1117 921 1200; x_wconf 77' lang='lat' dir='ltr'>mallent,</span> <span class='ocrx_word' id='word_1_49' title='bbox 936 1123 972 1186; x_wconf 91' lang='lat' dir='ltr'>et</span> <span class='ocrx_word' id='word_1_50' title='bbox 988 1113 1154 1186; x_wconf 86' lang='lat' dir='ltr'>aratione</span> <span class='ocrx_word' id='word_1_51' title='bbox 1168 1133 1237 1185; x_wconf 90' lang='lat' dir='ltr'>non</span> 
     </span>
     <span class='ocr_line' id='line_1_8' title="bbox 155 1235 1238 1329; baseline -0.005 -19"><span class='ocrx_word' id='word_1_52' title='bbox 155 1239 202 1310; x_wconf 90' lang='lat' dir='ltr'>ab</span> <span class='ocrx_word' id='word_1_53' title='bbox 214 1235 404 1310; x_wconf 84' lang='lat' dir='ltr'>eventibus</span> <span class='ocrx_word' id='word_1_54' title='bbox 416 1259 533 1310; x_wconf 87' lang='lat' dir='ltr'>rerum</span> <span class='ocrx_word' id='word_1_55' title='bbox 552 1235 715 1310; x_wconf 81' lang='lat' dir='ltr'>elicerent</span> <span class='ocrx_word' id='word_1_56' title='bbox 730 1246 951 1329; x_wconf 80' lang='lat' dir='ltr'>argumenta.</span> <span class='ocrx_word' id='word_1_57' title='bbox 969 1235 1041 1309; x_wconf 88' lang='lat' dir='ltr'>Sed</span> <span class='ocrx_word' id='word_1_58' title='bbox 1055 1257 1171 1309; x_wconf 91' lang='lat' dir='ltr'>nonne</span> <span class='ocrx_word' id='word_1_59' title='bbox 1188 1236 1238 1306; x_wconf 82' lang='lat' dir='ltr'>le-</span> 
     </span>
     <span class='ocr_line' id='line_1_9' title="bbox 153 1357 1238 1456; baseline -0.005 -23"><span class='ocrx_word' id='word_1_60' title='bbox 153 1357 314 1454; x_wconf 79' lang='lat' dir='ltr'>dilragus</span> <span class='ocrx_word' id='word_1_61' title='bbox 340 1383 428 1446; x_wconf 89' lang='lat' dir='ltr'>sum,</span> <span class='ocrx_word' id='word_1_62' title='bbox 450 1361 510 1456; x_wconf 92' lang='lat' dir='ltr'>qui</span> <span class='ocrx_word' id='word_1_63' title='bbox 542 1381 635 1435; x_wconf 86' lang='lat' dir='ltr'>nova</span> <span class='ocrx_word' id='word_1_64' title='bbox 665 1362 836 1456; x_wconf 74' lang='lat' dir='ltr'><strong>pollicitus</strong></span> <span class='ocrx_word' id='word_1_65' title='bbox 868 1361 1012 1454; x_wconf 88' lang='lat' dir='ltr'>antiqua</span> <span class='ocrx_word' id='word_1_66' title='bbox 1052 1359 1238 1452; x_wconf 75' lang='lat' dir='ltr'>persolvo?</span> 
     </span>
     <span class='ocr_line' id='line_1_10' title="bbox 154 1477 1237 1578; baseline -0.001 -25"><span class='ocrx_word' id='word_1_67' title='bbox 154 1480 312 1578; x_wconf 81' lang='lat' dir='ltr'>Expecta</span> <span class='ocrx_word' id='word_1_68' title='bbox 331 1493 464 1556; x_wconf 87' lang='lat' dir='ltr'>autem:</span> <span class='ocrx_word' id='word_1_69' title='bbox 485 1483 520 1554; x_wconf 89' lang='lat' dir='ltr'>in</span> <span class='ocrx_word' id='word_1_70' title='bbox 541 1484 648 1557; x_wconf 83' lang='lat' dir='ltr'>lunda</span> <span class='ocrx_word' id='word_1_71' title='bbox 664 1494 722 1556; x_wconf 87' lang='lat' dir='ltr'>est</span> <span class='ocrx_word' id='word_1_72' title='bbox 740 1484 835 1556; x_wconf 89' lang='lat' dir='ltr'>unde</span> <span class='ocrx_word' id='word_1_73' title='bbox 852 1482 1018 1577; x_wconf 86' lang='lat' dir='ltr'>promissi</span> <span class='ocrx_word' id='word_1_74' title='bbox 1039 1480 1123 1552; x_wconf 89' lang='lat' dir='ltr'>milri</span> <span class='ocrx_word' id='word_1_75' title='bbox 1148 1477 1237 1552; x_wconf 85' lang='lat' dir='ltr'>fides</span> 
     </span>
     <span class='ocr_line' id='line_1_11' title="bbox 153 1606 1237 1702; baseline -0.002 -24"><span class='ocrx_word' id='word_1_76' title='bbox 153 1616 300 1678; x_wconf 87' lang='lat' dir='ltr'>constet.</span> <span class='ocrx_word' id='word_1_77' title='bbox 322 1609 498 1680; x_wconf 77' lang='lat' dir='ltr'>Hactenus</span> <span class='ocrx_word' id='word_1_78' title='bbox 519 1606 696 1679; x_wconf 82' lang='lat' dir='ltr'>audieras:</span> <span class='ocrx_word' id='word_1_79' title='bbox 717 1606 812 1702; x_wconf 90' lang='lat' dir='ltr'>quod</span> <span class='ocrx_word' id='word_1_80' title='bbox 829 1607 987 1700; x_wconf 88' lang='lat' dir='ltr'>sequitur</span> <span class='ocrx_word' id='word_1_81' title='bbox 1011 1627 1142 1678; x_wconf 87' lang='lat' dir='ltr'>novum</span> <span class='ocrx_word' id='word_1_82' title='bbox 1175 1625 1237 1676; x_wconf 85' lang='lat' dir='ltr'>eu-</span> 
     </span>
     <span class='ocr_line' id='line_1_12' title="bbox 155 1725 1238 1823; baseline 0 -25"><span class='ocrx_word' id='word_1_83' title='bbox 155 1725 222 1800; x_wconf 85' lang='lat' dir='ltr'>dis.</span> <span class='ocrx_word' id='word_1_84' title='bbox 241 1729 329 1800; x_wconf 83' lang='lat' dir='ltr'>Huic</span> <span class='ocrx_word' id='word_1_85' title='bbox 339 1730 500 1823; x_wconf 84' lang='lat' dir='ltr'>equidem</span> <span class='ocrx_word' id='word_1_86' title='bbox 520 1731 578 1802; x_wconf 88' lang='lat' dir='ltr'>tali</span> <span class='ocrx_word' id='word_1_87' title='bbox 595 1731 678 1802; x_wconf 87' lang='lat' dir='ltr'>[luci</span> <span class='ocrx_word' id='word_1_88' title='bbox 693 1730 811 1802; x_wconf 88' lang='lat' dir='ltr'>iuveni</span> <span class='ocrx_word' id='word_1_89' title='bbox 825 1730 941 1803; x_wconf 88' lang='lat' dir='ltr'>senior</span> <span class='ocrx_word' id='word_1_90' title='bbox 956 1738 1187 1812; x_wconf 76' lang='lat' dir='ltr'>successerat,</span> <span class='ocrx_word' id='word_1_91' title='bbox 1202 1733 1238 1799; x_wconf 89' lang='lat' dir='ltr'>et</span> 
     </span>
     <span class='ocr_line' id='line_1_13' title="bbox 154 1851 1235 1944; baseline 0.003 -23"><span class='ocrx_word' id='word_1_92' title='bbox 154 1851 201 1922; x_wconf 88' lang='lat' dir='ltr'>ad</span> <span class='ocrx_word' id='word_1_93' title='bbox 218 1851 338 1944; x_wconf 83' lang='lat' dir='ltr'>patriae</span> <span class='ocrx_word' id='word_1_94' title='bbox 356 1852 628 1943; x_wconf 78' lang='lat' dir='ltr'>gubernaculum</span> <span class='ocrx_word' id='word_1_95' title='bbox 647 1875 727 1926; x_wconf 87' lang='lat' dir='ltr'>sero</span> <span class='ocrx_word' id='word_1_96' title='bbox 755 1853 847 1935; x_wconf 89' lang='lat' dir='ltr'>licet,</span> <span class='ocrx_word' id='word_1_97' title='bbox 869 1861 949 1923; x_wconf 89' lang='lat' dir='ltr'>ante</span> <span class='ocrx_word' id='word_1_98' title='bbox 983 1860 1099 1923; x_wconf 89' lang='lat' dir='ltr'>lamen</span> <span class='ocrx_word' id='word_1_99' title='bbox 1130 1873 1235 1944; x_wconf 89' lang='lat' dir='ltr'>quam</span> 
     </span>
    </p>

    <p class='ocr_par' dir='ltr' id='par_1_3' title="bbox 154 1947 1318 2190">
     <span class='ocr_line' id='line_1_14' title="bbox 154 1947 1318 2069; baseline 0.003 -26"><span class='ocrx_word' id='word_1_100' title='bbox 154 1973 210 2044; x_wconf 87' lang='lat' dir='ltr'>vel</span> <span class='ocrx_word' id='word_1_101' title='bbox 234 1971 300 2042; x_wconf 88' lang='lat' dir='ltr'>sibi</span> <span class='ocrx_word' id='word_1_102' title='bbox 320 1975 377 2043; x_wconf 90' lang='lat' dir='ltr'>vel</span> <span class='ocrx_word' id='word_1_103' title='bbox 397 1975 519 2069; x_wconf 88' lang='lat' dir='ltr'>patriae</span> <span class='ocrx_word' id='word_1_104' title='bbox 538 1995 627 2068; x_wconf 90' lang='lat' dir='ltr'>opus</span> <span class='ocrx_word' id='word_1_105' title='bbox 649 1985 745 2047; x_wconf 85' lang='lat' dir='ltr'>esset</span> <span class='ocrx_word' id='word_1_106' title='bbox 764 1985 971 2058; x_wconf 86' lang='lat' dir='ltr'>accesserat,</span> <span class='ocrx_word' id='word_1_107' title='bbox 998 1973 1054 2044; x_wconf 90' lang='lat' dir='ltr'>vir</span> <span class='ocrx_word' id='word_1_108' title='bbox 1078 1971 1124 2046; x_wconf 87' lang='lat' dir='ltr'>ab</span> <span class='ocrx_word' id='word_1_109' title='bbox 1156 1973 1237 2046; x_wconf 87' lang='lat' dir='ltr'>olim</span> <span class='ocrx_word' id='word_1_110' title='bbox 1312 1947 1318 1960; x_wconf 49' lang='lat'><strong>¹</strong></span> 
     </span>
     <span class='ocr_line' id='line_1_15' title="bbox 155 2094 1237 2190; baseline -0.003 -23"><span class='ocrx_word' id='word_1_111' title='bbox 155 2094 241 2168; x_wconf 90' lang='lat' dir='ltr'>mihi</span> <span class='ocrx_word' id='word_1_112' title='bbox 257 2094 469 2167; x_wconf 87' lang='lat' dir='ltr'>familiariter</span> <span class='ocrx_word' id='word_1_113' title='bbox 489 2105 607 2180; x_wconf 88' lang='lat' dir='ltr'>notus,</span> <span class='ocrx_word' id='word_1_114' title='bbox 630 2095 694 2168; x_wconf 86' lang='lat' dir='ltr'>sed</span> <span class='ocrx_word' id='word_1_115' title='bbox 714 2096 749 2166; x_wconf 93' lang='lat' dir='ltr'>in</span> <span class='ocrx_word' id='word_1_116' title='bbox 770 2118 840 2188; x_wconf 90' lang='lat' dir='ltr'>quo</span> <span class='ocrx_word' id='word_1_117' title='bbox 852 2095 992 2168; x_wconf 84' lang='lat' dir='ltr'>fallebat</span> <span class='ocrx_word' id='word_1_118' title='bbox 1011 2096 1141 2190; x_wconf 89' lang='lat' dir='ltr'>opinio,</span> <span class='ocrx_word' id='word_1_119' title='bbox 1163 2094 1237 2168; x_wconf 86' lang='lat' dir='ltr'>ani·</span> 
     </span>
    </p>
   </div>
   <div class='ocr_carea' id='block_1_3' title="bbox 155 2217 1238 2434">
    <p class='ocr_par' dir='ltr' id='par_1_4' title="bbox 155 2217 1238 2434">
     <span class='ocr_line' id='line_1_16' title="bbox 156 2217 1238 2312; baseline -0.002 -22"><span class='ocrx_word' id='word_1_120' title='bbox 156 2217 202 2290; x_wconf 90' lang='lat' dir='ltr'>mi</span> <span class='ocrx_word' id='word_1_121' title='bbox 224 2237 328 2312; x_wconf 88' lang='lat' dir='ltr'>quam</span> <span class='ocrx_word' id='word_1_122' title='bbox 347 2217 482 2290; x_wconf 87' lang='lat' dir='ltr'>consilii</span> <span class='ocrx_word' id='word_1_123' title='bbox 508 2217 660 2290; x_wconf 80' lang='lat' dir='ltr'>maioris</span> <span class='ocrx_word' id='word_1_124' title='bbox 685 2219 841 2291; x_wconf 83' lang='lat' dir='ltr'>Marinus</span> <span class='ocrx_word' id='word_1_125' title='bbox 860 2218 1055 2290; x_wconf 88' lang='lat' dir='ltr'>Phalierius</span> <span class='ocrx_word' id='word_1_126' title='bbox 1075 2217 1152 2290; x_wconf 86' lang='lat' dir='ltr'>vim</span> <span class='ocrx_word' id='word_1_127' title='bbox 1176 2239 1238 2288; x_wconf 89' lang='lat' dir='ltr'>nn·</span> 
     </span>
     <span class='ocr_line' id='line_1_17' title="bbox 155 2325 1236 2434; baseline -0.002 -22"><span class='ocrx_word' id='word_1_128' title='bbox 155 2361 247 2412; x_wconf 88' lang='lat' dir='ltr'>men.</span> <span class='ocrx_word' id='word_1_129' title='bbox 269 2342 420 2433; x_wconf 83' lang='lat' dir='ltr'>Explere</span> <span class='ocrx_word' id='word_1_130' title='bbox 441 2341 596 2414; x_wconf 89' lang='lat' dir='ltr'>animum</span> <span class='ocrx_word' id='word_1_131' title='bbox 617 2339 652 2411; x_wconf 91' lang='lat' dir='ltr'>in</span> <span class='ocrx_word' id='word_1_132' title='bbox 674 2361 811 2413; x_wconf 83' lang='lat' dir='ltr'>summa</span> <span class='ocrx_word' id='word_1_133' title='bbox 831 2340 999 2433; x_wconf 78' lang='lat' dir='ltr'>dignitate</span> <span class='ocrx_word' id='word_1_134' title='bbox 1020 2363 1088 2415; x_wconf 86' lang='lat' dir='ltr'>non</span> <span class='ocrx_word' id='word_1_135' title='bbox 1109 2325 1236 2434; x_wconf 77' lang='lat' dir='ltr'>potuit,</span> 
     </span>
    </p>
   </div>
   <div class='ocr_carea' id='block_1_4' title="bbox 154 2462 1239 3661">
    <p class='ocr_par' dir='ltr' id='par_1_5' title="bbox 154 2462 1239 3661">
     <span class='ocr_line' id='line_1_18' title="bbox 156 2462 1237 2558; baseline 0 -24"><span class='ocrx_word' id='word_1_136' title='bbox 156 2464 297 2536; x_wconf 87' lang='lat' dir='ltr'>sinistro</span> <span class='ocrx_word' id='word_1_137' title='bbox 317 2465 408 2558; x_wconf 87' lang='lat' dir='ltr'>pede</span> <span class='ocrx_word' id='word_1_138' title='bbox 427 2462 592 2557; x_wconf 87' lang='lat' dir='ltr'>palatium</span> <span class='ocrx_word' id='word_1_139' title='bbox 613 2463 807 2556; x_wconf 76' lang='lat' dir='ltr'>ingressus.</span> <span class='ocrx_word' id='word_1_140' title='bbox 829 2464 989 2558; x_wconf 86' lang='lat' dir='ltr'>Namque</span> <span class='ocrx_word' id='word_1_141' title='bbox 1008 2464 1102 2537; x_wconf 93' lang='lat' dir='ltr'>huuc</span> <span class='ocrx_word' id='word_1_142' title='bbox 1114 2465 1237 2536; x_wconf 86' lang='lat' dir='ltr'>Veneti</span> 
     </span>
     <span class='ocr_line' id='line_1_19' title="bbox 155 2585 1234 2680; baseline 0.002 -24"><span class='ocrx_word' id='word_1_143' title='bbox 155 2588 285 2659; x_wconf 90' lang='lat' dir='ltr'>Ducem</span> <span class='ocrx_word' id='word_1_144' title='bbox 319 2595 580 2658; x_wconf 86' lang='lat' dir='ltr'>sacrosanctum</span> <span class='ocrx_word' id='word_1_145' title='bbox 613 2585 774 2658; x_wconf 86' lang='lat' dir='ltr'>omnibus</span> <span class='ocrx_word' id='word_1_146' title='bbox 805 2588 943 2660; x_wconf 86' lang='lat' dir='ltr'>saeculis</span> <span class='ocrx_word' id='word_1_147' title='bbox 976 2587 1234 2680; x_wconf 80' lang='lat' dir='ltr'>magistratum,</span> 
     </span>
     <span class='ocr_line' id='line_1_20' title="bbox 155 2708 1237 2804; baseline 0.001 -23"><span class='ocrx_word' id='word_1_148' title='bbox 155 2729 261 2802; x_wconf 90' lang='lat' dir='ltr'>quem</span> <span class='ocrx_word' id='word_1_149' title='bbox 282 2709 316 2779; x_wconf 89' lang='lat' dir='ltr'>in</span> <span class='ocrx_word' id='word_1_150' title='bbox 338 2709 395 2780; x_wconf 86' lang='lat' dir='ltr'>illa</span> <span class='ocrx_word' id='word_1_151' title='bbox 408 2709 499 2781; x_wconf 66' lang='lat' dir='ltr'>“urbe</span> <span class='ocrx_word' id='word_1_152' title='bbox 516 2729 665 2804; x_wconf 87' lang='lat' dir='ltr'>semper,</span> <span class='ocrx_word' id='word_1_153' title='bbox 685 2719 723 2780; x_wconf 88' lang='lat' dir='ltr'>ut</span> <span class='ocrx_word' id='word_1_154' title='bbox 739 2731 867 2782; x_wconf 88' lang='lat' dir='ltr'>numen</span> <span class='ocrx_word' id='word_1_155' title='bbox 889 2708 1029 2803; x_wconf 87' lang='lat' dir='ltr'>aliquod</span> <span class='ocrx_word' id='word_1_156' title='bbox 1049 2709 1237 2802; x_wconf 87' lang='lat' dir='ltr'>antiquitas</span> 
     </span>
     <span class='ocr_line' id='line_1_21' title="bbox 154 2830 1239 2928; baseline 0.002 -25"><span class='ocrx_word' id='word_1_157' title='bbox 154 2831 270 2916; x_wconf 84' lang='lat' dir='ltr'>coluit,</span> <span class='ocrx_word' id='word_1_158' title='bbox 293 2831 422 2905; x_wconf 88' lang='lat' dir='ltr'>nudius</span> <span class='ocrx_word' id='word_1_159' title='bbox 444 2833 567 2904; x_wconf 87' lang='lat' dir='ltr'>tertius</span> <span class='ocrx_word' id='word_1_160' title='bbox 583 2831 619 2902; x_wconf 89' lang='lat' dir='ltr'>in</span> <span class='ocrx_word' id='word_1_161' title='bbox 640 2832 752 2926; x_wconf 91' lang='lat' dir='ltr'>ipsius</span> <span class='ocrx_word' id='word_1_162' title='bbox 772 2832 889 2928; x_wconf 89' lang='lat' dir='ltr'>palatii</span> <span class='ocrx_word' id='word_1_163' title='bbox 900 2830 1077 2905; x_wconf 86' lang='lat' dir='ltr'>vestibulo</span> <span class='ocrx_word' id='word_1_164' title='bbox 1089 2831 1239 2905; x_wconf 83' lang='lat' dir='ltr'>decolla-</span> 
     </span>
     <span class='ocr_line' id='line_1_22' title="bbox 155 2954 1239 3050; baseline 0.005 -27"><span class='ocrx_word' id='word_1_165' title='bbox 155 2961 247 3024; x_wconf 87' lang='lat' dir='ltr'>runt.</span> <span class='ocrx_word' id='word_1_166' title='bbox 265 2954 397 3027; x_wconf 87' lang='lat' dir='ltr'>Causas</span> <span class='ocrx_word' id='word_1_167' title='bbox 419 2977 535 3027; x_wconf 89' lang='lat' dir='ltr'>rerum</span> <span class='ocrx_word' id='word_1_168' title='bbox 557 2964 595 3028; x_wconf 93' lang='lat' dir='ltr'>ut</span> <span class='ocrx_word' id='word_1_169' title='bbox 615 2966 729 3050; x_wconf 86' lang='lat' dir='ltr'>poetae</span> <span class='ocrx_word' id='word_1_170' title='bbox 750 2955 864 3029; x_wconf 85' lang='lat' dir='ltr'>solent</span> <span class='ocrx_word' id='word_1_171' title='bbox 884 2955 919 3027; x_wconf 90' lang='lat' dir='ltr'>in</span> <span class='ocrx_word' id='word_1_172' title='bbox 936 2956 1134 3050; x_wconf 85' lang='lat' dir='ltr'>primordiis</span> <span class='ocrx_word' id='word_1_173' title='bbox 1156 2973 1239 3028; x_wconf 84' lang='lat' dir='ltr'>suc-</span> 
     </span>
     <span class='ocr_line' id='line_1_23' title="bbox 155 3079 1237 3177; baseline 0.006 -31"><span class='ocrx_word' id='word_1_174' title='bbox 155 3097 235 3146; x_wconf 89' lang='lat' dir='ltr'>rum</span> <span class='ocrx_word' id='word_1_175' title='bbox 260 3095 405 3168; x_wconf 90' lang='lat' dir='ltr'>operum</span> <span class='ocrx_word' id='word_1_176' title='bbox 430 3081 625 3172; x_wconf 84' lang='lat' dir='ltr'>explicare,</span> <span class='ocrx_word' id='word_1_177' title='bbox 651 3080 682 3152; x_wconf 89' lang='lat' dir='ltr'>si</span> <span class='ocrx_word' id='word_1_178' title='bbox 706 3088 884 3177; x_wconf 84' lang='lat' dir='ltr'>comperta</span> <span class='ocrx_word' id='word_1_179' title='bbox 908 3082 1002 3176; x_wconf 88' lang='lat' dir='ltr'>loqui</span> <span class='ocrx_word' id='word_1_180' title='bbox 1026 3079 1146 3165; x_wconf 88' lang='lat' dir='ltr'>velim,</span> <span class='ocrx_word' id='word_1_181' title='bbox 1179 3102 1237 3152; x_wconf 84' lang='lat' dir='ltr'>ne·</span> 
     </span>
     <span class='ocr_line' id='line_1_24' title="bbox 156 3199 1238 3291; baseline 0.006 -24"><span class='ocrx_word' id='word_1_182' title='bbox 156 3217 260 3288; x_wconf 86' lang='lat' dir='ltr'>quen:</span> <span class='ocrx_word' id='word_1_183' title='bbox 291 3205 360 3268; x_wconf 88' lang='lat' dir='ltr'>lam</span> <span class='ocrx_word' id='word_1_184' title='bbox 393 3199 559 3291; x_wconf 78' lang='lat' dir='ltr'>ambigue</span> <span class='ocrx_word' id='word_1_185' title='bbox 588 3210 623 3272; x_wconf 91' lang='lat' dir='ltr'>et</span> <span class='ocrx_word' id='word_1_186' title='bbox 656 3211 726 3273; x_wconf 89' lang='lat' dir='ltr'>tam</span> <span class='ocrx_word' id='word_1_187' title='bbox 751 3202 850 3274; x_wconf 84' lang='lat' dir='ltr'>varie</span> <span class='ocrx_word' id='word_1_188' title='bbox 882 3205 1090 3275; x_wconf 86' lang='lat' dir='ltr'>referuntur.</span> <span class='ocrx_word' id='word_1_189' title='bbox 1128 3202 1238 3274; x_wconf 88' lang='lat' dir='ltr'>Nemo</span> 
     </span>
     <span class='ocr_line' id='line_1_25' title="bbox 156 3317 1238 3397; baseline 0.006 -9"><span class='ocrx_word' id='word_1_190' title='bbox 156 3317 251 3390; x_wconf 89' lang='lat' dir='ltr'>illum</span> <span class='ocrx_word' id='word_1_191' title='bbox 269 3330 429 3392; x_wconf 86' lang='lat' dir='ltr'>excusat:</span> <span class='ocrx_word' id='word_1_192' title='bbox 448 3341 570 3394; x_wconf 86' lang='lat' dir='ltr'>omnes</span> <span class='ocrx_word' id='word_1_193' title='bbox 591 3322 688 3394; x_wconf 87' lang='lat' dir='ltr'>aiunt</span> <span class='ocrx_word' id='word_1_194' title='bbox 706 3323 862 3395; x_wconf 87' lang='lat' dir='ltr'>voluisse</span> <span class='ocrx_word' id='word_1_195' title='bbox 882 3324 1011 3394; x_wconf 88' lang='lat' dir='ltr'>eumin</span> <span class='ocrx_word' id='word_1_196' title='bbox 1042 3335 1136 3397; x_wconf 89' lang='lat' dir='ltr'>statu</span> <span class='ocrx_word' id='word_1_197' title='bbox 1160 3325 1238 3396; x_wconf 84' lang='lat' dir='ltr'>llei-</span> 
     </span>
     <span class='ocr_line' id='line_1_26' title="bbox 157 3441 1238 3538; baseline 0.003 -25"><span class='ocrx_word' id='word_1_198' title='bbox 157 3441 305 3534; x_wconf 83' lang='lat' dir='ltr'>publicae</span> <span class='ocrx_word' id='word_1_199' title='bbox 325 3465 345 3514; x_wconf 89' lang='lat' dir='ltr'>a</span> <span class='ocrx_word' id='word_1_200' title='bbox 363 3443 554 3517; x_wconf 88' lang='lat' dir='ltr'>maioribus</span> <span class='ocrx_word' id='word_1_201' title='bbox 575 3443 701 3516; x_wconf 88' lang='lat' dir='ltr'>tradito</span> <span class='ocrx_word' id='word_1_202' title='bbox 714 3445 833 3516; x_wconf 90' lang='lat' dir='ltr'>nescio</span> <span class='ocrx_word' id='word_1_203' title='bbox 851 3444 936 3538; x_wconf 94' lang='lat' dir='ltr'>quid</span> <span class='ocrx_word' id='word_1_204' title='bbox 957 3444 1238 3538; x_wconf 70' lang='lat' dir='ltr'>nutarentque</span> 
     </span>
     <span class='ocr_line' id='line_1_27' title="bbox 157 3564 1121 3661; baseline 0.005 -27"><span class='ocrx_word' id='word_1_205' title='bbox 157 3564 204 3637; x_wconf 87' lang='lat' dir='ltr'>ita</span> <span class='ocrx_word' id='word_1_206' title='bbox 221 3575 343 3639; x_wconf 85' lang='lat' dir='ltr'>cuncta</span> <span class='ocrx_word' id='word_1_207' title='bbox 360 3567 395 3638; x_wconf 90' lang='lat' dir='ltr'>in</span> <span class='ocrx_word' id='word_1_208' title='bbox 416 3587 458 3640; x_wconf 90' lang='lat' dir='ltr'>eo</span> <span class='ocrx_word' id='word_1_209' title='bbox 478 3567 701 3653; x_wconf 89' lang='lat' dir='ltr'>conveniunt,</span> <span class='ocrx_word' id='word_1_210' title='bbox 725 3577 763 3640; x_wconf 90' lang='lat' dir='ltr'>ut</span> <span class='ocrx_word' id='word_1_211' title='bbox 782 3569 877 3661; x_wconf 91' lang='lat' dir='ltr'>quod</span> <span class='ocrx_word' id='word_1_212' title='bbox 896 3565 945 3640; x_wconf 88' lang='lat' dir='ltr'>ait</span> <span class='ocrx_word' id='word_1_213' title='bbox 961 3570 1121 3641; x_wconf 83' lang='lat' dir='ltr'>Flaccus:</span> 
     </span>
    </p>
   </div>
   <div class='ocr_carea' id='block_1_5' title="bbox 317 3757 1116 3840">
    <p class='ocr_par' dir='ltr' id='par_1_6' title="bbox 317 3757 1116 3840">
     <span class='ocr_line' id='line_1_28' title="bbox 317 3757 1116 3840; baseline 0.004 -21"><span class='ocrx_word' id='word_1_214' title='bbox 317 3757 421 3822; x_wconf 88' lang='lat' dir='ltr'>Primo</span> <span class='ocrx_word' id='word_1_215' title='bbox 440 3773 477 3820; x_wconf 90' lang='lat' dir='ltr'>na</span> <span class='ocrx_word' id='word_1_216' title='bbox 494 3757 649 3836; x_wconf 85' lang='lat' dir='ltr'>medium,</span> <span class='ocrx_word' id='word_1_217' title='bbox 668 3757 768 3822; x_wconf 89' lang='lat' dir='ltr'>medio</span> <span class='ocrx_word' id='word_1_218' title='bbox 786 3773 824 3820; x_wconf 87' lang='lat' dir='ltr'>ne</span> <span class='ocrx_word' id='word_1_219' title='bbox 840 3757 990 3840; x_wconf 88' lang='lat' dir='ltr'>discrepet</span> <span class='ocrx_word' id='word_1_220' title='bbox 1007 3759 1116 3822; x_wconf 91' lang='lat' dir='ltr'>imum.</span> 
     </span>
    </p>
   </div>
   <div class='ocr_carea' id='block_1_6' title="bbox 157 3938 1236 4281">
    <p class='ocr_par' dir='ltr' id='par_1_7' title="bbox 157 3938 1236 4281">
     <span class='ocr_line' id='line_1_29' title="bbox 157 3938 1236 4032; baseline 0.006 -24"><span class='ocrx_word' id='word_1_221' title='bbox 157 3939 244 4012; x_wconf 87' lang='lat' dir='ltr'>Nam</span> <span class='ocrx_word' id='word_1_222' title='bbox 265 3939 360 4031; x_wconf 93' lang='lat' dir='ltr'>quod</span> <span class='ocrx_word' id='word_1_223' title='bbox 379 3938 442 4010; x_wconf 86' lang='lat' dir='ltr'>vix</span> <span class='ocrx_word' id='word_1_224' title='bbox 463 3938 521 4009; x_wconf 92' lang='lat' dir='ltr'>ulli</span> <span class='ocrx_word' id='word_1_225' title='bbox 544 3959 696 4032; x_wconf 86' lang='lat' dir='ltr'>unquam</span> <span class='ocrx_word' id='word_1_226' title='bbox 717 3939 867 4012; x_wconf 88' lang='lat' dir='ltr'>arbitror</span> <span class='ocrx_word' id='word_1_227' title='bbox 886 3941 1065 4026; x_wconf 85' lang='lat' dir='ltr'>evenisse,</span> <span class='ocrx_word' id='word_1_228' title='bbox 1087 3940 1171 4013; x_wconf 89' lang='lat' dir='ltr'>dnm</span> <span class='ocrx_word' id='word_1_229' title='bbox 1190 3942 1236 4014; x_wconf 90' lang='lat' dir='ltr'>ad</span> 
     </span>
     <span class='ocr_line' id='line_1_30' title="bbox 157 4055 1236 4158; baseline -0.001 -23"><span class='ocrx_word' id='word_1_230' title='bbox 157 4063 266 4156; x_wconf 89' lang='lat' dir='ltr'>ripam</span> <span class='ocrx_word' id='word_1_231' title='bbox 289 4063 445 4135; x_wconf 84' lang='lat' dir='ltr'>Rhodani</span> <span class='ocrx_word' id='word_1_232' title='bbox 465 4083 528 4157; x_wconf 90' lang='lat' dir='ltr'>pro</span> <span class='ocrx_word' id='word_1_233' title='bbox 548 4064 687 4156; x_wconf 84' lang='lat' dir='ltr'>negotio</span> <span class='ocrx_word' id='word_1_234' title='bbox 706 4064 802 4157; x_wconf 86' lang='lat' dir='ltr'>pacis</span> <span class='ocrx_word' id='word_1_235' title='bbox 835 4085 899 4157; x_wconf 90' lang='lat' dir='ltr'>per</span> <span class='ocrx_word' id='word_1_236' title='bbox 930 4087 985 4136; x_wconf 87' lang='lat' dir='ltr'>me</span> <span class='ocrx_word' id='word_1_237' title='bbox 1019 4055 1167 4158; x_wconf 79' lang='lat' dir='ltr'>primum</span> <span class='ocrx_word' id='word_1_238' title='bbox 1199 4073 1236 4136; x_wconf 90' lang='lat' dir='ltr'>et</span> 
     </span>
     <span class='ocr_line' id='line_1_31' title="bbox 158 4186 1232 4281; baseline 0 -20"><span class='ocrx_word' id='word_1_239' title='bbox 158 4209 240 4261; x_wconf 86' lang='lat' dir='ltr'>mox</span> <span class='ocrx_word' id='word_1_240' title='bbox 258 4209 411 4281; x_wconf 90' lang='lat' dir='ltr'>pereum</span> <span class='ocrx_word' id='word_1_241' title='bbox 425 4189 554 4260; x_wconf 87' lang='lat' dir='ltr'>iruslra</span> <span class='ocrx_word' id='word_1_242' title='bbox 573 4195 710 4272; x_wconf 86' lang='lat' dir='ltr'>tentata,</span> <span class='ocrx_word' id='word_1_243' title='bbox 725 4187 817 4281; x_wconf 91' lang='lat' dir='ltr'>apud</span> <span class='ocrx_word' id='word_1_244' title='bbox 830 4189 1021 4260; x_wconf 84' lang='lat' dir='ltr'>Romanurn</span> <span class='ocrx_word' id='word_1_245' title='bbox 1036 4186 1232 4261; x_wconf 86' lang='lat' dir='ltr'>Pontificem</span> 
     </span>
    </p>
   </div>
   <div class='ocr_carea' id='block_1_7' title="bbox 0 0 1519 4802">
    <p class='ocr_par' dir='ltr' id='par_1_8' title="bbox 0 0 1519 4802">
     <span class='ocr_line' id='line_1_32' title="bbox 0 0 1519 4802; baseline 0 0"><span class='ocrx_word' id='word_1_246' title='bbox 0 0 1519 4802; x_wconf 95' lang='lat' dir='ltr'> </span> 
     </span>
    </p>
   </div>
  </div>
 </body>
</html>
