2958 4804
335 349 429 398 ιιιιιιιι
450 349 946 402 necteusrnarms.-emsrouu
969 353 998 400 x.
1147 341 1204 402 eal

137 512 153 548 ι
178 483 609 557 Ciceroulshumauitatem
625 485 824 578 loquar,qui
839 486 1019 560 immemor
1033 488 1115 560 iusti
1127 487 1206 573 odii,

136 637 150 670 ι
176 608 377 680 durissimis
393 608 497 680 etiam
518 605 730 680 adversariis
753 611 826 680 suis
849 610 952 681 lavit?
973 611 1064 696 Quid
1085 613 1210 684 multo-

135 757 149 792 ι
177 752 269 813 rum,
287 728 349 822 qui
370 751 464 824 saepe
481 729 670 802 levissimis
691 751 738 800 ex
757 731 874 802 causis
894 732 1123 822 gravissimas
1145 733 1211 808 ini-

135 888 148 915 „
177 851 324 924 micitias
345 856 543 924 exuerunt?
564 851 670 924 Vobis
696 854 801 923 nullae
827 852 1013 925 inimicitiae
1033 853 1211 948 deponen-

135 1001 148 1034 ιι
177 975 317 1057 dae;sed
327 974 453 1066 priscae
465 974 819 1046 dumtaxatamicitiae
831 976 996 1047 memoria
1007 978 1210 1048 renovanda

136 1125 151 1161 tt
176 1106 240 1168 est.
256 1097 413 1189 Cogitate
431 1097 596 1198 quidnam
611 1098 691 1170 mali
708 1097 744 1168 in
756 1095 932 1172 discordia
944 1107 1014 1182 est;
1030 1109 1067 1170 ut
1081 1121 1209 1192 magna

138 1247 151 1283 ι
177 1220 255 1292 olim
283 1221 426 1312 fregerit
452 1219 603 1314 imperia.
633 1221 712 1312 lpsa
738 1241 818 1312 quae
838 1243 956 1313 parem
978 1243 1048 1294 nou
1068 1222 1206 1307 hahuit,

137 1371 151 1406 ιι
176 1344 241 1416 nisi
261 1345 360 1416 fallor
380 1343 539 1436 augurio,
558 1365 623 1414 nec
639 1342 796 1426 babebit,
823 1365 967 1418 romana
987 1319 1204 1440 Respublica,

138 1493 151 1530 ι
176 1487 255 1560 quae
281 1466 450 1538 virtutum
471 1464 771 1538 innumerabilium
792 1467 1026 1540 fundamentis
1047 1479 1204 1556 steterat,

136 1616 150 1651 ιι
175 1611 235 1684 per
255 1588 464 1661 discordiam
488 1591 596 1659 solam
615 1589 692 1662 ruit.
711 1590 755 1660 Et
775 1599 859 1682 quot
875 1589 1055 1664 homiuum
1072 1592 1206 1664 discor-

135 1737 149 1776 ι
173 1710 241 1795 dia,
259 1713 405 1805 quaeso‘l
421 1712 545 1782 Procul
560 1709 667 1782 dubio
687 1732 888 1804 paucorum.
905 1715 976 1786 Vix
994 1714 1131 1808 singula
1151 1716 1206 1787 vi-

134 1862 147 1897 »
173 1855 291 1906 rorum
308 1833 405 1928 paria
422 1831 568 1923 singulis
586 1831 750 1910 aetatibus
769 1846 1005 1921 occurrerent,
1020 1837 1157 1930 quibus,
1173 1838 1201 1910 s'

131 1987 145 2024 ι
170 1979 315 2031 concors
335 1957 473 2032 animus
497 1958 635 2043 luisset,
659 1963 754 2033 salus
777 1961 914 2055 publica
939 1983 1009 2032 uon
1029 1963 1193 2054 periisset

130 2109 145 2146 u
170 2082 290 2164 Multa,
312 2082 434 2166 lateor,
450 2103 471 2152 a
485 2082 602 2156 multis
616 2082 757 2154 aedera
774 2084 959 2176 pertulisse
972 2085 1085 2169 Italos,
1100 2095 1136 2156 et
1149 2087 1202 2156 iu-

129 2233 144 2268 ιι
171 2206 309 2276 tendum
325 2203 450 2276 iudicio
465 2203 670 2288 decessisse,
682 2215 718 2278 et
734 2204 778 2274 cd
786 2204 958 2296 fotendum
971 2209 1109 2298 coepisse
1121 2207 1201 2302 (sic).

131 2355 144 2392 ι
171 2326 258 2399 lllud
272 2328 353 2398 mihi
369 2349 470 2399 nemo
483 2327 674 2420 negaverit,
690 2327 838 2400 maiores
853 2341 993 2402 nostros
1007 2351 1144 2424 semper
1156 2353 1203 2404 ex

129 2479 143 2516 u
169 2451 424 2524 calamitatibus
442 2451 652 2524 surrexisse.
672 2453 791 2544 ltaque
808 2451 852 2524 de
870 2452 972 2524 vobis
989 2475 1059 2524 non
1078 2453 1201 2539 ludus,

128 2605 144 2680 ι
169 2597 237 2648 ιιοιι
250 2575 445 2660 Hibericas,
461 2597 529 2648 nou
543 2575 695 2661 Cimber,
710 2597 780 2646 nou
793 2576 949 2661 Maurus,
969 2598 1038 2649 nou
1057 2577 1200 2674 Scytha,

130 2727 143 2762 ι
168 2721 236 2772 non
254 2698 426 2793 AEtbiopS,
445 2719 514 2770 uon
531 2696 628 2785 Afer,
649 2722 717 2771 non
735 2700 912 2770 Teutonus
934 2701 1112 2790 glorietur,
1132 2721 1201 2772 non

128 2852 142 2888 tt
168 2825 326 2898 Brennus
347 2819 428 2894 inde
446 2821 637 2915 superbiat,
656 2845 725 2895 nou
741 2823 911 2919 Pyrrhus,
926 2845 995 2896 non
1010 2825 1197 2918 Phiiippus,

128 2974 141 3010 ι
168 2967 237 3018 nou
253 2947 418 3029 Peraeae,
438 2966 506 3017 uon
525 2944 683 3040 Syphax,
703 2967 773 3016 non
790 2943 1021 3030 Mithridates
1043 2967 1113 3016 non
1128 2944 1201 3016 Αιι-

127 3097 141 3134 u
167 3067 316 3152 tiocbus,
338 3089 407 3138 uon
427 3066 610 3150 Hannibal,
626 3089 694 3139 non
707 3067 864 3158 lugurta:
881 3068 1030 3140 victores
1044 3071 1198 3161 gentium

126 3221 139 3258 u
166 3215 206 3266 ac
231 3214 366 3284 regum,
388 3189 480 3262 civili
500 3189 674 3263 discordia
694 3189 777 3261 victi
798 3189 900 3275 estis,
922 3212 1003 3284 quae
1025 3191 1055 3263 si
1076 3215 1199 3286 respu-

126 3346 139 3382 ι
165 3315 282 3400 blicas,
300 3315 329 3387 si
342 3336 427 3407 opes
442 3312 557 3405 regias
569 3312 706 3392 evortit,
722 3311 808 3405 quid
820 3312 964 3405 privatis
984 3314 1197 3405 sperandum

125 3467 138 3503 t
164 3438 303 3516 familiis
329 3447 435 3530 atque
455 3435 580 3531 opibus
605 3436 846 3527 singulorum?
871 3463 886 3500 u
910 3436 992 3505 Haec
1011 3444 1047 3505 et
1074 3436 1129 3506 his
1151 3439 1199 3506 si-

121 3562 207 3634 milia
228 3563 257 3634 si
278 3561 460 3632 vobiscum
483 3559 589 3629 Amor
610 3561 667 3630 vel
687 3556 846 3629 Amicitia
875 3561 1085 3650 loqueretur,
1113 3559 1198 3650 quid

119 3684 243 3759 iusseri
264 3683 416 3756 essetis?
437 3683 521 3753 Puto
545 3703 616 3752 uon
641 3679 735 3752 aliud
767 3679 832 3752 nisi
865 3702 931 3752 vos
966 3679 1001 3749 in
1034 3678 1196 3750 manibus

119 3810 189 3881 eius
205 3811 298 3880 lerre
318 3829 383 3878 uec
406 3806 585 3900 imperium
609 3827 782 3876 recusare,
804 3801 908 3898 Atqui
932 3826 992 3898 per
1019 3825 1059 3873 os
1080 3825 1195 3873 meum

118 3931 168 4004 ille
187 3929 289 4002 vobis
317 3929 392 4000 baec
414 3928 575 4022 loquitur.
603 3929 687 3996 Date
712 3945 849 4008 manus
878 3924 1039 3996 adhibete
1067 3945 1194 4006 aures,

117 4053 255 4126 obsecro
273 4075 354 4136 vos,
374 4073 437 4148 per
451 4050 480 4121 si
494 4049 577 4143 quid
596 4057 765 4132 sanctum,
783 4047 810 4118 si
830 4047 914 4138 quid
931 4048 1040 4141 pium,
1061 4045 1091 4118 si
1109 4045 1194 4139 quid

117 4179 231 4251 efficax
265 4179 355 4248 iuter
383 4175 543 4246 mortales
578 4181 694 4243 restat.
718 4173 793 4244 Nou
828 4194 954 4263 magua
986 4180 1191 4266 poscuntur;

235 4309 260 4346 ιι.
1007 4297 1036 4344 17
