3078 4798
292 383 348 444 38⁹2
631 397 672 444 nu
694 396 793 446 aeuus
814 395 1035 446 ruminamus

292 531 466 612 indefesse
489 531 654 629 laborare,
675 533 845 626 patienter
865 543 1045 624 aegrotare,
1064 543 1263 606 constanter
1283 534 1371 606 inter

293 654 455 726 terribilia
476 655 611 727 versari
634 665 669 726 et
691 655 720 728 si
740 664 898 750 oporteat
917 653 1088 749 intrepide
1108 655 1210 742 mori,
1234 656 1371 728 iduare

291 776 357 847 viri
373 799 463 869 opus
484 789 539 849 est
555 788 590 848 et
609 779 720 862 cuius,
738 777 818 848 lieet
834 799 955 848 amara
970 778 1162 871 perpessio,
1177 779 1370 850 recordatio

292 910 406 971 tamen
427 899 550 972 dulcis.
571 901 760 992 Vulgatum
780 898 916 991 Virgilii
935 899 1082 970 verbum
1104 909 1174 971 est:

529 1078 643 1140 Forsan
661 1075 771 1139 ethaeo
788 1076 861 1138 clim
878 1074 1055 1138 meminisse
1073 1077 1210 1154 iuvabit,

291 1238 385 1329 quod
406 1237 494 1308 inter
511 1235 693 1328 angustias
714 1258 812 1308 meas
831 1257 925 1332 saepe
941 1238 1026 1308 milri
1044 1242 1154 1311 fateor
1170 1242 1323 1313 occurrit
1338 1252 1372 1313 et

291 1359 428 1452 profuit.
455 1359 524 1431 Sed
545 1359 628 1430 mibi
654 1359 796 1452 quidem
824 1357 858 1429 in
885 1380 1041 1454 praesens
1064 1365 1172 1442 multa
1198 1364 1371 1436 scribendi

292 1492 427 1576 tempus
448 1482 570 1554 deest:
592 1483 669 1553 baec
687 1482 792 1574 igitur
814 1503 949 1552 summa
966 1483 1033 1552 sit:
1051 1485 1252 1576 fugiendam
1273 1509 1371 1578 spem

291 1603 479 1702 videmiae)
488 1603 701 1697 poscendum
716 1602 761 1675 ab
775 1605 1011 1697 omnipotente
1021 1605 1370 1678 subsidiumddver·

292 1752 354 1800 sus
371 1738 495 1799 cuncta
513 1748 594 1820 quaa
615 1727 744 1819 pateris
765 1728 823 1798 vel
840 1747 921 1820 quae
939 1728 1009 1818 pati
1031 1719 1140 1821 poles,
1162 1726 1370 1800 firmandum

290 1849 558 1941 durandumque
572 1849 734 1934 animum,
748 1860 786 1921 ut
797 1851 898 1942 quasi
912 1853 1037 1922 callum
1052 1851 1234 1923 contrahat
1245 1851 1370 1923 adver·

291 1972 451 2045 sitatibus
473 1972 546 2044 suis
567 1971 745 2057 idoneum,
773 1974 868 2066 quod
887 1973 1002 2046 durati
1023 1973 1182 2046 homines
1206 1975 1241 2046 in
1262 1996 1369 2045 mem-

194 2151 197 2158 .
291 2094 363 2166 bris
385 2097 505 2168 solent.
529 2096 601 2167 Hoc
621 2094 682 2166 tibi
704 2095 739 2166 in
760 2097 876 2168 animo
897 2096 1040 2168 suadeo.
1068 2097 1194 2170 Curam
1216 2118 1301 2168 vero
1321 2097 1369 2168 tui

289 2217 445 2311 eorporis
480 2218 628 2291 suadere
658 2240 914 2312 supervacuum
946 2219 1108 2302 videtur3
1133 2240 1248 2311 neque
1277 2219 1368 2290 enim

290 2339 353 2412 tibi
370 2339 552 2412 medicinae
572 2348 681 2412 artem
699 2339 851 2431 dignitas
868 2340 1075 2434 episcopalis
1091 2339 1239 2433 eripuit:
1261 2339 1370 2412 medi-

289 2482 353 2534 cus
382 2483 423 2532 ac
455 2461 580 2534 mediol
611 2461 704 2534 lilius
737 2461 884 2554 insignis
913 2463 994 2556 (non
1019 2464 1141 2556 quales
1167 2462 1283 2546 multi,
1309 2461 1369 2554 qui

267 2597 269 2604 “
289 2584 560 2656 dehonestantes
579 2583 760 2656 artificium
784 2607 886 2657 suum
903 2595 940 2657 et
958 2585 1081 2657 alienae
1101 2585 1183 2657 vitae
1204 2584 1370 2656 insidian-

268 2715 357 2791 tes,
379 2705 528 2779 divitum
547 2705 649 2778 modo
667 2707 843 2778 liminibus
864 2705 1110 2800 obversantur)
1134 2706 1203 2778 sois
1230 2716 1267 2777 ut
1292 2725 1369 2776 reor

288 2829 400 2902 morbi
428 2829 474 2901 tui
502 2851 651 2912 causas;
677 2838 713 2900 et
738 2829 892 2901 remedia
912 2852 980 2902 non
1006 2829 1161 2922 ignarae,
1188 2829 1219 2900 si
1244 2850 1367 2899 verum

272 2960 344 3047 ,est
362 2950 457 3043 quod
482 2951 529 3022 ait
554 2950 687 3034 Cicer0,
716 2949 869 3021 medicos
900 2961 1035 3043 putare,
1062 2962 1238 3046 comperta
1262 2970 1367 3022 causa

288 3070 515 3175 aegritudinis,
542 3083 698 3164 paratam
724 3093 806 3144 esse
839 3073 1057 3145 medicinam.
1092 3074 1204 3144 Unum
1226 3072 1366 3163 indulge

209 3275 212 3284 Ι
290 3193 383 3276 milri,
410 3203 450 3264 ut
473 3203 574 3266 extra
595 3193 761 3267 terminos
788 3217 884 3267 meos
909 3195 1021 3266 dicam
1049 3193 1239 3267 accidentia
1263 3193 1367 3266 animi

287 3316 373 3409 quid
393 3317 533 3410 corpori
555 3327 733 3411 praestent.
756 3319 794 3388 ln
821 3326 1156 3409 utramquepartem
1178 3317 1262 3410 quid
1282 3339 1367 3409 gau-

288 3440 383 3512 dium
404 3442 515 3534 possit
531 3452 566 3512 et
586 3442 670 3535 quid
687 3441 787 3513 dolor
803 3439 987 3512 illustrium
1004 3442 1245 3532 exemplorum
1267 3439 1367 3514 turba

288 3561 481 3636 confirmat.
496 3566 562 3637 Sed
579 3565 746 3656 attingam
761 3562 1005 3634 illustrissima.
1020 3563 1194 3654 Superiori
1206 3562 1367 3634 Africano

288 3685 399 3760 animi
413 3689 578 3779 gaudium
600 3687 743 3759 contulit
763 3686 808 3758 ad
828 3683 983 3777 corporis
1002 3684 1194 3770 sanitatem.
1215 3684 1366 3754 Gavisus

287 3819 343 3880 est
363 3810 421 3880 ille
444 3809 489 3880 de
511 3808 604 3880 filio:
630 3807 785 3901 gaudere
806 3805 937 3901 poteris
965 3815 1001 3877 tu
1028 3807 1206 3899 depatre.
1228 3797 1366 3876 ¹Eadem

287 3940 391 4002 aetate
422 3931 577 4025 Philippo
608 3929 821 4004 Macedoniae
846 3928 921 4020 regi
948 3928 1008 4014 illi,
1044 3928 1207 4022 quicum
1241 3927 1367 4020 populo

289 4073 432 4124 romano
464 4053 592 4125 bellum
623 4053 744 4145 gessit,
772 4050 870 4124 dolor
895 4050 1001 4124 animi
1026 4051 1185 4124 morbum
1211 4047 1365 4142 corporis

290 4183 503 4264 mortemque
520 4174 693 4246 conilavit
712 4175 867 4246 Proiecto
884 4184 999 4246 antem
1012 4175 1077 4248 etsi
1097 4194 1199 4244 nemo
1211 4192 1363 4264 unquam
