3002 4794
445 407 538 455 arnna
561 405 890 456 nouos-nrrsroun
915 407 957 455 ru.
1202 393 1239 454 37

155 523 351 616 scripturus
378 521 549 614 quidquid
574 531 784 593 occurreret.
818 521 918 607 Quod
952 545 1032 594 cum
1062 522 1239 609 fecissem,

153 647 252 718 laetus
278 655 315 716 et
340 644 413 715 voti
438 664 580 737 compos
602 643 786 716 abscessit:
808 645 891 715 mibi
912 654 1027 716 autem
1050 645 1084 714 in
1106 645 1242 716 silentio

154 767 319 861 cogitanti
345 787 498 858 quonam
525 765 670 839 artificio
696 767 873 839 familiaris
894 767 1040 860 epistola
1065 766 1109 839 de
1134 765 1241 838 nihilo

156 900 348 974 texeretur,
388 888 598 980 mirantique
630 899 665 960 et
694 889 778 960 mibi
813 890 1003 982 requirenti
1040 886 1124 982 quid
1158 887 1240 959 mibi

155 1022 268 1084 tecum
290 1011 342 1083 roi
369 1022 477 1096 esset,
501 1033 627 1104 quaeve
650 1011 822 1084 scribendi
850 1012 1006 1096 materia,
1033 1011 1119 1082 nibil
1144 1012 1240 1105 prius

155 1134 365 1206 inanimum
388 1133 492 1218 venit,
516 1155 620 1226 quam
643 1133 816 1206 Ciceronis
839 1134 895 1206 illa
915 1136 1060 1226 vulgata
1080 1123 1238 1227 ¹quidem,

156 1255 217 1328 sed
232 1257 403 1351 praeclara
424 1255 617 1326 sententia:
638 1255 774 1327 Virtute
800 1256 884 1326 nibil
911 1253 1114 1340 amabilius,
1139 1255 1242 1327 nihii·
1257 1278 1283 1306 ··-

156 1401 222 1471 que
242 1379 339 1472 quod
366 1377 478 1468 magis
505 1377 644 1462 alliciat;
667 1387 867 1472 tantamque
892 1379 968 1451 eius
989 1398 1070 1451 esse
1093 1378 1179 1463 vim,
1203 1387 1242 1449 ut

155 1522 213 1572 eos
235 1522 385 1593 quoque,
408 1520 498 1593 quos
520 1522 696 1592 nunquam
715 1502 878 1587 vidimus,
902 1501 1101 1594 diligamus.
1119 1502 1240 1593 ltaque

156 1622 337 1694 confestim
359 1619 467 1691 veluti
493 1642 661 1713 percussa
680 1623 798 1695 valido
815 1624 976 1717 aquilone
995 1622 1181 1706 nubecula,
1206 1632 1241 1694 et

156 1743 336 1827 cunctatio,
359 1751 396 1814 et
416 1741 598 1816 admiratio
618 1746 731 1816 omnis
752 1745 905 1818 evanuit.
933 1725 1003 1818 lam
1025 1748 1133 1817 latum
1156 1746 1241 1817 scri-

157 1867 263 1959 bendi
282 1889 443 1959 campum
466 1865 578 1949 video,
598 1867 737 1960 iamque
757 1869 840 1938 nihil
863 1869 981 1955 miror,
1001 1871 1104 1940 talem
1127 1869 1240 1940 animo

157 2011 234 2061 meo
267 1989 384 2061 virum
409 2009 491 2060 esse
516 1990 751 2075 carissimum,
774 2013 986 2084 quamquam
1013 1994 1118 2063 facies
1144 1991 1237 2078 eius,

158 2112 239 2182 mibi
261 2112 433 2182 hactenus
452 2110 595 2204 quidem
617 2135 680 2182 nec
701 2113 778 2184 visa
799 2114 853 2184 sit.
877 2115 911 2183 Si
933 2114 1034 2199 enim,
1057 2115 1125 2184 nisi
1145 2117 1240 2207 quod

156 2235 265 2306 oculis
290 2233 455 2317 vidimus,
478 2255 595 2304 amare
608 2255 678 2305 non
691 2255 893 2328 possumus,
917 2236 1051 2331 primus
1072 2243 1107 2305 et
1127 2237 1241 2307 maxi-

157 2381 235 2429 mus
272 2357 415 2429 amandi
455 2358 586 2448 gradus
627 2358 818 2430 evertitur:
861 2361 1086 2456 semetipsum
1122 2363 1239 2434 nuilus

158 2479 303 2560 amabit3
337 2501 441 2550 nemo
465 2500 616 2571 namque
651 2503 752 2552 suum
788 2479 956 2567 animum,
983 2504 1085 2554 nomo
1118 2484 1237 2555 faciem

159 2623 258 2674 suam
275 2601 374 2673 vidit.
390 2603 461 2674 Hoc
474 2603 635 2673 nimirum
655 2602 810 2688 interest,
824 2603 987 2697 quoniam
1002 2613 1040 2676 ut
1053 2626 1117 2676 nos
1130 2605 1236 2698 ipsos

158 2747 245 2817 quos
266 2747 446 2818 nunquam
473 2725 638 2813 vidimus,
661 2749 834 2814 amemus,
857 2739 981 2801 natura
1002 2739 1073 2814 est;
1095 2740 1133 2801 ut
1152 2752 1238 2801 vero

158 2847 257 2932 alioS,
286 2848 401 2920 virtus
434 2849 549 2934 efficit,
576 2854 727 2923 etfama
752 2851 893 2923 virtutis
919 2851 1051 2922 nuntia.
1073 2853 1157 2922 Haec
1182 2861 1238 2923 est

159 2992 237 3062 quae
261 2970 567 3065 praeclarissimum
595 2995 714 3065 regem
740 2973 978 3058 Masinissam,
1006 2973 1151 3045 oblitum
1177 2997 1238 3067 pa-

160 3094 232 3164 triae
252 3116 293 3165 ac
317 3093 501 3188 pignorum
526 3105 714 3180 tantorum,
737 3094 889 3168 Africani
915 3095 982 3167 mei
1006 3119 1235 3189 congressum

160 3215 270 3308 coegit
290 3225 468 3308 expetere,
494 3239 534 3289 ac
554 3218 742 3310 praesontia
762 3219 847 3290 tanti
872 3218 971 3290 ducis
998 3219 1198 3304 attonitum,
1217 3242 1238 3291 e

81 3381 84 3390 =
161 3338 495 3431 Carthaginiensium
516 3339 642 3411 castris
659 3339 704 3411 ad
721 3340 875 3413 Romana
889 3341 990 3434 signa
1003 3342 1180 3434 perduxit3
1193 3354 1235 3426 et,

160 3460 249 3554 quod
274 3461 386 3532 instar
412 3462 558 3532 monstri
578 3461 659 3534 facit
680 3484 815 3534 morum
839 3463 1102 3557 animorumque
1122 3464 1239 3535 diver-

161 3582 252 3668 sitas,
274 3581 432 3655 eiusdem
454 3583 553 3655 ducis
571 3595 606 3656 et
626 3585 675 3654 rei
696 3607 839 3658 causam
861 3585 913 3657 sui
944 3586 1086 3679 quidem
1110 3586 1236 3671 bostis,

160 3706 221 3778 sed
244 3706 415 3778 virtutum
434 3706 534 3776 amici
555 3706 904 3780 honorificentissimo
921 3709 1082 3790 decreto,
1103 3715 1138 3776 et
1156 3729 1239 3802 sup-

158 3826 234 3918 plici
255 3849 296 3899 ac
316 3827 566 3900 venerabunda
586 3829 791 3923 praedonum
808 3828 881 3901 acie
902 3825 1058 3900 absentis
1076 3827 1239 3900 honesta-

159 3950 209 4019 vit
232 3949 395 4021 exilium:
418 3939 427 3974 ¹
448 3950 597 4044 donique
623 3951 753 4023 divinae
774 3953 851 4023 eius
882 3950 1026 4043 originis
1057 3949 1092 4020 in
1124 3963 1239 4044 pecto-

159 4069 253 4143 ribus
289 4070 469 4141 bominum
502 4073 698 4167 opinionem
737 4073 878 4166 genuit,
913 4082 948 4144 et
980 4073 1108 4147 nedum
1143 4075 1238 4146 veris

252 4210 260 4243 ¹
276 4211 325 4262 rn.
342 4209 397 4260 mv.
411 4209 464 4263 cm.
478 4211 585 4277 xxxix,
597 4214 677 4266 vuer.
693 4215 759 4268 uas.
772 4217 827 4268 nto.
841 4217 871 4269 rt.
884 4230 906 4269 c.
921 4219 944 4269 5.
