2958 4804
251 319 310 380 268
585 329 626 380 ou
649 332 749 381 ussus
771 329 993 382 assumamus

251 490 335 540 vero
367 470 529 552 alterum,
567 467 631 540 sed
660 468 924 562 amplissimum.
957 469 1034 552 Quo
1063 490 1126 562 pro
1161 470 1322 541 varietate

251 593 486 662 intellectuum
512 614 581 663 non
611 592 763 664 absurde
793 591 937 662 forsitan
970 592 1061 662 trabi
1093 601 1213 686 posset
1235 592 1325 666 ‚illud

229 777 231 780 .
250 714 456 786 Davidioum
476 743 491 780 a
514 713 615 784 Colica
634 717 670 784 ic
687 737 792 784 mauu
807 713 1021 784 domininici
1035 717 1250 808 meriplenus
1266 717 1326 786 mi-

250 848 298 904 sto
316 865 331 900 »
353 844 390 906 ut
406 836 498 908 calix
518 836 712 908 dominicus
734 860 804 930 quo
821 835 856 905 in
872 836 938 907 hoc
955 837 1062 907 exilio
1077 848 1239 931 potamur
1258 835 1323 932 (sic)

252 957 384 1043 miseri,
407 958 538 1052 aliquid
558 931 659 1030 velut¹
678 980 813 1029 merum
845 968 881 1029 et
913 959 1014 1030 dulce
1044 958 1186 1030 habeat:
1222 958 1327 1052 pleni-

251 1082 335 1153 tudo
366 1081 443 1153 eius
468 1081 586 1153 multis
615 1081 905 1153 amaritudinibus
940 1081 985 1152 sit
1017 1081 1184 1154 admixta.
1211 1081 1329 1153 Dulcia

251 1204 405 1297 quidem,
421 1212 459 1274 ut
475 1203 558 1288 dixi,
575 1226 685 1296 pauca
706 1212 843 1276 suntet
863 1203 1000 1288 brevia3
1021 1203 1129 1278 breve
1149 1205 1326 1297 gaudium,

251 1325 371 1398 brevis
391 1326 584 1412 delectatio,
603 1327 722 1400 brevis
743 1329 845 1412 risus,
865 1328 973 1400 breve
994 1328 1145 1422 denique
1162 1327 1330 1422 quidquid

250 1450 360 1536 iuvat,
383 1449 477 1544 quod
503 1458 687 1545 expertum
709 1472 747 1521 se
773 1450 936 1522 fatebitur
955 1449 1115 1545 quisquis
1136 1453 1332 1545 aliquantu-

251 1573 323 1643 lum
360 1573 395 1642 in
431 1572 631 1644 huiusmodi
663 1573 951 1667 peregrinationis
989 1576 1074 1646 calle
1112 1550 1362 1670 processerit(

237 1696 379 1767 Contra
398 1716 485 1767 vero
504 1697 654 1766 fortunae
674 1695 794 1789 praelia
814 1718 918 1790 quam
939 1699 1109 1789 longaeva,
1128 1717 1234 1788 quam
1253 1715 1333 1786 gra-

251 1817 324 1902 via,
347 1827 432 1911 quot
451 1817 704 1889 adversitatum
726 1818 878 1912 species,
900 1801 1145 1912 quammultae
1168 1826 1204 1888 et
1225 1818 1333 1890 variae

253 1940 477 2033 affligentium
505 1962 622 2011 rerum
647 1943 780 2027 formae,
810 1964 912 2014 nemo
938 1942 1036 2014 facile
1060 1939 1203 2026 dixerit,
1231 1945 1333 2012 nemo

252 2084 325 2134 rem
346 2061 516 2134 infinitam
532 2061 633 2133 brevi
650 2063 806 2135 oratione
822 2063 1010 2155 collegerit.
1028 2062 1158 2134 Verum
1176 2069 1259 2133 nota
1275 2083 1332 2133 res

252 2195 314 2270 est,
336 2208 405 2258 non
425 2207 534 2278 egens
552 2185 700 2257 testibus
717 2189 836 2282 procul
853 2185 983 2258 accitis.
1001 2184 1157 2278 Quisque
1173 2185 1333 2257 dolorum

254 2333 295 2382 ac
315 2308 472 2382 laborum
492 2329 634 2380 suorum
656 2309 902 2381 conscientiam
924 2309 1098 2404 propriam
1120 2316 1247 2380 testem
1272 2307 1334 2380 ha-

253 2431 322 2516 bet,
344 2431 443 2503 ouius
465 2441 591 2524 praeter
610 2439 711 2503 notas
732 2441 942 2526 apertasque
962 2430 1141 2503 molestias
1160 2440 1247 2523 quot
1267 2431 1334 2503 sint

257 2555 387 2626 stimuli
406 2557 564 2640 latentes,
585 2564 669 2648 quot
689 2556 811 2650 plagae,
834 2562 919 2648 quot
939 2557 1053 2626 ulcera
1074 2555 1222 2626 scrutari
1241 2556 1336 2626 nulla

254 2699 379 2748 manus
401 2677 537 2749 sufficit.
560 2677 686 2749 inferni
709 2688 837 2749 statum
858 2679 1006 2750 altisono
1025 2699 1236 2750 canens‘ore
1257 2678 1335 2749 Vir·

255 2797 359 2890 gilius
380 2801 487 2870 multa
507 2811 766 2885 commemorat,
794 2791 875 2893 quae
895 2801 1037 2895 quidam
1061 2802 1106 2873 do
1134 2811 1227 2873 statu
1254 2801 1335 2874 vitae

254 2921 441 3015 praesentis
461 2921 673 3010 intelligunt,
691 2943 785 3014 quae,
801 2933 839 2993 ut
859 2922 970 3008 aiunt,
990 2923 1248 3018 comparatione
1265 2947 1336 2997 coe-

254 3042 365 3125 lestis,
382 3042 513 3113 inferna
526 3049 600 3124 est;
614 3051 651 3113 et
665 3043 829 3136 quoniam
847 3045 908 3117 toti
925 3045 1072 3118 aedifioio
1091 3046 1136 3118 sit
1151 3067 1335 3118 commune

255 3163 475 3248 vestibulum,
491 3164 567 3249 illio,
581 3187 649 3236 non
667 3167 792 3262 inepto,
808 3169 838 3239 si
852 3191 937 3242 vera
951 3179 1152 3254 memorant,
1168 3167 1336 3262 figmento

256 3287 410 3382 quidam,
446 3289 518 3359 lere
550 3288 714 3361 omnibus
747 3289 832 3383 vitae
860 3291 964 3364 buius
990 3291 1095 3362 limen
1125 3291 1336 3364 intrantibus

255 3409 703 3506 communiareponuntur:
728 3412 763 3482 in
790 3413 1036 3486 secretioribus
1054 3423 1171 3484 autem
1197 3413 1335 3485 circulis

257 3536 452 3626 singulares
473 3547 587 3628 poenae
616 3544 698 3607 sunt
724 3547 758 3607 et
779 3534 941 3608 distincta
961 3536 1100 3629 flagitia.
1124 3537 1201 3608 Nou
1226 3537 1332 3622 enim,

256 3657 408 3752 exempli
427 3679 547 3760 causa,
570 3657 731 3729 omnibus
757 3657 924 3752 contingit
940 3654 989 3731 'ob
1009 3659 1216 3732 adulterium
1234 3659 1332 3743 caedi,

256 3788 316 3852 aut
341 3788 433 3850 natae
458 3782 647 3852 thalamum
675 3781 854 3868 invadere,
881 3793 941 3855 aut
967 3804 1062 3855 arma
1088 3781 1194 3875 impia
1221 3781 1331 3874 sequi,

257 3913 317 3972 aut
337 3904 432 3994 leges
454 3903 565 3995 pretio
584 3903 691 3995 figere
708 3914 811 3998 atque
832 3903 987 3997 refigere,
1007 3916 1066 3977 aut
1086 3924 1173 3974 auro
1189 3903 1334 3997 patriam

256 4023 423 4109 vendere,
446 4036 506 4096 aut
525 4025 744 4098 dominorum
764 4030 880 4099 fallere
900 4029 1052 4100 dextras.
1075 4025 1222 4099 Avertat
1247 4024 1334 4096 hanc

257 4155 389 4238 pestem
416 4148 532 4219 Deus:
558 4149 711 4240 pessimo
742 4151 816 4222 loco
851 4173 908 4222 res
940 4151 1105 4224 humanae
1136 4159 1270 4235 essent,
1304 4145 1334 4219 si
