3062 4798
414 367 504 416 tinen
528 369 1029 418 ncrtvusnncmns.-ur1srctt
1053 369 1071 414 r.
1220 354 1278 416 tos

200 504 423 582 decreveras,
455 504 641 574 auctoritas
671 514 889 595 quereretur,
925 525 993 574 non
1021 505 1164 595 ignarus
1191 502 1279 574 inter

164 645 167 652 ’
199 626 397 716 Augustum
419 637 454 695 et
472 623 646 696 Tiberium
666 625 751 717 quid
768 625 913 697 intersit.
934 627 993 698 llle
1011 626 1200 720 principum
1225 647 1279 696 sa-

201 748 437 842 pientissimus
455 756 560 838 atque
577 745 730 841 optimus
745 747 818 831 luit,
833 749 889 819 bic
906 747 1093 820 obscoenus
1111 769 1151 820 ac
1168 751 1276 832 lerox,

199 881 234 942 et
259 883 297 942 ut
320 871 365 942 de
391 891 433 940 eo
465 871 601 965 proprie
628 870 718 941 dixit
742 870 899 964 quidam,
927 872 1036 941 lutum
1063 892 1083 940 a
1109 871 1279 966 sanguine

199 1001 420 1061 maceratum.
439 991 511 1060 Hoc
528 1001 643 1062 tamen
656 992 748 1061 idem
767 992 859 1062 dicto
876 1013 945 1083 quo
962 1001 1116 1083 tempore
1130 991 1175 1061 sit
1193 1011 1278 1061 usus

199 1110 302 1192 nosti,
331 1113 386 1182 vel
412 1111 441 1182 si
467 1112 551 1205 quid
575 1111 760 1184 oblivionis
791 1112 879 1183 inter
913 1121 961 1183 tot
994 1111 1143 1182 maiores
1176 1129 1279 1180 ouras

198 1235 382 1328 obrepcrit,
402 1235 496 1330 apud
513 1235 747 1328 Tranquillum
766 1237 874 1326 leges.
893 1235 944 1306 Eo
960 1233 1102 1326 quidem
1123 1242 1279 1325 tempore

200 1359 264 1430 hoc
288 1359 390 1442 dixit,
419 1379 489 1452 quo
514 1368 679 1451 exempto
704 1356 772 1427 iam
799 1355 905 1428 rebus
933 1356 1094 1426 humanis
1120 1352 1280 1444 Augusto

199 1501 381 1552 successor
401 1484 504 1573 longe
524 1483 635 1576 impar
654 1480 955 1573 impudentissime
975 1490 1151 1571 arreptum
1174 1477 1279 1549 rebus

198 1602 282 1694 ipsis
303 1603 485 1696 imperium
506 1603 626 1674 verbis
644 1613 758 1674 tamen
777 1602 951 1694 ambiguis
969 1602 1149 1694 fallacique
1167 1612 1202 1673 et
1218 1622 1279 1671 va-

198 1723 249 1794 ria
271 1724 547 1797 dissimulatione
581 1725 762 1807 renuebat,
785 1726 916 1794 'laisum
944 1722 1127 1794 modestiae
1152 1743 1280 1794 nomen

196 1867 369 1938 quaerens,
390 1869 502 1939 usqua
520 1847 617 1932 adeo,
633 1857 672 1918 ut
686 1846 929 1939 tergiversanti
946 1844 1086 1938 quidam
1105 1846 1139 1915 in
1156 1846 1279 1917 facicm

196 1969 457 2060 elegantissime
489 1970 670 2040 cavillatus
707 1968 891 2040 illuderet:
922 1974 1070 2038 coeteros
1101 1967 1277 2048 homines

196 2090 290 2182 quod
313 2089 511 2182 promittant
529 2111 607 2160 sero
627 2089 779 2182 implere,
794 2089 889 2159 illum
908 2109 993 2159 vero
1009 2087 1104 2180 quod
1121 2087 1280 2181 implerat

197 2212 311 2284 serius
332 2209 494 2306 polliceri.
517 2210 587 2281 Sed
606 2220 699 2282 esto:
722 2211 767 2281 sit
786 2209 917 2280 dictum
936 2208 1017 2279 boni
1039 2207 1213 2301 principis,
1235 2209 1280 2280 sit

196 2356 265 2406 non
299 2332 378 2406 ficto
403 2334 518 2436 animo
552 2334 735 2426 prolatum,
763 2333 839 2426 ipse
869 2333 914 2402 sit
938 2338 1058 2402 auctor
1083 2328 1276 2422 Augustus.

196 2459 287 2542 Quid
307 2459 351 2530 ad
374 2460 470 2530 rem‘l
490 2457 650 2538 Nescitis,
673 2455 797 2548 inquit,
816 2464 945 2546 quanta
966 2454 1082 2526 bellua
1104 2455 1148 2525 sit
1165 2453 1278 2550 lmpc-
1394 2555 1396 2562 Ι

196 2582 295 2654 rium.
319 2582 390 2652 lmc
411 2581 539 2652 scimus
559 2579 710 2650 eximie:
731 2578 844 2650 bellua
866 2576 1108 2672 potentissima
1125 2587 1193 2658 est,
1215 2579 1277 2649 scd

196 2725 276 2795 quae
296 2706 442 2776 fraenum
456 2704 569 2776 declae
588 2721 710 2774 manus
728 2701 900 2794 excipiat:
920 2699 1032 2772 bellua
1053 2701 1189 2790 iugens,
1212 2702 1277 2774 sed

197 2825 383 2898 tractabilis
404 2837 439 2898 et
458 2828 492 2896 ui
510 2834 677 2898 tractetur
698 2825 876 2929 indomita.
895 2822 1010 2908 Ande,
1031 2845 1108 2915 age,
1128 2823 1276 2895 lraeuum

195 2971 299 3020 mauu
331 2951 458 3043 arripe,
491 2950 687 3042 soliumque
720 2949 778 3020 tibi
812 2947 969 3019 debitunt
999 2946 1206 3019 conscende.
1241 2948 1276 3017 Si

195 3070 330 3150 metuis
353 3091 526 3141 sessorem
545 3073 708 3145 iwenict.
727 3071 834 3142 lulius
853 3070 982 3156 Cacsar,
1000 3071 1100 3142 culus
1119 3079 1156 3141 nt
1173 3069 1276 3143 modo

193 3189 366 3275 dicebam,
389 3193 649 3264 haereditarium
670 3215 795 3264 nomen
820 3194 945 3278 babeS,
967 3215 1095 3286 equum
1118 3195 1211 3285 apud
1236 3215 1275 3264 se

194 3329 307 3389 ortum
333 3325 368 3386 et
393 3315 535 3386 alterius
567 3316 800 3407 impatientem
828 3316 995 3397 ascendit,
1023 3325 1059 3387 et
1083 3318 1118 3384 in
1143 3317 1274 3388 deliciis

194 3439 337 3510 babuit:
359 3449 396 3510 tu
418 3438 542 3509 solium
568 3460 636 3508 non
662 3437 806 3508 alterius
833 3436 984 3508 sessoris
1005 3437 1186 3529 impatiens
1214 3439 1276 3510 sed

194 3584 214 3632 a
235 3571 285 3634 tot
306 3570 395 3634 retro
421 3559 633 3654 principibus
656 3536 834 3631 insessum
855 3570 890 3630 et
916 3569 987 3629 tuae
1014 3558 1179 3630 sessionis
1200 3562 1276 3630 avi-

194 3685 377 3760 dissimum
400 3686 495 3756 solus
520 3683 638 3776 fugis?
658 3684 788 3755 Verum
814 3682 906 3753 enim
929 3703 1014 3754 vero
1033 3691 1158 3753 cuncta
1178 3684 1274 3778 prius

196 3807 358 3879 tentanda
383 3830 487 3900 qnam
514 3808 655 3878 ferrum.
687 3805 771 3877 Haec
803 3807 893 3876 inter
924 3804 1170 3877 excusationes
1197 3815 1274 3877 tuas

196 3929 312 4000 ultima
333 3940 395 4012 est,
419 3927 477 3999 ubi
498 3927 615 3998 nescio
633 3949 677 3998 au
699 3927 782 3998 illud
801 3927 942 4018 gloriosi
962 3931 1079 4002 militis
1099 3927 1192 4022 apud
1211 3927 1274 3998 Te-

194 4053 341 4124 rentium
357 4073 457 4124 esses
472 4049 613 4123 oblitus:
629 4052 740 4120 omnic
749 4052 845 4143 prins
858 4054 1013 4145 emperiri
1025 4055 1160 4125 consilio
1177 4073 1274 4144 qnam

193 4177 295 4245 armis
319 4177 500 4269 sapientem
520 4173 618 4246 dccet.
641 4172 730 4244 Nihil
751 4175 841 4245 enim
868 4174 960 4246 aliud
983 4177 1026 4248 ad
1048 4175 1272 4271 patrocinium

321 4307 347 4344 rt.
1088 4297 1119 4348 30
