3078 4798
345 429 347 434 ,
398 381 489 430 urens
511 381 1013 440 oulnuusouuruus-uelsrous
1035 384 1077 431 ru.
1211 372 1266 432 317

187 519 369 600 haetenus,
391 537 435 586 ne
456 515 599 587 forsitan
627 537 683 586 me
709 526 907 606 quaerentes
930 487 1088 608 epistolae
1110 524 1180 586 tuae
1205 515 1270 586 hac

186 637 263 708 illac
284 634 423 708 Incertis
445 635 641 706 tramitibus
664 644 885 726 vagarentur.
907 634 962 707 Ad
983 639 1112 707 fontem
1135 636 1270 728 Sergiae

188 779 279 842 sum,
303 765 343 829 ut
359 754 448 841 dixi,
471 769 506 828 et
525 739 665 849 quande
690 757 737 827 ita
759 756 873 828 visum
896 769 951 829 est
970 759 1135 844 fortunae,
1155 760 1270 829 locum

188 881 294 954 alium
317 903 385 954 non
406 881 557 973 requiro,
581 901 643 952 uec
663 879 786 956 faoiam
806 879 918 952 donec
937 881 1009 966 illa,
1031 881 1128 974 quod
1147 879 1270 953 crebro
1292 863 1299 882 '

190 1004 289 1087 solet,
313 1002 449 1073 varium
467 1011 577 1073 mutet
594 1001 755 1074 edictum.
776 1001 913 1072 Interea
929 1001 1092 1094 equidem
1112 1002 1167 1072 hio
1186 1000 1270 1071 mihi

189 1125 346 1208 Romam,
370 1124 425 1194 hio
444 1122 612 1208 Athenae,
632 1123 688 1194 hio
705 1123 852 1217 patriam
874 1124 986 1215 ipsam
1008 1137 1123 1196 mente
1143 1124 1272 1197 eonsti-

190 1255 260 1317 tuo.
284 1246 346 1317 Hic
366 1266 493 1344 omnesv
504 1267 592 1337 quos
611 1243 723 1316 haheo
741 1245 869 1316 amieos
890 1248 945 1316 vel
959 1267 1048 1339 quos
1066 1245 1188 1330 habui,
1210 1247 1273 1318 nee

191 1379 323 1440 tautum
349 1369 506 1441 familiari
531 1368 692 1440 convictu
719 1368 882 1461 probatos
908 1368 1027 1462 etqui
1057 1390 1193 1440 mecum
1221 1369 1273 1438 ui-

191 1499 333 1576 xerunt,
357 1491 419 1562 sed
440 1491 499 1584 qui
527 1494 644 1564 multis
666 1500 746 1564 ante
770 1513 827 1563 me
853 1491 992 1564 saeeulis
1013 1491 1176 1564 oblerunt
1201 1495 1274 1564 solo

192 1613 277 1706 mihi
309 1614 465 1704 cognitos
499 1612 667 1686 beneficio
700 1613 908 1698 litterarum,
932 1635 1080 1707 quorum
1115 1613 1191 1686 sive
1217 1635 1273 1685 res

192 1743 313 1826 gestas
332 1743 435 1827 atque
457 1722 623 1821 animum,
651 1736 728 1806 slve
753 1756 867 1806 mores
895 1734 1086 1828 vitamque,
1110 1735 1186 1808 sive
1211 1736 1276 1806 lin-

192 1878 300 1948 guam
317 1857 561 1950 ingeniumque
580 1858 701 1941 miror,
717 1879 764 1928 ex
777 1856 939 1929 omnihus
959 1857 1041 1929 loeis
1059 1868 1163 1950 atque
1181 1857 1276 1942 omui

192 1999 273 2050 aevo
293 1979 328 2050 in
346 1979 435 2051 hane
451 1980 617 2071 exiguam
636 1980 762 2050 vallem
781 1999 876 2074 saepe
893 1980 1073 2063 contraho,
1095 1979 1275 2074 cupidius-

192 2121 263 2192 que
282 2121 362 2170 oum
383 2099 450 2170 illis
471 2118 595 2170 versor
615 2119 719 2190 quam
741 2120 820 2170 oum
841 2098 883 2169 iis
905 2099 964 2192 qui
991 2098 1056 2170 sihi
1079 2098 1199 2170 vivere
1226 2098 1277 2168 vi-

193 2220 321 2292 dentur
335 2220 501 2312 quotiens
521 2217 702 2290 rancidum
723 2219 842 2290 nescio
862 2218 946 2311 quid
967 2219 1141 2310 spirantes
1162 2217 1277 2308 gelido

194 2343 229 2413 iu
250 2363 331 2414 aere
360 2342 413 2412 sui
440 2341 568 2412 halitus
589 2340 711 2413 vident
735 2340 934 2433 vestigium.
962 2341 1019 2412 Sic
1044 2339 1197 2412 liberae
1223 2361 1277 2412 se-

194 2485 302 2536 curus
323 2483 434 2554 vagor
458 2474 494 2534 et
520 2462 644 2534 talibus
670 2459 854 2534 comitibus
881 2465 975 2534 solus
1003 2485 1093 2547 sum,
1117 2465 1278 2556 quotiens

196 2607 339 2679 possum
362 2605 514 2668 mecum;
541 2605 618 2657 sum
646 2605 739 2679 saepe
772 2585 876 2656 etiam
898 2595 1028 2664 tecum,
1055 2598 1194 2658 etcum
1222 2587 1279 2657 illo

199 2709 277 2781 viro
311 2707 440 2801 optimo
473 2707 642 2791 maximo,
671 2729 773 2801 quem
806 2729 885 2779 oum
916 2727 1093 2801 nunquam
1115 2709 1277 2793 viderim,
1350 2795 1353 2800 Ι

198 2830 294 2904 dictu
315 2829 457 2913 mirum,
480 2827 642 2900 omnihus
663 2828 759 2901 horis
779 2829 898 2901 video:
920 2830 1015 2923 apud
1039 2851 1155 2922 quem,
1184 2849 1281 2922 quae-

200 2971 253 3034 so,
275 2969 402 3021 nomen
429 2970 544 3020 meum
579 2951 662 3022 dum
696 2960 734 3022 tu
769 2971 888 3024 secum
914 2952 1007 3044 loqui
1034 2951 1183 3045 poteris,
1211 2971 1280 3023 non

200 3081 370 3146 senescat.
392 3071 487 3144 Vale.
690 3072 695 3082 '

342 3215 386 3270 Ad
400 3216 517 3274 Fontem
530 3218 642 3291 Sorgiae.
659 3221 724 3278 v111
738 3220 877 3276 Kalendas
891 3220 1012 3276 Martias.
