3024 4802
257 337 315 397 516
595 347 635 394 DE
658 347 758 394 REBUS
780 346 1003 395 unnlctntrlssus

257 483 395 574 penitus
427 492 565 552 tuarum
592 482 637 552 ad
664 501 720 552 me
748 481 939 552 litterarum
965 480 1030 552 hoc
1055 479 1194 551 hiennio
1214 501 1343 572 perve-

257 603 366 684 nisse,
391 624 472 694 quae
495 601 610 672 mirari
633 609 666 672 te
686 623 756 672 non
777 600 884 672 miror
903 611 1007 693 atque
1026 600 1131 672 etiam
1157 599 1342 692 indignari.

257 727 401 796 Litterae
420 735 552 795 nostrae
574 724 689 795 medio
706 724 843 794 viarum
864 744 948 793 suos
969 732 1126 816 raptores
1146 722 1340 794 inveniunt.
1381 723 1387 738 '

257 850 327 920 Sed
352 847 537 918 ferendum
567 847 661 938 quod
695 844 820 916 mutari
848 853 917 916 non
942 854 1068 937 potest.
1098 845 1191 928 Quid
1222 856 1342 916 autem

258 971 413 1043 seimus‘?
433 971 561 1040 Multos
581 967 740 1052 forsitan,
763 968 886 1052 amice,
920 967 1045 1039 studiis
1065 967 1196 1039 nostris
1217 990 1343 1040 accen-

257 1094 389 1174 dimus;
421 1090 537 1160 multis
574 1089 695 1180 gloriae
730 1090 888 1160 stimulos
921 1088 1082 1161 fortassis
1115 1089 1340 1160 incussimus.

259 1214 340 1286 Sive
367 1220 515 1304 pergant
539 1232 609 1302 qua
634 1219 815 1302 ceperunt,
848 1209 923 1280 sive
955 1209 1055 1280 nohis
1084 1209 1262 1303 duplicent
1292 1211 1343 1281 la-

140 1396 144 1401 .
258 1335 387 1416 horem,
410 1343 445 1402 et
464 1331 630 1424 epistolas
650 1344 789 1404 nostras
806 1332 983 1404 detineant
999 1340 1035 1404 et
1051 1338 1220 1413 avertant,
1236 1331 1341 1404 modo

258 1464 322 1528 nos
342 1465 461 1526 ament
480 1465 515 1524 et
538 1476 627 1546 quas
649 1455 787 1546 rapiunt
816 1455 994 1526 mirentur.
1016 1452 1151 1546 Scripta
1175 1453 1342 1545 torpenti-

258 1577 325 1648 bus
346 1577 476 1668 digitis,
492 1583 594 1646 sexto
610 1573 784 1648 Kalendas
806 1577 954 1648 Ianuarii
975 1585 1054 1649 ante
1075 1579 1199 1648 lucem.
1217 1575 1316 1646 Vale.

760 1811 838 1820 ——-

680 2018 857 2083 EPISTOLA
877 2019 919 2082 ΙΙΙ.

431 2192 625 2242 aaaucrscus
648 2192 816 2242 saansaan
837 2192 937 2242 anuto
959 2193 1019 2242 suo
1040 2194 1066 2243 s.
1087 2195 1116 2243 Ρ.
1138 2196 1169 2244 u.

310 2349 411 2403 Narrat
426 2364 456 2402 se
469 2348 612 2402 Mantuam
627 2363 643 2400 a
657 2345 765 2400 Caesare
780 2345 898 2400 accitum
912 2362 1078 2418 summaque
1092 2347 1287 2402 benevolentia

309 2441 468 2507 receptum:
485 2441 513 2490 et
527 2435 633 2490 litteras
648 2435 675 2490 ei
688 2433 772 2490 mittit
786 2433 888 2506 qrribus
902 2449 968 2488 eum
983 2433 1086 2490 Caesari
1099 2435 1285 2490 commendat.

356 2682 541 2754 Credulum
561 2704 729 2766 amorem,
745 2682 794 2766 ait
811 2683 914 2769 Naso,
930 2703 994 2754 uec
1010 2683 1153 2754 fallitur:
1168 2684 1339 2756 utramvis

255 2806 290 2878 in
320 2816 452 2896 partem
473 2803 689 2896 experientia
714 2805 813 2875 testis
842 2804 953 2876 adest.
984 2803 1095 2886 Quam
1116 2806 1226 2877 facilis
1245 2807 1336 2877 enim

254 2937 289 2997 et
313 2949 419 3017 quam
439 2947 550 3020 prona
581 2935 636 2994 est
667 2925 794 2996 caritas
815 2925 1005 2997 amicorum
1033 2927 1078 2998 ad
1104 2928 1337 3022 amplissimas

256 3069 337 3140 spes
364 3045 615 3138 opinionesque
636 3046 874 3118 clarissimas?
903 3057 965 3119 aut
983 3049 1067 3142 quid
1087 3059 1157 3121 tam
1179 3049 1338 3142 magnifi-

254 3189 333 3238 cum
368 3165 452 3257 fingi
478 3175 606 3260 potest,
642 3168 737 3259 quod
769 3169 814 3240 de
846 3179 962 3242 amato
994 3193 1065 3242 non
1093 3172 1192 3244 facile
1218 3173 1339 3244 credat

254 3287 400 3360 amans‘.l
421 3289 532 3360 Credo
558 3311 626 3382 ego
652 3289 790 3363 labores
811 3293 995 3365 herculeos
1016 3294 1100 3365 nulli
1129 3293 1241 3386 magis
1262 3317 1338 3365 cre·

254 3413 345 3486 ditos
365 3435 471 3506 quam
491 3411 687 3484 Philocteti:
709 3414 815 3484 credo
835 3416 960 3486 famam
982 3416 1086 3487 victae
1116 3417 1336 3508 Carthaginis

254 3537 338 3608 nulli
359 3535 565 3629 profundius
592 3535 769 3607 haesuram
794 3535 904 3608 fuisse
925 3559 1030 3629 quam
1065 3537 1183 3608 Laelio.
1204 3539 1336 3610 Patulae

254 3667 336 3731 sunt
365 3679 470 3729 aures
503 3657 710 3730 amicorum:
744 3657 861 3729 omnia
891 3669 970 3730 ante
996 3680 1118 3732 omnes
1145 3659 1336 3753 excipiunt.

253 3785 381 3874 Magna
406 3779 494 3852 fides
514 3779 692 3862 amicitiae3
713 3779 828 3852 omnia
851 3780 967 3852 statim
988 3781 1111 3866 credit,
1134 3805 1199 3854 nec
1224 3783 1337 3854 credi-

253 3905 349 3976 disse
378 3912 541 3974 coutcnta
561 3913 629 3986 est,
652 3901 719 3972 nisi
741 3903 786 3974 de
805 3904 946 3997 proprio
974 3904 1104 3996 aliquid
1124 3905 1252 3977 auditis
1273 3905 1335 3976 ad·

253 4024 388 4096 diderit.
412 4023 539 4092 Contra
558 4030 673 4094 autem
691 4044 809 4094 comes
831 4024 959 4096 amoris
975 4025 1072 4097 zelus
1085 4028 1214 4098 ardens
1229 4049 1333 4120 quam

252 4163 408 4236 praeceps
427 4153 483 4214 est
503 4143 548 4214 ad
565 4145 778 4216 credendum
800 4166 901 4216 omne
931 4148 1026 4238 quod
1055 4146 1228 4242 displicet:
1264 4169 1332 4220 non
