3078 4798
266 344 325 406 all
607 355 647 402 aa
669 354 769 402 nauus
790 353 1012 403 inclamamus

265 491 384 562 Gaude
402 492 469 561 iam
490 498 563 560 toto
579 487 704 572 auimo,
723 489 833 560 habes
855 489 970 560 unde:
990 497 1154 579 tantaque
1171 489 1344 580 gaudendi

267 613 409 684 matoria
429 622 485 683 est
505 622 542 682 ut
561 631 638 680 eam
661 610 723 680 vix
743 610 995 704 apprehendas.
1015 610 1103 681 Hinc
1123 633 1248 706 nempe
1273 635 1347 684 ma·
1376 630 1380 640 ·

266 737 320 827 gis
333 735 520 818 consolari,
534 756 604 805 non
617 733 733 802 minus
750 732 894 804 credere
909 735 1080 805 convenit.
1100 735 1150 805 Tu
1169 733 1341 826 indignus

229 927 242 940 ,
264 859 321 928 ille
338 857 510 945 benignas
528 882 534 924 :
557 866 593 926 ta
611 865 779 948 peccator,
798 855 856 926 ille
874 854 1094 926 misericors:
1115 878 1267 948 agnosce
1283 855 1343 928 bc-

264 977 435 1062 nefioium,
455 979 662 1069 amplectere
683 977 853 1067 gratiam:
871 978 961 1069 pelle
983 977 1212 1070 suspiciones.
1226 980 1343 1070 Longo

264 1101 340 1173 siae
361 1100 430 1172 fine
450 1099 618 1193 supplicio
635 1098 763 1189 diguus
785 1119 865 1169 eras
880 1123 888 1181 ;
906 1099 1015 1190 gloria
1033 1099 1102 1180 tibi,
1124 1100 1191 1172 nisi
1209 1101 1343 1185 renuis,

264 1233 395 1294 aeterna
416 1221 640 1314 proponitur:
668 1241 831 1291 severum
852 1219 1002 1291 iudicem
1023 1221 1227 1305 metuebas;
1250 1223 1343 1314 pium

262 1354 396 1440 patrem
424 1341 599 1414 invenisti.
636 1340 804 1429 Quomodo
833 1343 1011 1413 miseretur
1043 1354 1142 1436 pater
1176 1345 1342 1437 filiarum,

262 1470 413 1538 misertus
433 1477 480 1536 est
496 1465 658 1535 Dominus
679 1467 867 1535 timentibus
891 1487 943 1549 se,
965 1486 1035 1536 uon
1057 1465 1139 1558 quia
1164 1467 1200 1539 id
1226 1477 1343 1542 nostra

262 1599 403 1682 peccata
423 1597 662 1660 mererentur:
683 1587 747 1659 sed
763 1586 846 1679 quia
862 1588 938 1682 ipse
955 1588 1119 1679 cognovit
1140 1587 1343 1680 figmentum

156 1727 160 1734 ·
262 1722 420 1782 nostrum
443 1720 478 1781 et
499 1711 700 1782 recordatus
721 1717 777 1780 est
797 1708 959 1801 quoniam
979 1709 1094 1803 pulvis
1117 1731 1250 1782 sumas.
1267 1712 1344 1782 Nau

262 1853 347 1922 ergo
382 1840 449 1901 tam
484 1829 635 1922 peccatis
669 1830 798 1900 nostris
830 1831 1003 1914 irascitur,
1034 1851 1140 1922 quam
1169 1831 1344 1923 fragilitati

263 1954 472 2046 compatitur
484 1962 520 2022 et
532 1950 768 2044 indigentibus
790 1972 890 2048 opem
913 1955 988 2024 lert.
1012 1954 1119 2028 Tanta
1140 1975 1198 2024 res
1217 1963 1284 2038 est,
1308 1966 1345 2028 ut

262 2098 330 2147 aon
351 2074 449 2146 facile
469 2073 644 2146 credenda
663 2073 833 2160 videatur,
855 2095 919 2169 pro
939 2076 1033 2145 malo
1053 2074 1191 2160 bonum,
1216 2079 1345 2168 proal-

261 2201 359 2269 fensa
379 2195 527 2286 gratiam
545 2195 675 2280 referri,
694 2195 739 2266 ab
756 2217 798 2266 eo
818 2197 1015 2290 praesertim
1033 2218 1138 2288 quem
1156 2197 1344 2270 offendisse

261 2328 330 2389 tam
357 2319 540 2411 indignum
562 2317 618 2401 sit,
648 2317 764 2410 etqui
791 2337 830 2388 se
851 2325 920 2389 tam
946 2317 1045 2388 facile
1067 2318 1179 2410 possit
1200 2319 1339 2401 ulcisci;

260 2440 435 2512 credenda
454 2451 569 2510 tamen
587 2439 680 2512 haud
699 2437 804 2511 dubie
824 2449 888 2523 est,
910 2449 946 2510 et
966 2439 1189 2531 agnoscenda
1210 2441 1343 2513 miseri-

259 2562 376 2634 cordia
396 2561 646 2655 Redemptoris‚
666 2563 843 2654 quoniam,
868 2573 905 2633 ut
925 2563 960 2632 in
974 2585 1016 2634 eo
1029 2562 1130 2645 libro,
1145 2584 1343 2656 quempro-

258 2683 466 2755 fondissime
487 2684 532 2756 de
553 2705 640 2755 vera
660 2683 826 2775 religione
843 2684 1024 2756 laudatum
1039 2683 1157 2763 edidit.
1171 2686 1276 2756 Pater
1296 2684 1343 2758 ait

259 2805 501 2898 Augustinus:
524 2828 592 2875 uon
613 2808 681 2874 iam
702 2806 762 2875 illa
781 2807 925 2875 hominis
949 2818 1158 2903 sacrosancta
1182 2809 1340 2901 susceptio

260 2939 291 2996 et
315 2926 462 3015 Vispiais
480 2935 597 3017 partus
617 2937 648 2995 at
667 2948 757 2996 mors
776 2927 863 2997 Filii
887 2929 951 2998 Dei
972 2951 1034 3022 pro
1059 2931 1153 3000 uobis
1177 2940 1209 3000 at
1232 2951 1341 3000 ruar-

259 3045 359 3115 rectio
386 3069 408 3115 a
432 3048 569 3114 mortuis
600 3057 631 3116 et
655 3050 691 3116 iu
718 3050 836 3131 culum
860 3053 1007 3122 ascensio
1040 3062 1071 3121 et
1103 3071 1269 3122 consessus
1299 3051 1342 3124 ad

259 3165 431 3236 deuterum
463 3165 576 3236 Patris
610 3179 641 3237 et
672 3180 882 3261 peecatorum
914 3171 1048 3241 abolitio
1079 3183 1110 3242 et
1127 3170 1251 3262 judicii
1274 3171 1341 3244 dics

218 3342 220 3346 a
261 3301 291 3359 et
327 3310 500 3386 corporum
531 3293 751 3378 resuscitatio,
787 3295 919 3386 capuita
952 3297 1135 3366 ieiunitate
1170 3297 1341 3368 Trinitatis

261 3425 292 3482 et
312 3416 530 3486 mutabilitate
551 3425 712 3485 creaturae
733 3414 913 3486 creduntur
934 3427 1080 3502 motum,
1104 3429 1135 3488 et
1152 3440 1219 3489 aaa
1242 3421 1340 3490 ctiam

261 3536 451 3608 iudicantur
484 3535 527 3608 ad
557 3540 678 3608 summi
706 3538 771 3608 Dei
801 3537 1074 3624 misericordiam,
1106 3563 1204 3631 quam
1228 3542 1343 3632 paneri

260 3662 405 3731 humano
425 3661 570 3743 euulsa,
588 3661 768 3751 pertinere.
789 3661 856 3732 Pro
876 3660 1005 3752 quihus
1025 3660 1198 3746 omnihus
1220 3661 1338 3746 amice,

260 3780 441 3852 admiratio
466 3781 566 3852 nobis
593 3780 715 3871 ingens
749 3783 859 3852 fateor
892 3790 1082 3876 stuporque
1113 3782 1278 3866 salubris,
1305 3792 1341 3852 et

260 3923 370 3995 pavor
389 3902 539 3974 devotas
560 3903 821 3998 amplectendus
842 3911 947 3997 atque
968 3904 1139 3976 tenendus
1160 3913 1226 3976 est.
1248 3906 1340 3990 Qua·

260 4023 351 4094 niam
379 4046 454 4093 uere
486 4025 647 4095 mirabilis
672 4026 709 4093 ia
734 4026 810 4095 altis
836 4025 1017 4110 Dominus,
1044 4047 1120 4096 uere
1145 4049 1286 4117 mwaus
1310 4037 1340 4096 et

261 4143 414 4212 terribilis
444 4165 542 4236 super
574 4146 767 4236 omnesqui
797 4147 833 4215 iu
865 4147 1006 4216 circuitu
1031 4148 1099 4216 eius
1129 4159 1229 4220 suat:
1257 4167 1339 4222 vere
