3062 4798
394 347 487 396 LIBER
508 345 776 396 sexrosoltotttus.
790 363 829 376 -·
840 343 994 396 uelsrout
1018 347 1079 396 xiv.
1203 335 1259 398 4οἸ

182 485 376 580 inquibus
408 496 443 556 et
479 484 677 555 Ciceronem
713 492 748 553 et
783 482 964 575 Virgilium
1003 489 1262 575 sequentesque

182 609 270 680 alios
295 610 402 679 muita
429 617 596 690 mutasse,
624 618 659 679 et
684 607 739 677 vel
767 605 971 677 auctoritate
996 608 1052 676 vet
1076 615 1261 678 consuetu·

182 730 263 803 dine
300 739 493 801 mutaturos
535 751 616 800 esse
656 750 726 799 non
767 728 812 799 sit
848 727 1003 798 dubium.
1044 730 1128 800 Haec
1162 729 1263 800 nimi-

183 873 261 923 rum
291 860 347 922 est
375 851 431 920 itta
463 851 685 943 perversitas,
718 872 822 943 quam
854 851 951 921 Pater
981 849 1197 942 Augustinus
1226 853 1261 924 in

183 961 461 1046 confessionibus
508 973 582 1043 suis
627 972 740 1044 desset.
789 971 894 1043 Cuius
943 970 1052 1044 verba
1098 972 1261 1065 quoniam

184 1096 268 1166 mihi
282 1098 488 1190 placuerant,
509 1105 544 1165 et
563 1094 623 1166 tibi
641 1095 806 1188 placitura
825 1102 922 1166 ratus
941 1095 1082 1166 inserui.
1108 1095 1193 1177 Vide,
1212 1095 1262 1165 in·

184 1217 270 1311 quit,
299 1218 436 1286 Domine
458 1217 544 1298 Deus
575 1239 679 1299 ineas,
714 1216 871 1306 quamodo
892 1217 1067 1310 diiigenter
1092 1219 1263 1286 observent

182 1341 246 1432 filii
267 1341 436 1409 dominnm
451 1350 552 1432 pacta
576 1339 761 1409 litterarum
787 1351 818 1408 et
842 1342 1060 1430 syliabarum,
1084 1348 1217 1430 accepta
1241 1359 1263 1407 σ

182 1461 346 1554 prioribus
366 1461 572 1545 locutoribus,
595 1472 625 1530 et
645 1483 665 1531 a
686 1472 716 1530 te
736 1472 870 1552 accepta
887 1473 1013 1530 aterna
1032 1471 1131 1552 pacto
1143 1482 1264 1552 perpe·

184 1595 248 1653 tuat
266 1583 381 1652 salotis
399 1584 580 1673 negligant,
602 1593 639 1652 at
663 1585 721 1672 qai
746 1584 806 1652 itta
833 1605 990 1652 sonorum
1010 1593 1122 1652 vetera
1138 1582 1264 1674 placita

185 1715 293 1774 teneat
308 1715 366 1774 ant
381 1702 503 1787 doceat,
522 1706 552 1774 si
568 1715 683 1775 eontra
701 1704 908 1798 disciplinam
924 1707 1174 1798 grammaticam
1192 1706 1264 1774 sine

183 1827 385 1918 aspiratione
403 1828 522 1918 prima
541 1829 676 1916 syttatoe
699 1828 853 1899 Ominern
873 1827 1008 1910 utana,
1025 1829 1129 1920 mapis
1148 1826 1265 1919 displi-

184 1958 253 2017 ceat
285 1947 484 2030 hominibus,
512 1968 611 2035 qnam
635 1950 666 2017 si
689 1961 805 2018 contra
831 1960 889 2018 tna
909 1960 1076 2040 proeoepta
1100 1949 1265 2018 hominem

183 2067 286 2138 oderit
304 2087 378 2136 cam
397 2069 559 2138 sichomo.
578 2068 686 2138 Multa
706 2068 753 2138 ibi
772 2079 939 2163 praeterea
962 2070 997 2140 in
1015 2070 1103 2142 hauc
1125 2079 1265 2139 seuten-

185 2190 265 2261 tiam
280 2187 447 2282 queritur,
465 2210 531 2260 nec
548 2188 686 2260 iniuste.
705 2190 791 2260 Cum
808 2189 899 2260 enim
912 2191 1108 2282 eloquentia
1122 2191 1166 2260 sit
1179 2210 1264 2282 pau·

183 2335 302 2384 corum
319 2312 432 2396 vaide,
452 2311 564 2384 virtus
577 2319 693 2382 aumas
711 2312 874 2394 omnium,
891 2312 983 2403 quod
1002 2319 1056 2382 est
1074 2331 1263 2403 paucorum

183 2455 305 2506 omnes
327 2445 507 2528 appetunt,
535 2435 630 2528 quod
651 2446 706 2506 est
725 2434 879 2506 omnium
902 2455 1014 2506 nemo.
1033 2435 1154 2527 Neque
1172 2434 1264 2506 enim

186 2555 251 2626 hoc
284 2558 519 2646 grammaticae
553 2567 686 2627 tantum
718 2555 968 2649 exprobratum
1002 2565 1115 2648 putes.
1154 2559 1265 2642 Quem
1316 2559 1321 2567 '

131 2749 144 2773 5
185 2677 267 2746 mihi
288 2689 465 2770 poetarum
486 2677 601 2763 dabis,
625 2680 686 2771 qui
706 2700 775 2749 nou
795 2678 891 2772 prius
916 2677 1022 2769 eligat
1043 2679 1115 2749 vita
1134 2678 1265 2750 claudi-

183 2819 263 2869 care
296 2822 400 2891 quam
424 2801 600 2872 carmine?
625 2803 735 2886 Quem
762 2801 978 2885 historicum,
1007 2803 1067 2894 qui
1096 2822 1174 2870 eum
1208 2821 1264 2870 res

90 2973 98 2978 -
185 2920 338 2992 omnium
361 2927 568 2996 saeculorum
590 2923 728 3006 titteris,
759 2923 1006 3014 memoriaeque
1031 2920 1262 3002 mandaverit,

184 3040 278 3132 quod
298 3063 400 3132 reges
418 3044 554 3134 egerint
574 3052 634 3114 aut
655 3045 778 3138 popuii,
802 3065 882 3135 quae
904 3066 1019 3116 rerum
1042 3043 1165 3123 series,
1184 3062 1265 3134 quae

185 3173 382 3252 temporum
408 3162 493 3232 alios
525 3163 690 3247 docuerit,
724 3166 810 3257 quid
843 3165 918 3256 ipse
951 3177 1043 3256 agat,
1079 3185 1263 3257 rerumque

186 3307 329 3357 suarum
383 3282 566 3366 ordinem,
614 3287 765 3377 vitaeque
807 3287 924 3358 brevis
970 3288 1115 3358 reddere
1159 3289 1264 3362 ratio·

186 3429 265 3478 nem
295 3406 380 3476 vetit
408 3415 467 3475 aut
505 3405 639 3475 valeat?
675 3406 745 3476 Iam
783 3417 821 3474 ut
858 3429 1055 3498 percurram
1094 3409 1261 3499 reliquos

186 3527 331 3598 ostende
359 3525 444 3597 mihi
474 3526 663 3610 rhetorem,
698 3525 759 3618 qui
784 3547 852 3596 non
880 3527 991 3618 magis
1018 3527 1184 3598 orationis
1205 3529 1266 3600 de·

187 3650 392 3721 formitatem
424 3649 566 3718 horreat
596 3669 700 3739 quam
741 3648 833 3718 vitae.
873 3647 1027 3720 Ostende
1066 3649 1151 3717 mihi
1191 3649 1266 3721 dia-

187 3771 343 3844 lecticum
371 3770 428 3864 qui
461 3792 528 3841 non
553 3769 599 3840 ab
625 3769 805 3842 affectibus
832 3769 980 3865 propriis
1006 3791 1112 3863 quam
1138 3792 1158 3842 a
1183 3792 1265 3843 con-

187 3895 400 3967 clusiuneuta
421 3893 512 3964 vinci
533 3891 628 3964 malit
654 3892 858 3964 adversarii.
882 3890 972 3964 Siteo
993 3892 1203 3964 aritmeticos
1230 3902 1266 3962 et

188 4023 382 4108 geometras
401 4015 460 4108 qui
478 4014 593 4087 omnia
610 4023 802 4098 numerant
820 4013 935 4086 omnia
950 4013 1146 4100 metiuntur,
1161 4013 1265 4085 unius

189 4136 313 4209 animae
333 4159 497 4212 numeros
519 4159 559 4209 ao
582 4121 762 4208 mensuras
790 4137 980 4229 negligunt.
1003 4137 1124 4210 Musici
1146 4158 1266 4209 nume·
