3062 4798
281 329 342 391 l00
625 342 666 390 un
687 341 788 391 nunus
809 339 1031 392 rturnrnnmus

282 479 464 571 utriusque
483 498 586 548 curas
614 478 786 569 longeque
811 477 963 549 dirersis
989 477 1272 572 occupationibus
1296 477 1362 550 cir·

282 601 478 673 cumdatam
497 601 603 670 vitam
626 599 718 670 novi.
745 597 869 670 Habito
889 598 1027 670 interim
1045 598 1079 670 in
1092 610 1253 672 extremo
1268 601 1361 672 urbis

281 693 515 797 ad'ocoiduarn
531 725 669 816 plagam
685 744 785 794 secus
800 721 972 794 Ambrosii
988 722 1182 794 Basilicam.
1202 721 1361 794 Salaber-

281 847 368 918 rima
388 846 513 917 domus
531 856 598 931 est,
618 848 747 917 laevum
765 845 810 916 ad
827 844 986 918 ecclesiae
1003 847 1110 925 latus,
1129 866 1210 939 quae
1226 857 1307 916 ante
1324 867 1360 916 se

279 969 480 1064 plumbeum
509 969 626 1061 templi
656 969 894 1062 pinnaeulum,
923 967 1149 1062 geminasque
1181 979 1295 1039 turres
1327 970 1361 1038 in

279 1093 462 1184 ingressu,
485 1103 577 1163 retro
603 1103 719 1163 autem
748 1091 876 1163 moenia
897 1090 992 1162 urbis
1013 1103 1048 1162 et
1068 1092 1269 1164 frondentes
1294 1094 1361 1164 late

280 1237 383 1305 agros
406 1225 511 1306 atque
528 1215 625 1308 alpes
647 1213 813 1307 prospicit
828 1214 972 1285 nivosas
993 1222 1115 1286 aestate
1135 1214 1203 1285 iam
1225 1224 1360 1286 exacta.

279 1336 572 1409 iucundissimum
587 1345 703 1407 tamen
719 1359 766 1406 ex
779 1335 942 1408 omnibus
957 1340 1191 1430 spectaculum
1201 1337 1358 1421 dixerim,

280 1460 373 1552 quod
395 1481 500 1544 aram,
520 1482 624 1552 quam
645 1481 715 1529 non
736 1460 786 1553 (ut
802 1461 846 1532 de
868 1459 1030 1532 Africano
1050 1463 1196 1553 loquens
1218 1459 1358 1554 Seneca)

281 1582 504 1674 sepulchrum
523 1581 605 1653 tanti
626 1582 689 1653 viri
706 1582 817 1652 luisse
840 1582 1010 1676 suspicor,
1038 1583 1102 1654 sed
1128 1582 1214 1666 scio,
1241 1581 1361 1673 imagi-

279 1725 429 1796 nemque
443 1703 518 1774 eius
534 1702 680 1774 summis
694 1703 884 1795 parietibus
898 1714 1090 1791 extantem,
1107 1729 1211 1798 quam
1226 1706 1273 1775 illi
1286 1707 1361 1776 viro

281 1824 490 1895 simillimam
509 1827 600 1896 fama
617 1827 692 1909 lert,
712 1847 807 1920 saepe
826 1827 1097 1901 venerabundus
1114 1829 1150 1898 in
1169 1849 1258 1898 saxo
1277 1849 1360 1922 pene

279 1947 399 2016 vivam
414 1947 671 2041 spirantemque
690 1947 851 2041 suspicio.
868 1948 907 2019 ld
921 1950 1005 2020 milri
1024 1972 1090 2023 non
1109 1951 1199 2020 laeve
1215 1949 1360 2044 pretium

281 2071 476 2142 adventus:
497 2070 565 2142 dici
585 2070 677 2142 enim
691 2094 768 2142 non
789 2081 903 2164 potest
921 2080 1050 2165 quanta
1071 2073 1193 2143 frontis
1214 2069 1362 2143 auctori-

209 2293 211 2295 ·
281 2204 344 2280 tas,
358 2204 487 2286 quanta
501 2193 664 2266 maiestas
684 2193 867 2286 supercilii,
887 2203 1018 2288 quanta
1035 2195 1264 2288 tranquillitas
1281 2217 1361 2266 ocu-

281 2319 416 2388 lorum:
437 2339 510 2389 vox
529 2319 602 2388 sola
624 2316 772 2390 defuerit
791 2317 913 2387 vivum
932 2325 970 2389 ut
986 2339 1109 2390 cernas
1127 2315 1360 2388 Ambrosium.

280 2442 363 2511 Haec
382 2440 564 2513 hactenus.
589 2441 701 2512 Huius
722 2439 837 2511 autem
863 2461 971 2510 morae
998 2441 1163 2532 spatium,
1190 2461 1271 2512 cum
1296 2435 1362 2531 pri-

282 2585 376 2634 mum
398 2563 482 2634 mihi
499 2585 581 2636 esse
601 2573 720 2635 notum
741 2562 894 2656 coeperit,
916 2561 973 2633 tibi
996 2562 1209 2654 incognitum
1231 2585 1299 2634 non
1317 2559 1362 2634 si·

281 2711 373 2760 nam.
392 2688 488 2759 Vale.

423 2835 582 2906 Mediolani,
599 2835 633 2890 X.
652 2833 791 2920 Kalendas
806 2831 990 2904 Septembris,
1006 2835 1069 2886 ante
1082 2831 1183 2886 lucem.

695 3195 873 3262 EPISTOLA
894 3197 951 3260 ΧΠ.

360 3367 553 3420 FRANCISGUS
577 3342 746 3418 Parauaea
767 3367 945 3417 Fatuclsco
967 3366 1072 3415 aaroni
1094 3364 1285 3415 SANGTORUM

629 3473 862 3523 APOSTOLORUM
883 3472 908 3520 S.
932 3473 959 3520 Ρ.
982 3472 1012 3519 D.

319 3615 425 3681 Quibus
438 3613 614 3686 potissimum
630 3609 769 3666 rationum
785 3609 934 3664 momentis
949 3607 1000 3664 sihi
1016 3608 1099 3662 luerit
1113 3623 1278 3680 persuasum
1293 3611 1325 3660 ut

360 3703 477 3760 Iohanni
492 3702 649 3758 vicecomiti
664 3718 771 3756 morem
788 3705 911 3772 gereret,
928 3703 955 3754 el
969 3697 1117 3753 Mediolani
1132 3697 1304 3752 consisteret.

377 3921 421 3990 Et
441 3893 669 3992 familiaribus
691 3919 785 3992 curis
804 3918 900 4003 meis,
920 3917 1048 4010 quibus
1067 3917 1159 3987 nulla
1181 3935 1260 4007 pars
1277 3897 1363 3983 tem-

279 4041 373 4133 poris
385 4053 496 4127 vacat,
508 4053 545 4114 et
559 4042 900 4134 necessariaequieti,
916 4062 996 4134 quae
1009 4043 1065 4111 vel
1078 4039 1123 4111 ab
1137 4038 1246 4109 invito
1260 4056 1363 4108 suurn

279 4160 404 4248 exigit,
427 4171 463 4233 et
487 4164 667 4234 nocturnis
688 4164 750 4234 Dei
770 4161 941 4246 laudibus
964 4183 1054 4254 quas
1072 4161 1219 4250 ingratae
1237 4154 1362 4228 mentis
