3062 4798
378 363 471 412 trusa
494 363 1012 416 suertuusnucruus.—srtsrout
1033 368 1076 417 ur.
1208 355 1263 416 tet

79 475 83 495 '
183 499 375 581 Thessalia,
399 498 456 569 ubi
492 521 531 570 se
563 498 674 594 ipsam
692 498 841 592 propriis
860 498 1019 572 manibus
1041 502 1123 574 vicit
1144 503 1263 599 Roma.

182 622 268 704 Quae
295 621 323 690 si
346 622 574 692 antefactum
597 621 630 690 in
653 621 805 692 animum
825 621 1018 707 venissent,
1040 625 1264 698 scivissemus

182 753 216 815 et
234 744 375 814 lanuam
403 743 495 815 vinci
527 765 642 838 posse.
678 743 746 815 Sed
782 743 828 814 ita
854 753 927 815 est:
957 767 1076 818 amara
1101 750 1264 840 cogitatio

181 869 321 950 gustum
341 880 448 950 aegrae
466 860 591 930 mentis
617 859 767 932 offendit.
790 861 859 932 Vix
880 863 1014 955 estqui
1035 863 1181 935 libenter
1206 887 1264 937 co·

180 983 267 1074 gitet
290 981 384 1074 quod
415 991 588 1075 torqueat;
616 983 797 1074 cogitantis
823 984 923 1055 facile
953 985 1089 1058 animus
1116 986 1160 1058 ad
1186 987 1264 1058 dul·

179 1103 271 1175 ciera
291 1105 514 1176 convertitur.
536 1107 612 1197 Ego
632 1106 773 1198 quidem
795 1106 839 1178 de
861 1129 915 1178 me
936 1110 1052 1192 fateor,
1075 1131 1142 1179 non
1168 1110 1262 1202 cogi·
1349 1093 1353 1101 ’

179 1238 333 1298 taveram
355 1229 444 1300 diem
468 1229 560 1301 bunc
580 1230 721 1314 videre,
748 1253 815 1302 non
844 1233 938 1324 quod
969 1234 1140 1305 nescirem
1164 1237 1262 1307 volu·

178 1347 280 1420 bilem
308 1352 455 1421 lortunae
486 1361 614 1434 rotam,
655 1353 718 1424 sed
751 1352 881 1426 virtute
906 1356 1036 1428 eximia
1070 1355 1259 1429 sistendam

177 1470 290 1554 rebar,
318 1481 354 1542 et
378 1475 511 1544 collatis
542 1474 700 1545 externis
727 1475 925 1547 nationibus
951 1498 1032 1569 quae
1051 1499 1144 1550 mare
1163 1501 1260 1552 acco-

176 1595 262 1676 lunt,
288 1595 499 1688 spondebam
523 1597 607 1666 mibi
634 1606 820 1690 perpetuos
840 1620 1039 1670 successus.
1074 1602 1146 1672 Hoc
1176 1623 1260 1694 spe-

176 1716 249 1786 ravi
270 1718 390 1800 lateor,
417 1719 482 1789 hoe
502 1718 591 1802 dixi,
617 1718 681 1790 boc
701 1718 853 1812 denique
875 1709 1011 1817 scriptis
1033 1722 1175 1795 inserui.
1197 1724 1259 1794 Vis

174 1837 296 1908 audire
318 1861 481 1931 magnam
517 1842 695 1936 scriptoris
717 1843 928 1916 audaciam?
960 1845 1030 1917 Nec
1064 1846 1146 1917 dum
1174 1831 1260 1916 seriss

173 1959 291 2051 psisse
317 1983 372 2032 me
397 1963 554 2055 poenitet,
583 1986 662 2034 cum
691 1974 807 2035 tamen
837 1967 962 2038 falsum
991 1989 1047 2037 me
1074 1966 1258 2059 scripsisse

172 2085 299 2154 falsum
322 2104 484 2177 sperasse
503 2107 558 2157 res
582 2095 717 2178 arguat.
740 2087 831 2170 Quid
854 2088 981 2178 igitur‘l
1001 2087 1055 2158 An
1077 2090 1257 2160 mentitum

171 2227 253 2277 esse
274 2227 343 2276 non
364 2207 494 2300 pudet‘l
519 2207 822 2300 Puderetutique,
851 2208 881 2279 si
907 2210 1089 2280 mentitum
1109 2232 1164 2280 me
1182 2231 1258 2280 cre-

172 2330 310 2413 derem;
329 2354 422 2402 nunc
454 2353 538 2403 uero
562 2332 608 2402 ita
638 2329 777 2402 demum
814 2331 896 2402 mihi
930 2332 1093 2404 victorias
1121 2353 1258 2425 semper

172 2462 208 2524 et
227 2452 420 2524 felicitatem
440 2467 640 2547 perpetuam
661 2452 861 2549 pollicebar,
886 2454 915 2523 si
933 2453 1046 2526 civilis
1068 2456 1183 2528 unitas
1204 2460 1257 2530 in-

172 2578 289 2646 fractae
319 2575 514 2648 concordiae
547 2598 616 2646 non
652 2576 806 2647 deesset:
838 2595 919 2668 quae
952 2579 1105 2669 prolecto
1133 2580 1254 2652 defuit.

172 2697 259 2771 Sunt
275 2698 335 2790 qui
352 2698 433 2770 odio
445 2698 545 2771 ducis
559 2697 670 2769 victos
694 2719 758 2769 sna
780 2707 902 2791 sponte
924 2697 1051 2768 milites
1067 2699 1254 2785 affirment3

172 2818 314 2911 quodsi
346 2822 392 2892 ita
413 2832 476 2905 est,
509 2842 639 2892 novum
668 2841 734 2892 non
756 2830 821 2892 est.
841 2822 921 2892 Tale
948 2821 1029 2893 olim
1056 2821 1186 2915 aliquid
1208 2845 1254 2894 ex

171 2940 325 3014 historiis
348 2944 490 3016 scimus.
517 2945 605 3014 Sunt
625 2943 684 3035 qui
706 2942 785 3015 odio
812 2944 957 3016 militum
985 2947 1076 3016 ultro
1102 2946 1254 3018 cessisse

171 3065 296 3137 ducem
316 3068 449 3147 ferant;
470 3066 565 3157 quod
587 3066 615 3136 si
636 3066 812 3139 credimus
828 3069 1026 3160 exemplum
1045 3067 1165 3160 flagitii
1184 3091 1253 3139 non

170 3187 331 3260 occurrit.
352 3185 467 3254 Unum
488 3194 544 3256 est
569 3188 663 3279 quod
696 3191 832 3290 penitus
863 3201 989 3262 moesto
1021 3213 1076 3262 me
1110 3200 1252 3284 stupore

170 3306 413 3390 circumdedit,
436 3307 531 3399 quod
549 3307 593 3378 ad
614 3307 762 3401 primum
778 3312 925 3380 fortunae
947 3291 1251 3383 vulnusconster-

170 3443 270 3504 natos
296 3432 493 3523 fractosque
514 3430 648 3500 animos
669 3427 786 3513 video,
809 3451 898 3522 quos
924 3431 1088 3523 putabam
1110 3455 1178 3504 una
1199 3435 1251 3502 in-

170 3575 258 3645 gens
278 3553 307 3624 si
334 3552 434 3624 ruina
455 3554 580 3625 coelum
601 3573 703 3624 omne
731 3554 940 3625 convelleret
962 3573 1173 3646 oppressura
1192 3575 1250 3626 es-

170 3685 222 3747 set
251 3676 437 3748 interritos.
471 3675 760 3768 Quandoquidem
793 3675 860 3746 buc
890 3698 910 3746 e
939 3675 1098 3769 proximo
1124 3677 1248 3768 raptim

169 3799 313 3878 nuntius
333 3800 429 3870 venit
449 3801 577 3871 infelix.
601 3799 680 3871 Nox
701 3808 777 3870 erat
793 3809 828 3869 et
844 3811 929 3870 atrae
946 3799 1038 3870 noeti
1054 3801 1248 3872 accessisse

168 3924 252 3994 mibi
277 3923 365 3995 visae
391 3933 473 3994 sunt
498 3923 664 3995 tenebrae:
692 3931 764 3994 toto
789 3943 933 4016 corpore
959 3930 1100 4013 totoque
1131 3923 1247 3994 anime

168 4047 339 4119 cohorrui.
369 4048 414 4119 Ut
440 4069 496 4119 me
522 4045 694 4138 recollegi,
722 4047 892 4117 calamum
926 4053 1074 4118 moestus
1105 4043 1245 4138 arripui.

167 4168 288 4261 Longa
301 4170 475 4243 scribendi
488 4169 767 4254 materiaaderat,
781 4170 890 4240 multa
901 4169 1008 4253 dolor,
1022 4166 1246 4240 multadicta-
