3024 4802
195 465 198 471 .
302 417 360 478 550
641 425 681 474 na
702 425 803 475 nenos
823 425 1045 476 vanruvnmnus

300 589 356 640 me
376 587 481 638 nosse
503 564 688 649 suffecerit,
704 561 770 634 hoc
790 562 936 647 adiecto,
954 562 1120 657 sospitem
1141 562 1318 636 reducem.
1341 567 1383 637 ll-

301 690 360 762 lud
382 690 491 784 pluris
512 689 617 761 iacies
638 709 743 781 quam
764 687 930 771 reditum,
958 709 1064 780 quam
1098 689 1259 773 salutem,
1290 690 1383 782 quod

300 809 421 883 orbem
455 824 637 894 terrarum,
670 832 741 902 qno
776 808 890 900 magis
925 809 1041 880 ambio
1069 809 1189 881 minus
1222 833 1315 883 amo.
1349 813 1383 883 Si

299 933 385 1028 quid
405 931 551 1005 amabile
575 944 642 1017 est,
665 933 731 1003 nisi
754 953 852 1003 amor
871 932 971 1017 fallit,
993 933 1028 1002 in
1050 933 1147 1006 ltalia
1167 945 1237 1019 est,
1256 934 1314 1006 oui
1333 937 1384 1008 ul-

301 1070 354 1129 tro
373 1056 402 1128 si
423 1055 517 1149 loqui
536 1055 686 1147 possint,
702 1056 816 1126 omnia
834 1055 973 1126 climata
990 1054 1174 1140 cesserint,
1189 1067 1225 1128 et
1238 1058 1384 1131 tacendo

300 1182 442 1266 cedunt,
463 1179 544 1264 nisi,
567 1178 661 1271 quod
683 1188 832 1250 moestus
858 1177 948 1264 dico,
983 1190 1120 1250 naturae
1147 1179 1382 1264 clementiam,

300 1307 492 1375 incolarum
513 1316 629 1375 tumor
649 1299 809 1395 livorque
830 1314 1081 1395 corrumperet.
1103 1303 1152 1374 De
1172 1301 1280 1375 huius
1311 1305 1386 1375 lau-

298 1423 403 1496 dibus
424 1425 530 1496 multa
550 1445 644 1517 saepe
664 1423 819 1495 diximus
840 1423 919 1494 etsi
938 1423 1010 1496 vita
1024 1423 1194 1497 manserit
1213 1424 1382 1497 dicemus.

300 1547 369 1620 Sed
390 1571 482 1619 nunc
503 1547 633 1619 recenti
652 1545 818 1618 memoria
837 1545 883 1617 de
901 1545 956 1617 his
977 1543 1116 1618 mixtim
1136 1567 1219 1639 quae
1238 1557 1274 1617 et
1285 1567 1386 1640 pere-

300 1672 449 1762 grinanti
472 1693 511 1742 se
531 1667 742 1752 obtulerant,
778 1681 814 1740 et
845 1689 1004 1754 reverse,
1032 1667 1148 1741 dicere
1180 1667 1315 1762 aliquid
1335 1669 1385 1740 in-

301 1795 410 1868 stitui.
432 1795 609 1865 Ceterum
633 1793 663 1864 is
682 1793 783 1865 cuius
804 1814 824 1864 e
844 1815 951 1864 manu
972 1794 1064 1865 hano
1084 1793 1272 1866 litterulam
1297 1796 1385 1868 acei-

299 1917 374 2010 pies
392 1915 547 1988 concivis
560 1926 596 1987 et
608 1917 740 1988 amicus
758 1926 893 2000 noster,
908 1915 1081 1988 nonenim
1095 1927 1255 1988 nostrum
1270 1918 1384 1990 dicere

298 2060 423 2110 vereor
442 2037 501 2131 qui
523 2061 621 2110 meus
648 2048 716 2124 est,
735 2040 844 2110 multa
866 2038 941 2124 tibi,
964 2060 1033 2110 non
1055 2037 1148 2110 addo
1166 2039 1195 2110 si
1218 2039 1376 2122 libuerit,

299 2164 423 2235 referet
442 2161 487 2234 de
508 2173 601 2234 statu
622 2183 713 2247 meo,
735 2162 835 2234 cuius
860 2159 1028 2234 noscendi
1060 2171 1154 2234 tuam
1188 2160 1381 2255 inexplebi-

206 2283 209 2290 ’
299 2287 364 2357 lem
391 2305 432 2356 ao
453 2296 659 2380 perpetuam
681 2283 772 2356 sitim
792 2283 884 2356 novi.
911 2286 997 2357 Vale
1030 2294 1065 2357 et
1099 2285 1250 2357 maiores
1283 2306 1379 2356 meas

299 2406 498 2503 propediem
520 2406 664 2491 litteras,
681 2396 752 2478 nisi
766 2405 1050 2500 occupationibus
1071 2417 1182 2493 veter,
1196 2415 1355 2500 expecta.

439 2551 597 2621 Mediolani,
614 2551 675 2607 XII.
693 2551 754 2607 Kal.
773 2553 910 2609 Octobris.

797 2761 875 2770 'un—-

710 2965 889 3028 EPISTULA
911 2968 969 3030 XV.

376 3147 569 3213 FRANGISCUS
589 3150 758 3200 PETRARGA
780 3153 958 3204 ananelsco
979 3155 1086 3204 Puteal
1106 3153 1299 3205 SANCTORUM

647 3254 880 3306 APOSTOLORUM
902 3258 928 3307 S.
949 3259 977 3307 Ρ.
999 3259 1030 3309 b.

356 3419 434 3484 Quod
449 3419 544 3474 multis
559 3420 681 3489 negociis
695 3419 832 3477 distentus
846 3423 1012 3496 promissam
1029 3424 1063 3478 de
1078 3423 1156 3479 Italia
1171 3423 1317 3496 epistolam

626 3511 660 3564 ad
676 3527 741 3565 eum
757 3512 867 3566 mittere
881 3512 1046 3584 nequiverit.

390 3739 511 3812 Poscis
532 3748 570 3810 ut
586 3737 768 3832 epistolam
787 3739 830 3810 de
849 3739 955 3811 ltaliae
981 3739 1141 3813 laudibus
1173 3764 1280 3834 quam
1317 3742 1375 3813 tibi

293 3862 465 3955 pollicitus
482 3859 631 3933 videbar
650 3883 718 3932 non
749 3859 965 3932 subtraham.
987 3863 1177 3936 Enimvero
1197 3865 1282 3936 nibil
1303 3866 1377 3939 ani-

293 4006 350 4055 mo
368 4006 446 4055 meo
467 3983 601 4076 gratius
621 4006 727 4078 quam
750 4005 846 4077 saepe
866 3987 973 4056 multa
996 3995 1109 4057 tecum
1129 3988 1291 4081 colloqui.
1306 3989 1377 4059 Nec

294 4103 427 4175 inficior
459 4128 571 4197 nuper
597 4129 667 4191 me,
696 4108 780 4178 dum
813 4131 895 4179 ruva
926 4106 1107 4180 barbarica
1133 4132 1374 4204 peragrarem,

293 4225 401 4291 multa
422 4233 458 4292 et
484 4226 579 4295 varia
606 4247 687 4318 quae
719 4228 765 4299 de
795 4231 899 4302 buius
932 4232 1094 4306 laudibus
1128 4233 1197 4306 dici
1231 4244 1377 4329 possent
