2958 4804
326 351 418 400 LIBER
440 351 937 404 nuctuusrnurtua-ttrtsrom
959 359 986 406 V.
1158 347 1214 409 &ii

140 487 187 554 nil
203 485 300 556 aliud
315 508 420 579 quam
437 486 590 558 charitas
606 488 807 560 amicorum.
825 493 902 582 Ego
919 493 1011 562 enim
1029 513 1156 584 inagna
1171 516 1218 566 ex

139 619 236 701 parte
257 609 328 680 iam
354 610 486 682 dudum
513 612 758 704 cupiditatibus
784 611 888 684 tinem
912 614 989 697 feei,
1012 614 1126 707 itaque
1150 616 1217 687 iam

138 730 355 824 deponendis
380 753 421 803 ac
445 733 651 827 spargendis
679 756 783 828 quam
814 735 1047 827 aggregandis
1072 739 1220 810 fortunae

140 854 260 950 spoliis
275 855 473 947 occupatior
490 877 578 928 sum.
597 857 695 928 Nunc
712 857 796 928 mihi
812 859 861 942 nil
881 857 1020 952 penitus
1037 881 1219 933 commune

139 999 219 1049 cum
239 979 339 1048 curia
358 988 427 1061 cst;
449 999 626 1071 nunquam
647 980 899 1053 concordarunt
924 1003 1057 1068 mores3
1080 985 1110 1054 si
1135 986 1220 1078 quid

140 1099 340 1194 cupiditatis
361 1101 483 1186 inerat,
508 1101 669 1185 evanuit;
694 1125 788 1196 quae,
817 1102 875 1175 ubi
906 1127 987 1200 spes
1014 1107 1217 1192 accesserit,

141 1224 273 1296 odiosis
291 1225 327 1294 in
344 1225 427 1296 locis
446 1245 541 1320 saepe
553 1247 618 1297 nos
632 1225 776 1298 detinet:
791 1249 873 1321 spes
887 1227 979 1298 enim
997 1239 1033 1300 et
1049 1229 1219 1325 cupiditas

142 1358 301 1421 catenam
323 1349 489 1433 efficiunt,
513 1370 582 1442 qua
598 1349 738 1420 vinctus
755 1349 929 1424 humanus
949 1352 1085 1424 animus
1104 1364 1223 1424 extra-

142 1494 208 1564 que
231 1470 376 1542 ratinnis
397 1471 580 1564 imperium
598 1481 732 1566 raptus
752 1475 859 1544 multa
878 1495 1003 1566 aspera
1023 1485 1058 1546 ct
1078 1474 1221 1566 indigna

144 1595 347 1689 perpetitur.
369 1594 456 1665 Veni
477 1615 543 1686 ego
562 1616 632 1667 non
651 1595 849 1688 cupiditate,
872 1617 941 1666 non
963 1617 1025 1690 spe
1045 1599 1129 1680 ulia,
1158 1597 1222 1669 sed

144 1718 312 1790 charitate
329 1727 472 1817 tractus,
488 1718 624 1791 utdixi.
639 1719 855 1790 Venientem
869 1720 1088 1810 tocignarus,
1103 1739 1222 1792 causae
1241 1731 1245 1740 '

145 1844 299 1927 nescius
323 1864 391 1913 non
412 1841 540 1914 oblitus
563 1854 677 1913 tamen
694 1842 777 1913 ittud
795 1840 933 1913 Annaei:
961 1841 1068 1936 Tarpa
1087 1855 1134 1913 est
1153 1865 1222 1914 uon

146 1966 205 2050 ire,
223 1965 282 2035 sed
296 1967 390 2056 ferri,
411 1977 441 2036 et
457 1969 494 2035 in
507 1963 612 2036 medio
629 1987 740 2034 rerum
759 1967 889 2034 turbiue
901 1976 1085 2058 stupentem
1098 1964 1222 2036 dicere:

146 2091 205 2159 huc
226 2111 285 2182 epo
311 2085 582 2179 quemadmodum
602 2088 703 2158 ceni?
727 2087 952 2158 Memineram
972 2089 1085 2180 plane,
1106 2087 1223 2159 detre-

145 2213 320 2304 ctantique
353 2193 483 2283 abitum
516 2210 564 2281 nil
596 2208 753 2282 crebrius
787 2208 1002 2281 occursabat.
1038 2209 1107 2280 Sed
1139 2209 1223 2302 quid

147 2338 309 2427 agerem?
327 2337 404 2406 Duo
424 2334 472 2405 itti
495 2333 667 2427 principes
691 2332 858 2404 Ecclesiae
884 2354 939 2404 me
958 2331 1116 2404 certatim
1140 2353 1225 2402 evo-

147 2457 286 2541 cabant,
310 2477 408 2550 quoa
430 2459 528 2529 velut
560 2456 650 2528 duos
675 2465 792 2528 tauros
814 2455 1059 2539 vatidissimos,
1088 2457 1224 2549 lateque

149 2580 275 2652 Christi
296 2589 482 2672 regnantes
503 2580 539 2650 in
560 2580 708 2675 pascuis,
731 2601 819 2671 grex
840 2578 1033 2650 dominicus
1054 2601 1145 2650 nunc
1162 2578 1226 2648 ba-

149 2704 215 2786 bet,
238 2727 388 2800 quorum
409 2727 463 2776 me
484 2706 571 2776 alter
592 2703 771 2776 veteribus
793 2701 986 2788 beneficiis,
1006 2705 1092 2775 alter
1109 2703 1226 2796 inspe-

149 2843 220 2900 rata
246 2838 283 2900 et
307 2849 398 2901 nova
418 2827 526 2920 ignoti
546 2826 695 2898 hominis
716 2826 972 2909 benevolentia,
994 2801 1099 2896 famae
1117 2824 1225 2895 solius

151 2949 382 3022 testimoninm
417 2959 574 3033 secutuS,
608 2947 855 3019 obstrinxerat.
877 2944 1046 3041 Superbia
1069 2946 1148 3018 visa
1172 2957 1227 3016 est

150 3094 254 3144 voces
275 3072 411 3145 iliorum
434 3091 613 3164 spernere,
635 3093 725 3164 quos
742 3093 844 3162 reges
866 3091 907 3142 ac
927 3070 1098 3164 principes
1119 3091 1225 3141 vene-

152 3198 284 3273 rantur,
318 3197 353 3260 et
384 3188 577 3282 prasertim
612 3207 719 3258 voces
751 3187 879 3280 quibus
914 3187 1042 3258 summi
1075 3187 1226 3280 pastoris

151 3308 265 3380 inesse
291 3310 464 3382 diceretur
489 3306 697 3380 auctoritas:
719 3331 946 3402 quamquam,
970 3309 999 3378 si
1020 3309 1088 3379 iarn
1109 3329 1226 3380 essem

152 3442 187 3504 ut
204 3430 279 3504 fieri
300 3432 402 3526 cupio
422 3444 457 3503 et
476 3431 568 3503 nitor
589 3440 637 3516 ct,
660 3443 698 3502 ut
717 3454 842 3504 verum
863 3431 985 3514 fatear,
1011 3428 1125 3501 adhuc
1148 3451 1227 3521 spe-

153 3577 200 3638 ro,
224 3556 342 3649 sperni
362 3556 479 3628 omnia
502 3563 679 3650 poterant,
707 3557 779 3627 sola
806 3567 845 3627 ut
869 3557 969 3649 quies
997 3554 1103 3625 animi
1130 3556 1227 3625 salva
1335 3529 1342 3538 ¹

153 3689 255 3750 esset.
266 3677 398 3750 Audias
407 3689 522 3750 tamen
534 3701 603 3750 non
612 3678 707 3772 quod
720 3679 778 3771 agi
790 3677 919 3763 debuit,
931 3677 994 3750 scd
1006 3676 1100 3769 quod
1112 3687 1227 3748 actum

154 3812 215 3873 est.
248 3803 294 3872 Et
323 3803 407 3896 quid
439 3806 562 3897 putas?
587 3803 707 3874 Omnis
740 3800 943 3872 insidiarum
972 3819 1088 3872 scaena
1116 3798 1229 3893 primo

154 3926 235 3996 mibi
255 3925 366 4021 patuit
385 3926 548 3998 adventu.
571 3925 672 4010 Quod
694 3926 723 3996 si
742 3945 864 3996 ornnes
890 3922 1075 4025 ambagum
1100 3925 1249 3992 formas·

155 4071 355 4122 enumerem
367 4049 507 4145 quibus,
520 4065 590 4122 uon
603 4049 678 4120 sine
691 4046 924 4139 indignatione
937 4067 1013 4118 mea
1026 4066 1140 4138 neque
1154 4044 1229 4115 sine

156 4171 343 4244 amicorum
369 4171 541 4265 suspiriis,
564 4193 655 4242 unus
680 4170 763 4240 mihi
789 4169 847 4240 ubi
874 4169 1013 4241 minime
1038 4166 1228 4241 voluissem
