2988 4800
592 350 630 394 111]
653 350 752 396 ttdltt's
776 350 996 398 lllltltltltlttt's

674 633 849 696 uulstotn
869 634 914 695 lx.

437 819 630 870 Futnotscus
652 821 821 870 Psuutuct
843 821 1019 870 FRANCISCO
1042 823 1147 870 Pssloffl

497 925 687 974 SANCTORUM
710 925 940 974 teosuotouun
962 927 987 974 S.
1010 925 1037 973 P.
1061 929 1090 974 Ι).

335 1105 369 1158 Se
384 1104 457 1158 curis
472 1103 603 1158 obrutum
618 1110 711 1158 tamen
726 1105 761 1158 ad
777 1104 954 1159 scribendum
969 1105 1072 1160 amoris
1086 1105 1112 1158 vi
1127 1105 1250 1176 impelli:

525 1211 596 1264 aegre
612 1194 695 1248 nimis
709 1194 737 1247 in
753 1195 829 1248 curia
844 1195 934 1249 adhuc
948 1196 1059 1250 morari.

352 1469 534 1560 Nunquam
559 1478 627 1539 tam
649 1467 822 1541 obstinato
841 1469 975 1541 silentio
992 1469 1132 1542 deditus
1152 1470 1217 1550 lui,
1239 1469 1333 1561 quod

250 1591 348 1663 facile
370 1599 430 1661 tua
451 1590 614 1662 mellillua
634 1613 704 1662 vox
728 1614 795 1662 non
818 1593 899 1661 mihi
922 1604 1043 1687 posset
1064 1603 1253 1665 excutere:
1280 1592 1333 1664 id-

251 1736 319 1806 que
338 1736 418 1786 cum
441 1735 536 1807 saepe
557 1713 658 1794 aliae,
683 1714 880 1786 tum‘hodie
913 1737 991 1788 sum
1012 1726 1190 1810 expertus.
1213 1715 1332 1787 Taedio

250 1837 391 1928 quidem
412 1835 555 1905 affectus
587 1845 622 1906 et
654 1834 687 1904 in
722 1835 843 1930 primis
874 1860 991 1908 rerum
1012 1837 1193 1910 curialium
1214 1842 1330 1909 lessus

250 1981 356 2032 eram.
372 1957 603 2030 Accesserant
619 1957 806 2030 familiares
819 1959 977 2051 epistolae
995 1962 1039 2034 ad
1056 1961 1200 2045 amicos
1216 1961 1330 2032 conci-

254 2104 330 2168 veS,
357 2083 401 2154 ad
427 2094 592 2154 externos
619 2104 758 2175 quoque
784 2083 851 2154 suh
877 2084 967 2156 idem
995 2097 1131 2178 tempus
1158 2084 1328 2177 plurimae.

251 2203 419 2290 Quamvis
450 2203 543 2276 euim
570 2203 717 2286 iuvituS,
741 2204 942 2276 melioribus
977 2205 1187 2277 subductum
1219 2205 1328 2288 ouriS,

250 2351 318 2401 nou
339 2329 507 2420 exiguum
529 2327 623 2398 iniis
644 2337 782 2420 tempus
801 2329 977 2420 expendo,
999 2339 1145 2419 cogente
1162 2349 1330 2400 verecun-

250 2451 317 2533 dia,
336 2474 381 2522 ue
395 2459 455 2522 aut
474 2474 554 2522 cum
575 2449 693 2522 amicis
715 2451 881 2522 rationem
900 2451 960 2523 otii
979 2473 1046 2522 uon
1064 2450 1204 2534 habere,
1224 2473 1328 2542 quam

251 2575 446 2648 habendam
468 2575 551 2645 Cato
572 2573 720 2656 censuit,
745 2583 783 2644 ut
803 2575 907 2659 nosti,
927 2584 986 2646 aut
1002 2573 1143 2644 omuino
1164 2595 1328 2667 spernere

250 2698 412 2770 videare
433 2696 561 2789 quihus
595 2696 670 2790 ipse
698 2717 767 2766 nou
801 2719 956 2790 spernor.
980 2697 1133 2768 Tandem
1156 2697 1261 2789 igitur
1288 2696 1327 2766 iis

250 2823 284 2892 in
307 2821 411 2892 rebus
432 2841 560 2911 magna
579 2818 647 2917 diei
670 2830 767 2912 parte
787 2830 1009 2911 cousumpta,
1034 2841 1257 2890 surrexeram
1279 2822 1295 2889 l
1312 2860 1328 2870 -

250 2943 319 3014 rias
339 2951 481 3014 acturus
508 2941 553 3012 ad
574 2961 776 3032 vesperam,
804 2940 889 3012 dum
914 2964 994 3013 ecce
1021 2953 1161 3034 repente
1187 2951 1246 3012 tua
1272 2963 1327 3011 me

248 3063 359 3134 dulcis
385 3063 531 3157 epistola
557 3083 661 3132 manu
682 3063 910 3157 prehensum,
938 3065 1033 3157 quod
1057 3063 1125 3136 dici
1148 3066 1251 3148 solet,
1273 3086 1328 3134 re-

250 3185 356 3257 traxit
387 3185 431 3256 ad
468 3187 654 3268 calamum,
688 3195 724 3258 et
757 3185 907 3258 scrihere
931 3187 1046 3272 iussit,
1072 3196 1107 3256 ut
1128 3186 1176 3257 ait
1197 3185 1325 3258 Cicero.

248 3307 417 3379 Videbam
438 3306 530 3378 illam
552 3330 722 3403 responso
740 3331 948 3402 magnopere
966 3332 1034 3381 nou
1051 3330 1169 3401 egere,
1194 3307 1255 3380 sed
1275 3308 1326 3376 iu-

248 3429 355 3500 vabat
373 3430 521 3524 colloqui
542 3440 578 3502 et
596 3431 718 3504 horam
742 3432 849 3503 lando
879 3433 1071 3504 traducere.
1100 3433 1159 3502 llla
1184 3432 1324 3524 quidem

249 3563 319 3625 tota
339 3564 394 3626 est
413 3576 510 3626 amor
527 3564 563 3625 et
579 3555 730 3626 charitas
749 3567 784 3624 et
805 3553 892 3626 fides
911 3565 947 3625 et
964 3553 1141 3626 urbanitas
1163 3565 1206 3625 etv
1218 3555 1325 3646 lepos.

247 3679 355 3750 Multa
389 3687 470 3748 sunt
502 3678 631 3772 quibus
662 3678 787 3756 melius
821 3677 966 3750 tacendo
993 3677 1216 3772 respondeas.
1237 3675 1328 3762 Quid

205 3791 209 3801 ’
247 3804 352 3886 enim,
376 3810 414 3872 ut
437 3801 592 3874 omittam
618 3812 755 3887 caetera,
784 3801 831 3872 illi
856 3802 977 3874 faciam
1004 3801 1182 3896 particulae
1209 3799 1267 3870 ubi
1294 3808 1325 3867 te

246 3926 379 3996 felicem
401 3946 506 3996 vocas
528 3925 587 4017 qui
608 3947 686 3995 meo
707 3935 860 4016 tempore
878 3925 950 3995 vita
968 3923 1117 3995 frueris?
1137 3922 1228 4007 Quid
1246 3945 1326 3993 sua-

247 4045 342 4129 vius,
365 4045 450 4139 quid
470 4044 614 4118 amicius
639 4045 706 4118 dici
725 4049 860 4138 potest?
880 4046 916 4117 ld
938 4067 1021 4118 sane
1040 4044 1085 4115 de
1106 4045 1244 4117 Socrate
1261 4067 1326 4118 suo

247 4167 361 4238 dicere
383 4166 504 4238 solitus
526 4169 633 4238 fertur
655 4171 763 4240 Plato.
787 4168 900 4262 Atqui,
920 4179 958 4240 ut
976 4171 1083 4240 multo
1100 4171 1259 4242 Socrates
1276 4171 1326 4238 le-
