3078 4798
262 316 320 376 376
602 328 643 374 un
665 327 765 376 111111
787 326 1008 375 1111111111

262 473 300 535 ut
324 453 510 534 Ambrosie
531 465 664 557 placct3
692 485 922 555 nuncusque
949 463 1221 536 misericordiam
1248 469 1340 558 petit,

260 596 296 658 et
315 588 408 683 apud
429 588 504 659 illos
527 609 565 658 se
586 607 750 682 peccasse
767 589 950 658 confessus
970 595 1034 672 est,
1056 587 1180 680 quide
1202 600 1341 682 peccato

259 711 334 784 eius
362 711 574 802 gaudebant,
602 710 647 782 de
673 710 840 805 supplicio
866 733 934 781 non
958 711 1137 782 curabant.
1162 713 1342 784 Postremo

260 834 387 926 magis,
418 843 455 930 ut
475 833 686 929 Hieronymo
713 832 863 917 videtur,
898 833 1143 926 desperatione
1164 835 1340 906 Christum

260 958 352 1029 laesit
375 978 481 1050 quam
503 955 706 1049 proditione.
729 954 991 1027 Memorandum
1013 957 1128 1028 valde.
1149 956 1241 1042 Quid
1258 980 1342 1050 ergo

258 1091 375 1177 potest
395 1080 511 1150 Deus‘l
530 1100 633 1151 omne
653 1079 748 1170 quod
771 1080 861 1148 vult:
884 1080 962 1149 'vult
987 1090 1102 1150 autem
1125 1102 1227 1151 omne
1249 1080 1342 1171 quod

154 1259 158 1266 .
259 1203 360 1275 nobis
387 1203 601 1274 salutiferum
628 1201 735 1270 novit.
767 1202 840 1271 Hoc
873 1200 972 1271 firma
1000 1200 1069 1273 fide
1100 1203 1342 1295 constantique

259 1324 384 1396 fiducia
404 1324 591 1395 tenendum
611 1333 677 1395 est.
700 1324 849 1394 Cessent
869 1323 990 1396 inanes
1012 1333 1048 1395 11
1068 1325 1207 1418 pavidae
1227 1325 1342 1397 conie-

258 1458 377 1531 cturae,
397 1457 432 1519 et
449 1447 623 1539 religiosae
641 1467 746 1517 aures
765 1447 922 1518 susurris
940 1447 1141 1519 demonum
1159 1446 1343 1518 obstruan-

260 1582 325 1643 tur.
351 1570 514 1662 Magnum
549 1568 652 1640 luerit
680 1579 820 1662 propter
853 1590 917 1641 111
951 1571 1061 1640 Deum
1093 1591 1158 1640 suo
1191 1570 1342 1661 quodam

259 1692 406 1763 mirabili
433 1713 552 1762 amore
577 1690 698 1762 nasci:
726 1690 838 1763 maius
865 1692 955 1762 inter
981 1693 1213 1763 necessitates
1240 1693 1343 1763 mise-

259 1816 398 1907 riasque
433 1822 571 1884 nostras
605 1813 753 1884 vivere:
788 1814 979 1885 maximum
1013 1816 1198 1908 plusquam
1225 1824 1343 1894 111111

258 1937 440 2020 communi,
462 1957 526 2007 suo
548 1937 698 2030 quodam
722 1935 764 2008 ad
788 1959 852 2008 111
873 1937 1097 2022 misericordi,
1112 1936 1146 2007 in
1169 1959 1208 2008 se
1228 1948 1341 2009 autern

261 2059 449 2132 miserabili
471 2083 567 2132 more
590 2059 687 2130 meri.
711 2061 797 2132 Mira
818 2060 895 2130 haec
914 2068 949 2130 et
976 2059 1162 2132 ineffabilia
1183 2061 1343 2154 quaedam

259 2186 366 2258 divini
386 2185 514 2261 amoris
535 2185 636 2276 signa
652 2183 731 2277 quis
750 2186 878 2274 neget?
895 2183 964 2253 Sed
985 2203 1029 2253 an
1048 2183 1128 2254 ideo
1145 2206 1209 2254 nos
1227 2182 1345 2276 ingra-

260 2321 314 2382 tos
339 2309 441 2380 faciet
466 2306 627 2379 beneficii
653 2305 878 2398 magnitudo?
907 2304 1010 2397 Absit
1034 2305 1253 2377 amentibus
1277 2306 1343 2400 piis

259 2432 316 2502 hic
336 2433 441 2502 turor.
465 2430 663 2501 Sentiamus
684 2450 748 2499 nes
771 2426 948 2499 beneficiis
977 2427 1080 2498 tantis
1106 2427 1283 2520 indignos,
1310 2439 1345 2499 et

259 2575 323 2625 nos
345 2553 390 2624 ad
412 2551 663 2644 persolvendas
685 2548 827 2621 meritas
848 2560 967 2640 grates
988 2547 1097 2620 verbo
1117 2549 1220 2620 etiam
1242 2553 1344 2641 longe

259 2676 411 2768 impares
434 2694 684 2766 agnoscamus
713 2672 840 2742 victam
863 2671 1081 2763 fragilitatem
1103 2680 1260 2743 nostram
1280 2672 1345 2741 im-

260 2796 463 2868 mensa-Dei
488 2794 672 2866 clementia
693 2797 879 2876 fateamur,
903 2793 1018 2864 animo
1039 2802 1155 2864 tamen
1176 2801 1343 2886 quantum

260 2940 448 3013 possumus
468 2916 658 3009 gratissimi
674 2924 710 2986 et
729 2915 1012 3008 obsequenteset
1025 2915 1201 2988 creduliet
1214 2914 1342 2997 fideles,

260 3062 373 3132 neque
395 3039 475 3130 quia
503 3060 559 3108 res
580 3060 723 3130 magna,
751 3059 816 3109 nos
844 3037 993 3129 indigui,
1015 3025 1101 3110 ideo
1121 3038 1223 3110 uobis
1249 3038 1345 3108 illum

259 3163 442 3232 consulere
462 3158 665 3251 nequivisse
692 3162 748 3230 vel
776 3159 929 3248 noluisse
954 3171 1095 3255 propter
1122 3157 1347 3231 inaccessibi-

262 3285 325 3355 lem
349 3305 423 3355 suae
446 3281 609 3375 potentiae
626 3304 667 3354 11
689 3283 826 3376 pietatis
845 3281 1085 3354 excellentiam
1104 3283 1345 3376 desperemus.

261 3407 354 3480 Vale.

405 3554 508 3618 Quarto
524 3553 662 3609 Kalendas
677 3553 789 3624 Aprilis,
