3002 4794
432 363 525 412 uleus
546 363 691 414 bucrilus
704 383 744 398 -
754 365 908 434 urlsscpn
930 369 971 417 lll.
1205 363 1242 421 'l'll

156 502 229 571 curi
264 498 423 572 doctrina
453 507 521 584 est,
550 499 793 591 imaginarium
820 501 904 574 vilse
924 513 1049 576 testem
1070 525 1240 599 quaerere.

154 623 278 696 Amico
300 621 470 708 scribens,
493 622 552 708 sio,
580 622 700 715 iuquit
715 625 904 710 lacomuie‚
921 635 1097 720 tamquam
1113 641 1244 724 spectet

153 748 341 840 Epicurus.
379 745 510 818 Seneca
535 767 628 829 vero,
656 755 696 816 ut
723 746 920 819 illustrioris
952 749 1020 820 viri
1054 754 1241 844 praeseutie

153 867 278 939 Lucilii
300 868 354 939 sui
376 867 484 938 vitam
504 869 636 951 lorrnet,
660 877 776 939 monet
796 879 834 940 ut
852 870 1016 942 Catonem
1035 873 1149 964 eligat,
1169 875 1243 944 Sci-

152 988 309 1080 pionem,
336 988 482 1060 Leelium
510 990 567 1060 vel
593 989 697 1062 alium
723 991 912 1083 quemlibet
937 1003 1101 1086 spectatae
1125 994 1241 1068 virum

153 1111 267 1181 lamae.
289 1110 367 1182 Non
387 1117 504 1205 potest
522 1131 590 1182 non
609 1113 745 1205 placere
766 1113 935 1185 sententia
958 1137 978 1185 a
998 1115 1134 1206 maguis
1149 1115 1241 1187 uiris

153 1231 307 1304 laudula.
323 1233 409 1304 Nam
426 1243 461 1304 et
473 1233 592 1306 llareo
605 1234 715 1305 Tullio
728 1233 902 1328 placuisse
915 1255 991 1308 eam
1005 1235 1118 1321 video,
1134 1257 1240 1330 quam

154 1353 284 1436 Quinto
318 1354 474 1426 Ciceroni
499 1355 602 1426 fratri
625 1377 690 1426 suo
716 1355 884 1440 scribens,
913 1357 992 1428 licet
1011 1359 1089 1428 aliis
1109 1357 1239 1442 verbis,

155 1474 318 1548 inseruit:
336 1477 450 1570 placet
464 1496 551 1568 ergo
568 1477 750 1549 consilium
768 1478 909 1570 Epicuri
926 1478 1110 1550 interillos
1127 1501 1148 1550 a
1163 1478 1242 1573 qui-

154 1597 219 1670 bus
242 1598 410 1691 scripturn
437 1605 541 1690 utque
567 1598 750 1691 probatum
777 1609 843 1670 est.
869 1599 976 1673 Nobis
1002 1600 1068 1673 bec
1093 1612 1167 1672 arte
1192 1602 1242 1682 nil

154 1729 208 1792 est
239 1741 341 1814 opus.
370 1722 508 1792 Testem
534 1719 653 1792 fictum
683 1741 752 1792 nou
776 1722 986 1815 querimus,
1014 1745 1093 1795 cum
1117 1724 1239 1796 vivum

155 1855 262 1939 atque
284 1865 411 1916 verum
437 1853 717 1939 praesenlemque
742 1863 881 1938 semper
907 1845 1083 1918 Christum
1109 1843 1241 1916 babea-

155 1988 244 2040 mus,
279 1967 368 2038 Nam
396 1973 431 2037 et
455 1967 487 2036 si
505 1964 702 2036 adscendero
727 1968 764 2036 in
790 1969 924 2052 celum,
950 1969 1019 2038 illic
1052 1979 1112 2051 est,
1147 1979 1178 2038 et
1209 1968 1241 2037 si

154 2087 348 2160 descendero
373 2090 410 2158 in
437 2091 620 2178 insanum,
641 2087 741 2158 adest.
768 2089 891 2160 Omnia
916 2089 1023 2180 igitur
1041 2111 1159 2163 coram
1180 2089 1238 2160 illo

157 2235 222 2284 non
245 2212 348 2304 quasi
371 2219 560 2304 spectante,
584 2211 647 2283 sed
667 2231 752 2282 vere
772 2220 950 2302 spectante
971 2211 1151 2282 iaciamus.
1172 2211 1240 2281 Pu-

154 2335 250 2408 debit
269 2356 340 2406 uon
360 2333 464 2406 modo
485 2341 623 2407 actuum
647 2333 711 2404 sed
732 2353 937 2404 arcanarum
953 2333 1057 2404 etiam
1078 2333 1239 2404 volunta·

154 2465 240 2542 lum‚
264 2477 352 2550 quas
379 2477 449 2528 uon
470 2464 603 2528 tantum
624 2454 742 2540 fictus,
767 2453 954 2527 sedetiam
974 2473 1238 2550 verepraesens

154 2581 325 2673 Epicurus
346 2580 455 2664 testis,
473 2601 542 2650 nou
561 2589 681 2674 posset.
697 2597 898 2670 agnoscere.
919 2575 1023 2650 Novit
1043 2587 1159 2648 autem
1176 2599 1238 2650 eas

155 2701 210 2774 ille
236 2703 337 2775 cuius
370 2703 479 2775 oculis
505 2701 591 2772 nibil
612 2709 668 2772 est
693 2700 912 2795 impervium.
946 2701 1113 2771 Putemus
1142 2700 1237 2772 illum

155 2833 233 2894 ante
267 2824 386 2894 oculos
418 2833 557 2894 nostros
584 2821 735 2914 positum
761 2823 932 2892 clamare:
954 2819 1046 2901 Quid
1071 2818 1189 2910 agitis,
1215 2842 1237 2892 o

154 2943 235 3016 caeci
257 2954 292 3014 et
317 2944 465 3035 ingrati‘l
490 2945 566 3035 Ego
593 2965 655 3036 pro
682 2942 782 3015 vobis
809 2953 954 3014 mortem
983 2950 1106 3036 sponte
1133 2941 1238 3012 susti-

155 3066 226 3151 nui,
255 3087 321 3138 vos
345 3064 430 3134 milri
457 3065 610 3136 laborem
635 3065 804 3157 exiguum
831 3064 991 3156 negatis?
1016 3064 1092 3136 haeo
1118 3073 1236 3136 vestra

154 3187 285 3280 pietas?
310 3188 387 3259 haec
419 3187 549 3280 accepti
575 3185 733 3258 beneficii
759 3187 924 3259 memoria
951 3190 1027 3258 est?
1059 3186 1125 3271 Qui
1150 3196 1237 3258 nutu

153 3311 280 3383 coelum
301 3319 484 3402 terrasque
503 3317 539 3379 et
554 3308 663 3380 maria
684 3307 851 3398 guberno,
870 3305 929 3399 qui
950 3307 1093 3379 lulmiua
1111 3307 1155 3378 de
1172 3329 1237 3378 nu-

153 3432 256 3504 bibus
278 3431 377 3516 iasio,
406 3431 465 3524 qui
491 3430 633 3502 alternis
659 3429 797 3500 vicibus
825 3438 1048 3522 tempestates
1074 3451 1117 3500 ac
1142 3451 1237 3500 sere·

153 3577 235 3626 num
256 3552 399 3637 reveh0,
422 3554 482 3646 qui
501 3552 592 3624 diern
610 3561 817 3645 noctemque
835 3552 909 3624 suis
928 3550 1116 3623 luminibus
1134 3573 1237 3622 exor-

152 3699 204 3761 no,
225 3684 261 3748 et
276 3674 379 3747 vario
400 3673 564 3747 horarum
586 3694 732 3745 numero
753 3673 915 3746 tenebras
929 3676 1112 3764 lucemque
1125 3671 1237 3743 dime—

153 3798 223 3883 tior,
243 3798 305 3892 qui
325 3805 533 3890 perpetuum
552 3796 636 3866 solis
654 3791 859 3888 obsequium
878 3795 1041 3867 duodeno
1060 3796 1235 3865 stellarum

151 3922 271 3994 ordine
298 3921 344 3993 ad
371 3929 559 4013 quaternas
582 3928 774 4011 temporum
800 3917 987 3988 varietates
1012 3916 1172 4000 adhibeo,
1200 3924 1238 3988 et

150 4044 287 4117 fastidio
306 4043 503 4126 consulens,
527 4048 629 4132 grata
648 4061 766 4112 rerum
787 4048 824 4110 et
842 4039 1037 4110 incessabili
1064 4040 1233 4124 novitate,

150 4167 226 4237 anni
253 4166 424 4238 circulum
451 4163 699 4248 circumvolvo,
727 4161 787 4255 qui
814 4183 882 4234 non
908 4160 1010 4232 modo
1035 4161 1234 4233 calcabilem
