<?xml version="1.0" encoding="UTF-8"?>
<!DOCTYPE html PUBLIC "-//W3C//DTD XHTML 1.0 Transitional//EN"
    "http://www.w3.org/TR/xhtml1/DTD/xhtml1-transitional.dtd">
<html xmlns="http://www.w3.org/1999/xhtml" xml:lang="en" lang="en">
 <head>
  <title>
</title>
<meta http-equiv="Content-Type" content="text/html;charset=utf-8" />
  <meta name='ocr-system' content='tesseract 3.04.00' />
  <meta name='ocr-capabilities' content='ocr_page ocr_carea ocr_par ocr_line ocrx_word'/>
</head>
<body>
  <div class='ocr_page' id='page_1' title='image "./franciscipetrar01fracgoog_0372.png"; bbox 0 0 3078 4798; ppageno 0'>
   <div class='ocr_carea' id='block_1_1' title="bbox 313 335 1278 399">
    <p class='ocr_par' dir='ltr' id='par_1_1' title="bbox 313 335 1278 399">
     <span class='ocr_line' id='line_1_1' title="bbox 313 335 1278 399; baseline 0.004 -9"><span class='ocrx_word' id='word_1_1' title='bbox 313 340 315 346; x_wconf 88' lang='lat'>·</span> <span class='ocrx_word' id='word_1_2' title='bbox 397 341 491 390; x_wconf 77' lang='lat' dir='ltr'><strong>tisun</strong></span> <span class='ocrx_word' id='word_1_3' title='bbox 512 341 1013 399; x_wconf 77' lang='lat' dir='ltr'><strong>ou1nrusnuoruus.—ur1sruun</strong></span> <span class='ocrx_word' id='word_1_4' title='bbox 1034 345 1095 392; x_wconf 88' lang='lat' dir='ltr'>x1v.</span> <span class='ocrx_word' id='word_1_5' title='bbox 1226 335 1278 396; x_wconf 83' lang='grc'><strong>361</strong></span> 
     </span>
    </p>
   </div>
   <div class='ocr_carea' id='block_1_2' title="bbox 199 475 1284 2404">
    <p class='ocr_par' dir='ltr' id='par_1_2' title="bbox 199 475 1284 2404">
     <span class='ocr_line' id='line_1_2' title="bbox 200 475 1284 572; baseline 0.004 -24"><span class='ocrx_word' id='word_1_6' title='bbox 200 476 363 570; x_wconf 88' lang='lat' dir='ltr'><strong>quietem,</strong></span> <span class='ocrx_word' id='word_1_7' title='bbox 385 476 430 548; x_wconf 91' lang='lat' dir='ltr'><strong>de</strong></span> <span class='ocrx_word' id='word_1_8' title='bbox 451 482 563 547; x_wconf 89' lang='lat' dir='ltr'><strong>morte</strong></span> <span class='ocrx_word' id='word_1_9' title='bbox 583 476 628 548; x_wconf 92' lang='lat' dir='ltr'><strong>ad</strong></span> <span class='ocrx_word' id='word_1_10' title='bbox 648 475 764 560; x_wconf 80' lang='lat' dir='ltr'><strong>vitam,</strong></span> <span class='ocrx_word' id='word_1_11' title='bbox 785 477 828 549; x_wconf 90' lang='lat' dir='ltr'><strong>de</strong></span> <span class='ocrx_word' id='word_1_12' title='bbox 849 478 1095 572; x_wconf 81' lang='lat' dir='ltr'><strong>temporalibus</strong></span> <span class='ocrx_word' id='word_1_13' title='bbox 1117 483 1284 553; x_wconf 76' lang='lat' dir='ltr'><strong>aerumnis</strong></span> 
     </span>
     <span class='ocr_line' id='line_1_3' title="bbox 199 597 1284 676; baseline 0.004 -4"><span class='ocrx_word' id='word_1_14' title='bbox 199 600 246 672; x_wconf 90' lang='lat' dir='ltr'><strong>ad</strong></span> <span class='ocrx_word' id='word_1_15' title='bbox 267 609 434 670; x_wconf 85' lang='lat' dir='ltr'><strong>aeternam</strong></span> <span class='ocrx_word' id='word_1_16' title='bbox 452 597 702 669; x_wconf 87' lang='lat' dir='ltr'><strong>beatitudinem</strong></span> <span class='ocrx_word' id='word_1_17' title='bbox 720 599 950 671; x_wconf 80' lang='lat' dir='ltr'><strong>transivisse?</strong></span> <span class='ocrx_word' id='word_1_18' title='bbox 970 602 1122 673; x_wconf 85' lang='lat' dir='ltr'><strong>Rursum</strong></span> <span class='ocrx_word' id='word_1_19' title='bbox 1143 623 1208 674; x_wconf 86' lang='lat' dir='ltr'><strong>nec</strong></span> <span class='ocrx_word' id='word_1_20' title='bbox 1224 626 1284 676; x_wconf 89' lang='lat' dir='ltr'><strong>ve·</strong></span> 
     </span>
     <span class='ocr_line' id='line_1_4' title="bbox 200 720 1282 815; baseline 0.005 -21"><span class='ocrx_word' id='word_1_21' title='bbox 200 731 276 794; x_wconf 89' lang='lat' dir='ltr'><strong>tare</strong></span> <span class='ocrx_word' id='word_1_22' title='bbox 297 721 411 793; x_wconf 83' lang='lat' dir='ltr'><strong>audeo</strong></span> <span class='ocrx_word' id='word_1_23' title='bbox 437 720 625 815; x_wconf 88' lang='lat' dir='ltr'><strong>quominus</strong></span> <span class='ocrx_word' id='word_1_24' title='bbox 643 721 812 793; x_wconf 87' lang='lat' dir='ltr'><strong>damnum</strong></span> <span class='ocrx_word' id='word_1_25' title='bbox 830 722 987 796; x_wconf 78' lang='lat' dir='ltr'><strong>eeclesiae</strong></span> <span class='ocrx_word' id='word_1_26' title='bbox 1007 734 1139 797; x_wconf 88' lang='lat' dir='ltr'><strong>tantum</strong></span> <span class='ocrx_word' id='word_1_27' title='bbox 1161 735 1282 799; x_wconf 86' lang='lat' dir='ltr'><strong>ettam</strong></span> 
     </span>
     <span class='ocr_line' id='line_1_5' title="bbox 199 843 1282 942; baseline 0.006 -28"><span class='ocrx_word' id='word_1_28' title='bbox 199 843 425 940; x_wconf 82' lang='lat' dir='ltr'><strong>irreparabile</strong></span> <span class='ocrx_word' id='word_1_29' title='bbox 444 844 602 916; x_wconf 86' lang='lat' dir='ltr'><strong>doleatis.</strong></span> <span class='ocrx_word' id='word_1_30' title='bbox 632 843 720 915; x_wconf 90' lang='lat' dir='ltr'><strong>lllud</strong></span> <span class='ocrx_word' id='word_1_31' title='bbox 749 843 782 912; x_wconf 94' lang='lat' dir='ltr'><strong>in</strong></span> <span class='ocrx_word' id='word_1_32' title='bbox 808 867 879 937; x_wconf 88' lang='lat' dir='ltr'><strong>quo</strong></span> <span class='ocrx_word' id='word_1_33' title='bbox 905 866 1021 918; x_wconf 89' lang='lat' dir='ltr'><strong>errare</strong></span> <span class='ocrx_word' id='word_1_34' title='bbox 1048 867 1116 918; x_wconf 92' lang='lat' dir='ltr'><strong>non</strong></span> <span class='ocrx_word' id='word_1_35' title='bbox 1138 869 1282 942; x_wconf 90' lang='lat' dir='ltr'><strong>possum</strong></span> 
     </span>
     <span class='ocr_line' id='line_1_6' title="bbox 199 966 1284 1060; baseline 0.003 -21"><span class='ocrx_word' id='word_1_36' title='bbox 199 969 323 1041; x_wconf 90' lang='lat' dir='ltr'><strong>hortor</strong></span> <span class='ocrx_word' id='word_1_37' title='bbox 337 976 443 1060; x_wconf 91' lang='lat' dir='ltr'><strong>atque</strong></span> <span class='ocrx_word' id='word_1_38' title='bbox 460 966 607 1038; x_wconf 86' lang='lat' dir='ltr'><strong>obsecro</strong></span> <span class='ocrx_word' id='word_1_39' title='bbox 625 977 663 1038; x_wconf 91' lang='lat' dir='ltr'><strong>ut</strong></span> <span class='ocrx_word' id='word_1_40' title='bbox 679 966 792 1039; x_wconf 86' lang='lat' dir='ltr'><strong>Patris</strong></span> <span class='ocrx_word' id='word_1_41' title='bbox 810 969 919 1040; x_wconf 78' lang='lat' dir='ltr'><strong>nostri</strong></span> <span class='ocrx_word' id='word_1_42' title='bbox 936 970 1137 1040; x_wconf 88' lang='lat' dir='ltr'><strong>memoriam</strong></span> <span class='ocrx_word' id='word_1_43' title='bbox 1152 970 1284 1043; x_wconf 89' lang='lat' dir='ltr'><strong>haben-</strong></span> 
     </span>
     <span class='ocr_line' id='line_1_7' title="bbox 201 1089 1283 1182; baseline 0.004 -20"><span class='ocrx_word' id='word_1_44' title='bbox 201 1101 255 1162; x_wconf 86' lang='lat' dir='ltr'><strong>tes</strong></span> <span class='ocrx_word' id='word_1_45' title='bbox 276 1112 342 1162; x_wconf 86' lang='lat' dir='ltr'><strong>nee</strong></span> <span class='ocrx_word' id='word_1_46' title='bbox 368 1089 518 1181; x_wconf 82' lang='lat' dir='ltr'><strong>vestigia</strong></span> <span class='ocrx_word' id='word_1_47' title='bbox 549 1089 755 1161; x_wconf 84' lang='lat' dir='ltr'><strong>deserentes</strong></span> <span class='ocrx_word' id='word_1_48' title='bbox 781 1090 997 1182; x_wconf 81' lang='lat' dir='ltr'><strong>Religionem</strong></span> <span class='ocrx_word' id='word_1_49' title='bbox 1023 1094 1155 1176; x_wconf 84' lang='lat' dir='ltr'><strong>colere,</strong></span> <span class='ocrx_word' id='word_1_50' title='bbox 1177 1115 1283 1166; x_wconf 78' lang='lat' dir='ltr'><strong>orere-</strong></span> 
     </span>
     <span class='ocr_line' id='line_1_8' title="bbox 199 1211 1283 1309; baseline 0.005 -27"><span class='ocrx_word' id='word_1_51' title='bbox 199 1211 335 1284; x_wconf 88' lang='lat' dir='ltr'><strong>monias</strong></span> <span class='ocrx_word' id='word_1_52' title='bbox 356 1211 401 1282; x_wconf 87' lang='lat' dir='ltr'><strong>ab</strong></span> <span class='ocrx_word' id='word_1_53' title='bbox 421 1234 462 1283; x_wconf 84' lang='lat' dir='ltr'><strong>eo</strong></span> <span class='ocrx_word' id='word_1_54' title='bbox 489 1211 633 1284; x_wconf 88' lang='lat' dir='ltr'><strong>traditas</strong></span> <span class='ocrx_word' id='word_1_55' title='bbox 654 1212 856 1298; x_wconf 86' lang='lat' dir='ltr'><strong>observare,</strong></span> <span class='ocrx_word' id='word_1_56' title='bbox 879 1212 1066 1285; x_wconf 91' lang='lat' dir='ltr'><strong>abeodem</strong></span> <span class='ocrx_word' id='word_1_57' title='bbox 1087 1226 1199 1309; x_wconf 86' lang='lat' dir='ltr'><strong>coepta</strong></span> <span class='ocrx_word' id='word_1_58' title='bbox 1224 1239 1283 1309; x_wconf 87' lang='lat' dir='ltr'><strong>pe-</strong></span> 
     </span>
     <span class='ocr_line' id='line_1_9' title="bbox 200 1334 1282 1430; baseline 0.006 -26"><span class='ocrx_word' id='word_1_59' title='bbox 200 1356 339 1426; x_wconf 82' lang='lat' dir='ltr'><strong>ragere,</strong></span> <span class='ocrx_word' id='word_1_60' title='bbox 361 1346 501 1430; x_wconf 87' lang='lat' dir='ltr'><strong>peracta</strong></span> <span class='ocrx_word' id='word_1_61' title='bbox 526 1334 703 1406; x_wconf 85' lang='lat' dir='ltr'><strong>custodire</strong></span> <span class='ocrx_word' id='word_1_62' title='bbox 725 1334 903 1416; x_wconf 84' lang='lat' dir='ltr'><strong>nitamini3</strong></span> <span class='ocrx_word' id='word_1_63' title='bbox 931 1346 1038 1427; x_wconf 87' lang='lat' dir='ltr'><strong>utque</strong></span> <span class='ocrx_word' id='word_1_64' title='bbox 1064 1337 1166 1410; x_wconf 85' lang='lat' dir='ltr'><strong>etiam</strong></span> <span class='ocrx_word' id='word_1_65' title='bbox 1189 1341 1282 1411; x_wconf 91' lang='lat' dir='ltr'><strong>omni</strong></span> 
     </span>
     <span class='ocr_line' id='line_1_10' title="bbox 201 1453 1283 1548; baseline 0.006 -24"><span class='ocrx_word' id='word_1_66' title='bbox 201 1463 369 1548; x_wconf 89' lang='lat' dir='ltr'><strong>tempore,</strong></span> <span class='ocrx_word' id='word_1_67' title='bbox 394 1455 457 1526; x_wconf 89' lang='lat' dir='ltr'><strong>sed</strong></span> <span class='ocrx_word' id='word_1_68' title='bbox 478 1477 570 1525; x_wconf 86' lang='lat' dir='ltr'><strong>nune</strong></span> <span class='ocrx_word' id='word_1_69' title='bbox 597 1456 788 1546; x_wconf 87' lang='lat' dir='ltr'><strong>praesertim</strong></span> <span class='ocrx_word' id='word_1_70' title='bbox 812 1453 895 1526; x_wconf 83' lang='lat' dir='ltr'><strong>darn</strong></span> <span class='ocrx_word' id='word_1_71' title='bbox 917 1466 1019 1527; x_wconf 84' lang='lat' dir='ltr'><strong>vacat</strong></span> <span class='ocrx_word' id='word_1_72' title='bbox 1039 1459 1208 1545; x_wconf 78' lang='lat' dir='ltr'><strong>Ecclesia,</strong></span> <span class='ocrx_word' id='word_1_73' title='bbox 1231 1459 1283 1530; x_wconf 94' lang='lat' dir='ltr'><strong>in-</strong></span> 
     </span>
     <span class='ocr_line' id='line_1_11' title="bbox 200 1577 1281 1676; baseline 0.006 -28"><span class='ocrx_word' id='word_1_74' title='bbox 200 1577 347 1649; x_wconf 74' lang='lat' dir='ltr'><strong>stantmr</strong></span> <span class='ocrx_word' id='word_1_75' title='bbox 368 1598 408 1648; x_wconf 88' lang='lat' dir='ltr'><strong>ao</strong></span> <span class='ocrx_word' id='word_1_76' title='bbox 429 1577 589 1648; x_wconf 86' lang='lat' dir='ltr'><strong>devotior</strong></span> <span class='ocrx_word' id='word_1_77' title='bbox 610 1578 720 1650; x_wconf 90' lang='lat' dir='ltr'><strong>oratio</strong></span> <span class='ocrx_word' id='word_1_78' title='bbox 741 1588 858 1648; x_wconf 86' lang='lat' dir='ltr'><strong>nostra</strong></span> <span class='ocrx_word' id='word_1_79' title='bbox 881 1578 926 1650; x_wconf 90' lang='lat' dir='ltr'><strong>sit</strong></span> <span class='ocrx_word' id='word_1_80' title='bbox 947 1578 991 1650; x_wconf 90' lang='lat' dir='ltr'><strong>ad</strong></span> <span class='ocrx_word' id='word_1_81' title='bbox 1008 1582 1126 1666; x_wconf 86' lang='lat' dir='ltr'><strong>Deum,</strong></span> <span class='ocrx_word' id='word_1_82' title='bbox 1150 1591 1189 1652; x_wconf 86' lang='lat' dir='ltr'><strong>ut</strong></span> <span class='ocrx_word' id='word_1_83' title='bbox 1207 1582 1281 1676; x_wconf 90' lang='lat' dir='ltr'><strong>ipse</strong></span> 
     </span>
     <span class='ocr_line' id='line_1_12' title="bbox 200 1698 1280 1794; baseline 0.004 -24"><span class='ocrx_word' id='word_1_84' title='bbox 200 1698 302 1770; x_wconf 91' lang='lat' dir='ltr'><strong>nobis</strong></span> <span class='ocrx_word' id='word_1_85' title='bbox 326 1707 486 1791; x_wconf 89' lang='lat' dir='ltr'><strong>pastores</strong></span> <span class='ocrx_word' id='word_1_86' title='bbox 515 1719 653 1792; x_wconf 89' lang='lat' dir='ltr'><strong>semper</strong></span> <span class='ocrx_word' id='word_1_87' title='bbox 680 1698 922 1772; x_wconf 87' lang='lat' dir='ltr'><strong>ildebrandino</strong></span> <span class='ocrx_word' id='word_1_88' title='bbox 947 1700 1077 1771; x_wconf 91' lang='lat' dir='ltr'><strong>similes</strong></span> <span class='ocrx_word' id='word_1_89' title='bbox 1103 1702 1280 1794; x_wconf 81' lang='lat' dir='ltr'><strong>largiatur.</strong></span> 
     </span>
     <span class='ocr_line' id='line_1_13' title="bbox 200 1817 1280 1920; baseline 0 -28"><span class='ocrx_word' id='word_1_90' title='bbox 200 1821 256 1892; x_wconf 84' lang='lat' dir='ltr'><strong>Sin</strong></span> <span class='ocrx_word' id='word_1_91' title='bbox 276 1821 367 1893; x_wconf 90' lang='lat' dir='ltr'><strong>enim</strong></span> <span class='ocrx_word' id='word_1_92' title='bbox 391 1819 563 1920; x_wconf 61' lang='lat' dir='ltr'><strong>habetoteg</strong></span> <span class='ocrx_word' id='word_1_93' title='bbox 583 1818 677 1890; x_wconf 90' lang='lat' dir='ltr'><strong>illum</strong></span> <span class='ocrx_word' id='word_1_94' title='bbox 698 1819 732 1890; x_wconf 93' lang='lat' dir='ltr'><strong>in</strong></span> <span class='ocrx_word' id='word_1_95' title='bbox 754 1819 868 1892; x_wconf 89' lang='lat' dir='ltr'><strong>medio</strong></span> <span class='ocrx_word' id='word_1_96' title='bbox 890 1820 997 1891; x_wconf 88' lang='lat' dir='ltr'><strong>nostri</strong></span> <span class='ocrx_word' id='word_1_97' title='bbox 1025 1817 1196 1912; x_wconf 82' lang='lat' dir='ltr'><strong>Angelum</strong></span> <span class='ocrx_word' id='word_1_98' title='bbox 1218 1824 1280 1894; x_wconf 89' lang='lat' dir='ltr'><strong>Dei</strong></span> 
     </span>
     <span class='ocr_line' id='line_1_14' title="bbox 199 1941 1279 2042; baseline 0 -26"><span class='ocrx_word' id='word_1_99' title='bbox 199 1945 316 2042; x_wconf 92' lang='lat' dir='ltr'><strong>potius</strong></span> <span class='ocrx_word' id='word_1_100' title='bbox 336 1943 446 2016; x_wconf 87' lang='lat' dir='ltr'><strong>fuisse</strong></span> <span class='ocrx_word' id='word_1_101' title='bbox 471 1963 577 2036; x_wconf 89' lang='lat' dir='ltr'><strong>quam</strong></span> <span class='ocrx_word' id='word_1_102' title='bbox 600 1941 784 2014; x_wconf 88' lang='lat' dir='ltr'><strong>hominem.</strong></span> <span class='ocrx_word' id='word_1_103' title='bbox 814 1943 866 2013; x_wconf 86' lang='lat' dir='ltr'><strong>Tu</strong></span> <span class='ocrx_word' id='word_1_104' title='bbox 887 1964 971 2014; x_wconf 91' lang='lat' dir='ltr'><strong>vero</strong></span> <span class='ocrx_word' id='word_1_105' title='bbox 995 1941 1120 2014; x_wconf 90' lang='lat' dir='ltr'><strong>nobilis</strong></span> <span class='ocrx_word' id='word_1_106' title='bbox 1146 1944 1279 2027; x_wconf 83' lang='lat' dir='ltr'><strong>Padua,</strong></span> 
     </span>
     <span class='ocr_line' id='line_1_15' title="bbox 199 2065 1282 2160; baseline -0.003 -20"><span class='ocrx_word' id='word_1_107' title='bbox 199 2068 284 2140; x_wconf 80' lang='lat' dir='ltr'><strong>felix</strong></span> <span class='ocrx_word' id='word_1_108' title='bbox 307 2076 410 2137; x_wconf 85' lang='lat' dir='ltr'><strong>terrae</strong></span> <span class='ocrx_word' id='word_1_109' title='bbox 432 2066 500 2136; x_wconf 90' lang='lat' dir='ltr'><strong>situ</strong></span> <span class='ocrx_word' id='word_1_110' title='bbox 517 2065 665 2159; x_wconf 82' lang='lat' dir='ltr'><strong>coelique</strong></span> <span class='ocrx_word' id='word_1_111' title='bbox 685 2065 877 2149; x_wconf 84' lang='lat' dir='ltr'><strong>clementia,</strong></span> <span class='ocrx_word' id='word_1_112' title='bbox 897 2065 1056 2156; x_wconf 87' lang='lat' dir='ltr'><strong>proxima</strong></span> <span class='ocrx_word' id='word_1_113' title='bbox 1077 2069 1200 2160; x_wconf 84' lang='lat' dir='ltr'><strong>pelago</strong></span> <span class='ocrx_word' id='word_1_114' title='bbox 1217 2067 1282 2138; x_wconf 86' lang='lat' dir='ltr'><strong>llu-</strong></span> 
     </span>
     <span class='ocr_line' id='line_1_16' title="bbox 200 2185 1280 2281; baseline -0.004 -19"><span class='ocrx_word' id='word_1_115' title='bbox 200 2189 423 2281; x_wconf 89' lang='lat' dir='ltr'><strong>minibusque</strong></span> <span class='ocrx_word' id='word_1_116' title='bbox 456 2188 672 2272; x_wconf 85' lang='lat' dir='ltr'><strong>circumflua,</strong></span> <span class='ocrx_word' id='word_1_117' title='bbox 700 2186 800 2258; x_wconf 89' lang='lat' dir='ltr'><strong>dives</strong></span> <span class='ocrx_word' id='word_1_118' title='bbox 827 2209 912 2278; x_wconf 82' lang='lat' dir='ltr'><strong>agro</strong></span> <span class='ocrx_word' id='word_1_119' title='bbox 938 2185 1058 2268; x_wconf 89' lang='lat' dir='ltr'><strong>ubere,</strong></span> <span class='ocrx_word' id='word_1_120' title='bbox 1087 2189 1280 2258; x_wconf 84' lang='lat' dir='ltr'><strong>accolarum</strong></span> 
     </span>
     <span class='ocr_line' id='line_1_17' title="bbox 200 2307 1281 2404; baseline 0 -24"><span class='ocrx_word' id='word_1_121' title='bbox 200 2311 339 2403; x_wconf 82' lang='lat' dir='ltr'><strong>ingenio</strong></span> <span class='ocrx_word' id='word_1_122' title='bbox 365 2309 527 2404; x_wconf 81' lang='lat' dir='ltr'><strong>insignis,</strong></span> <span class='ocrx_word' id='word_1_123' title='bbox 558 2317 594 2380; x_wconf 91' lang='lat' dir='ltr'><strong>et</strong></span> <span class='ocrx_word' id='word_1_124' title='bbox 625 2309 758 2380; x_wconf 86' lang='lat' dir='ltr'><strong>vetusti</strong></span> <span class='ocrx_word' id='word_1_125' title='bbox 791 2308 940 2379; x_wconf 90' lang='lat' dir='ltr'><strong>nominis</strong></span> <span class='ocrx_word' id='word_1_126' title='bbox 974 2307 1130 2379; x_wconf 85' lang='lat' dir='ltr'><strong>claritate</strong></span> <span class='ocrx_word' id='word_1_127' title='bbox 1163 2331 1281 2401; x_wconf 88' lang='lat' dir='ltr'><strong>perce-</strong></span> 
     </span>
    </p>
   </div>
   <div class='ocr_carea' id='block_1_3' title="bbox 200 2413 1281 2750">
    <p class='ocr_par' dir='ltr' id='par_1_3' title="bbox 200 2413 1281 2750">
     <span class='ocr_line' id='line_1_18' title="bbox 200 2413 1281 2526; baseline -0.002 -20"><span class='ocrx_word' id='word_1_128' title='bbox 200 2433 322 2518; x_wconf 89' lang='lat' dir='ltr'><strong>lebris,</strong></span> <span class='ocrx_word' id='word_1_129' title='bbox 346 2453 486 2526; x_wconf 88' lang='lat' dir='ltr'><strong>semper</strong></span> <span class='ocrx_word' id='word_1_130' title='bbox 506 2433 596 2505; x_wconf 91' lang='lat' dir='ltr'><strong>inter</strong></span> <span class='ocrx_word' id='word_1_131' title='bbox 616 2413 798 2526; x_wconf 80' lang='lat' dir='ltr'><strong>pontifiees</strong></span> <span class='ocrx_word' id='word_1_132' title='bbox 824 2440 902 2502; x_wconf 90' lang='lat' dir='ltr'><strong>tuos</strong></span> <span class='ocrx_word' id='word_1_133' title='bbox 922 2438 959 2502; x_wconf 88' lang='lat' dir='ltr'><strong>et</strong></span> <span class='ocrx_word' id='word_1_134' title='bbox 979 2430 1129 2522; x_wconf 81' lang='lat' dir='ltr'><strong>gloriosa</strong></span> <span class='ocrx_word' id='word_1_135' title='bbox 1148 2433 1281 2503; x_wconf 80' lang='lat' dir='ltr'><strong>confes-</strong></span> 
     </span>
     <span class='ocr_line' id='line_1_19' title="bbox 202 2551 1280 2647; baseline -0.002 -22"><span class='ocrx_word' id='word_1_136' title='bbox 202 2577 320 2627; x_wconf 89' lang='lat' dir='ltr'><strong>sorum</strong></span> <span class='ocrx_word' id='word_1_137' title='bbox 343 2563 480 2626; x_wconf 87' lang='lat' dir='ltr'><strong>tuorum</strong></span> <span class='ocrx_word' id='word_1_138' title='bbox 505 2554 656 2636; x_wconf 86' lang='lat' dir='ltr'><strong>nomina,</strong></span> <span class='ocrx_word' id='word_1_139' title='bbox 683 2553 713 2626; x_wconf 90' lang='lat' dir='ltr'><strong>si</strong></span> <span class='ocrx_word' id='word_1_140' title='bbox 738 2553 822 2647; x_wconf 92' lang='lat' dir='ltr'><strong>quid</strong></span> <span class='ocrx_word' id='word_1_141' title='bbox 848 2551 930 2623; x_wconf 91' lang='lat' dir='ltr'><strong>mihi</strong></span> <span class='ocrx_word' id='word_1_142' title='bbox 955 2552 1081 2637; x_wconf 85' lang='lat' dir='ltr'><strong>credis,</strong></span> <span class='ocrx_word' id='word_1_143' title='bbox 1105 2552 1280 2625; x_wconf 86' lang='lat' dir='ltr'><strong>ildebran-</strong></span> 
     </span>
     <span class='ocr_line' id='line_1_20' title="bbox 200 2675 825 2750; baseline -0.01 0"><span class='ocrx_word' id='word_1_144' title='bbox 200 2677 320 2750; x_wconf 91' lang='lat' dir='ltr'><strong>dinum</strong></span> <span class='ocrx_word' id='word_1_145' title='bbox 342 2699 412 2750; x_wconf 88' lang='lat' dir='ltr'><strong>non</strong></span> <span class='ocrx_word' id='word_1_146' title='bbox 432 2678 592 2750; x_wconf 91' lang='lat' dir='ltr'><strong>ultimum</strong></span> <span class='ocrx_word' id='word_1_147' title='bbox 614 2675 825 2748; x_wconf 89' lang='lat' dir='ltr'><strong>numerabis.</strong></span> 
     </span>
    </p>
   </div>
   <div class='ocr_carea' id='block_1_4' title="bbox 0 0 1544 4798">
    <p class='ocr_par' dir='ltr' id='par_1_4' title="bbox 0 0 1544 4798">
     <span class='ocr_line' id='line_1_21' title="bbox 0 0 1544 4798; baseline 0 0"><span class='ocrx_word' id='word_1_148' title='bbox 0 0 1544 4798; x_wconf 95' lang='lat' dir='ltr'><strong> </strong></span> 
     </span>
    </p>
   </div>
  </div>
 </body>
</html>
