3062 4798
282 331 339 390 tta
620 346 660 393 nx
683 346 782 394 annus
805 345 1025 395 annullamus

282 483 357 551 Heu
376 487 508 573 quanto
522 479 664 572 dignius
682 471 881 572 quantoque
899 480 1023 553 melius
1041 479 1209 555 discendo
1225 504 1361 556 cresce

282 610 334 673 ret
355 603 536 698 sapientiae
558 602 711 674 studium
732 614 768 674 et
787 601 960 694 cupiditas
982 603 1188 687 litterarum,
1212 626 1362 697 praeser-

283 723 441 797 timeum
469 724 649 818 quaerendi
676 734 791 795 certus
818 725 864 795 sit
887 736 922 795 et
947 724 1112 796 delinitus
1139 727 1284 798 modus:
1310 727 1361 799 di-

281 846 399 919 scendi
420 846 693 940 proficiendique
719 847 893 944 usquein
919 846 1022 917 finem
1050 849 1166 918 nullus
1193 856 1249 918 est
1269 848 1357 918 finis.

279 972 389 1042 Nemo
408 992 445 1040 se
467 970 551 1041 satis
573 971 727 1041 aestimet
742 970 948 1064 profecisse:
968 992 1146 1063 nunquam
1163 972 1257 1041 enim
1275 969 1360 1041 nite·

282 1103 337 1163 tur
358 1101 397 1163 ut
418 1092 463 1163 ad
486 1115 660 1163 summum
683 1093 803 1163 veniat
823 1093 882 1185 qui
904 1092 1110 1186 pervenisse
1131 1090 1292 1164 confidit:
1314 1095 1361 1166 la-

280 1212 399 1284 borem
422 1213 492 1284 viae
511 1214 625 1284 evasit
645 1213 705 1306 qui
726 1213 840 1305 attigit
859 1235 929 1305 quo
950 1213 1137 1306 pergebat,
1162 1235 1225 1284 nec
1245 1215 1359 1285 minus

279 1336 338 1429 qui
353 1336 512 1427 attigisse
531 1357 569 1406 se
590 1345 703 1429 putat:
723 1334 884 1407 subsistit
902 1335 1015 1428 igitur,
1031 1346 1067 1407 et
1081 1335 1279 1407 subsistens
1292 1359 1360 1409 uon

280 1461 382 1534 modo
399 1484 466 1532 non
485 1461 657 1554 procedet,
675 1459 854 1532 sedetiam
871 1460 1074 1531 retrocedet.
1090 1460 1211 1550 Neque
1222 1460 1358 1541 etenim,

280 1591 318 1652 ut
350 1593 520 1654 mercator
553 1582 654 1652 dives
679 1584 841 1675 quamvis
867 1581 1056 1674 navigandi
1087 1582 1191 1654 linem
1225 1582 1357 1665 lecerit,

278 1706 488 1775 cumulatam
511 1713 626 1774 tamen
651 1701 962 1797 consignatamque
982 1704 1164 1798 pecuniam
1184 1703 1280 1775 domi
1299 1704 1358 1776 ba-

279 1825 354 1909 bet,
389 1826 439 1896 sic
464 1826 568 1895 eliam
596 1824 774 1896 studiosus
804 1826 943 1917 legendi
969 1823 1357 1918 meditandiquellnem

278 1947 417 2033 faciens,
440 1949 646 2040 consignare
667 1950 869 2020 memoriam
892 1951 990 2020 velut
1009 1952 1161 2021 arculam
1182 1969 1281 2021 suam
1299 1969 1358 2041 po

279 2079 356 2142 test.
379 2072 443 2140 Est
460 2072 551 2141 enim
573 2071 680 2140 futilis
702 2092 742 2141 ac
762 2071 903 2153 rimosa,
923 2083 959 2142 et
977 2070 1034 2143 cui
1051 2071 1119 2142 nisi
1140 2070 1271 2162 aliquid
1288 2070 1357 2163 iugi

279 2191 393 2264 studio
416 2215 555 2285 semper
576 2191 746 2275 inferciat,
769 2195 876 2264 multa
898 2193 1052 2285 quotidie
1078 2193 1287 2265 dilabantur.
1309 2195 1357 2264 lta

279 2317 336 2408 qui
356 2339 425 2387 non
443 2315 545 2387 discit
560 2314 789 2399 obliviscitur,
803 2325 839 2386 et
855 2315 1017 2408 quisquis
1035 2317 1237 2387 memoriam
1258 2337 1355 2387 suam

278 2440 379 2534 quasi
402 2441 536 2532 plenam
555 2437 881 2530 redundantemque
897 2437 1104 2526 neglexerit,
1123 2448 1202 2530 post
1219 2449 1356 2530 tempus

278 2561 321 2634 ad
335 2562 426 2633 illam
444 2561 583 2633 rediens
601 2559 737 2631 inanem
756 2581 974 2652 vacuamque
992 2557 1188 2630 mirabitur.
1209 2557 1357 2630 Studen-

277 2684 361 2756 dum
380 2683 536 2767 assidue,
556 2692 592 2752 et
608 2704 720 2776 usque
738 2683 783 2754 ad
800 2693 978 2753 extremas
997 2681 1079 2752 vitae
1096 2679 1262 2774 reliquias
1281 2681 1356 2754 sine

277 2807 533 2878 intermissione
549 2805 755 2878 discendum
769 2804 941 2897 exemplis
956 2802 1146 2875 innumeris
1163 2814 1199 2874 et
1215 2803 1355 2875 illustri—

278 2929 343 3000 bus
363 2928 613 2998 admoneamur
632 2949 652 2998 e
671 2925 801 3019 quibus
823 2947 932 3017 pauca
960 2925 1173 2998 subnectam.
1195 2927 1355 3000 Socrates

275 3048 416 3141 quidem
442 3047 543 3140 quasi
570 3046 856 3141 philosophorum
883 3058 1001 3140 pater,
1029 3071 1138 3120 senex
1167 3050 1353 3123 tractandis

276 3170 404 3241 fidibus
424 3192 565 3263 operam
588 3170 696 3253 dedit;
719 3169 843 3241 litteris
865 3171 990 3263 graecis
1012 3172 1104 3256 Cato,
1126 3171 1209 3243 dum
1222 3171 1354 3245 doctior

276 3289 350 3361 fieri
371 3291 474 3387 cupit.
498 3291 567 3362 Nec
587 3292 739 3364 laborem
761 3293 997 3388 Pythagorae,
1023 3315 1086 3364 nec
1105 3293 1236 3364 Plinius
1263 3313 1353 3364 mor-

277 3426 345 3488 tem
363 3415 490 3504 timuit,
509 3436 574 3486 nec
589 3416 806 3486 Democritus
824 3416 1028 3487 caecitatem.
1045 3415 1209 3508 Princeps
1226 3415 1353 3508 eloquii

275 3539 393 3610 Cicero
423 3536 532 3608 verba
557 3539 711 3608 facturus
737 3558 930 3610 excusasse
962 3537 1088 3609 dicitur
1112 3535 1207 3630 quod
1239 3537 1353 3610 triduo

275 3684 344 3734 non
370 3662 523 3754 legisset.
551 3660 785 3756 Philosophiae
811 3672 928 3734 autem
954 3662 1114 3754 princeps
1139 3662 1257 3746 Plato,
1285 3683 1354 3732 uno

275 3795 311 3856 et
329 3784 504 3876 octoginta
523 3782 624 3854 annis
643 3784 810 3870 moriens,
835 3784 902 3856 sub
918 3783 1031 3877 eapite
1049 3806 1117 3856 non
1133 3805 1352 3858 nummorum

276 3909 433 3979 sacculos
451 3907 570 3978 senilis
594 3915 699 3979 testes
720 3907 890 3989 avaritiae,
914 3906 977 3978 sed
998 3907 1104 3979 libros
1125 3906 1352 4002 philosophici

277 4027 381 4128 studii
402 4039 645 4118 argumentum
670 4027 800 4112 babuit,
824 4030 925 4122 quasi
942 4030 977 4099 in
999 4030 1133 4102 silentio
1153 4031 1354 4122 loqueretur

276 4154 312 4211 et
326 4145 469 4214 diceret:
488 4147 615 4236 quibus
636 4148 775 4238 ingenio
791 4149 918 4220 vivens
935 4151 1075 4222 incubui
1094 4149 1234 4243 quando
1255 4147 1353 4221 aliter
