2958 4804
288 406 344 466 21⁹2
625 419 666 468 uu
686 418 785 465 liunus
807 415 1027 463 annullamus

288 552 354 622 bus
388 560 548 645 acceptus
581 552 704 643 ingens
737 551 918 642 gaudium,
954 549 1019 620 sibi
1054 571 1136 620 mox
1168 552 1364 643 legitimum

288 688 424 767 tempus
435 674 654 765 anticipando
668 673 789 742 merito
801 671 1048 763 Lugdunensis
1063 673 1221 742 ecclesiae
1234 676 1365 766 praesul

287 798 475 888 singularis
496 796 617 889 gloria,
643 795 708 866 sibi
731 797 867 891 tandem
893 816 1047 866 romanae
1065 794 1158 867 sedis
1179 796 1366 891 presbyter

285 921 470 992 cardinalis
505 942 639 990 summa
671 919 828 1003 felicitas,
869 930 904 990 et
937 919 1127 990 novissime
1159 919 1365 989 Portuensis

284 1043 469 1137 episcopus
491 1064 590 1137 paene
623 1053 784 1113 votorum
817 1041 970 1112 omnium
1000 1049 1121 1135 portus
1154 1063 1194 1112 ac
1219 1037 1364 1134 ‘requies

284 1165 389 1236 fuisti.
404 1164 537 1248 Quibus
556 1164 602 1234 ita
621 1187 658 1236 se
677 1163 894 1249 habentibus,
909 1165 952 1236 de
968 1163 1034 1236 hoc
1050 1166 1223 1256 longaevae
1240 1166 1363 1236 matris

284 1285 391 1356 exitio
404 1285 488 1377 quid
505 1286 644 1378 opiner?
663 1287 819 1357 Profecto
836 1309 915 1357 cum
934 1287 1007 1358 suis
1025 1287 1178 1371 dotibus,
1198 1309 1279 1359 cum
1297 1288 1363 1358 viri

283 1409 447 1490 claritate,
467 1418 539 1479 tum
561 1407 709 1480 liliorum
731 1431 877 1480 numero
896 1419 931 1480 et
948 1410 1074 1501 gratia,
1097 1421 1169 1481 tum
1186 1410 1362 1504 praecipue

285 1533 353 1604 tuis
376 1533 482 1604 titulis
506 1543 632 1624 tuaque
653 1534 781 1626 pietate
807 1533 890 1603 felix
918 1533 1055 1618 mulier,
1084 1532 1242 1626 adeoque
1267 1533 1360 1616 felix,

283 1668 323 1729 ut
350 1657 407 1727 hic
438 1657 500 1726 vix
526 1655 593 1726 iam
622 1655 751 1726 felicior
782 1676 864 1726 esse
895 1665 1029 1748 posset,
1066 1656 1361 1750 opportunissimo

283 1787 437 1873 tempore
457 1778 502 1848 ab
519 1778 584 1848 hac
601 1778 732 1849 caduca
749 1786 785 1848 et
800 1777 899 1848 brevi
917 1778 961 1850 ad
978 1789 1145 1850 aeternam
1162 1777 1359 1850 felicitatem

284 1903 463 1984 translata,
486 1921 577 1970 nunc
597 1900 632 1970 in
652 1902 741 1972 coelo
757 1900 840 1971 vitae
853 1901 1009 1972 mortalis
1027 1900 1199 1993 superatis
1220 1901 1361 1972 casibus

283 2023 486 2116 triumphat,
502 2021 617 2092 virum
631 2033 762 2107 secuta,
778 2021 868 2093 lilios
885 2044 1096 2116 praegressa,
1109 2023 1194 2119 illuc
1212 2045 1360 2118 quoque,

282 2144 430 2240 peractis
457 2146 599 2216 feliciter
632 2145 700 2217 aevi
728 2145 862 2240 spatiis,
896 2153 1142 2238 perventuros:
1176 2155 1212 2216 et
1237 2145 1268 2215 si
1294 2168 1362 2238 quo

283 2269 399 2339 forsan
417 2269 511 2339 fasce
528 2289 695 2361 corporeo
713 2267 881 2350 tardatur,
900 2288 964 2338 nec
980 2265 1095 2337 adhuc
1111 2268 1237 2339 coelum
1259 2276 1359 2352 tenet,

283 2391 420 2462 devotis
442 2401 496 2462 est
518 2390 631 2482 magis
655 2390 817 2485 precibus
844 2387 1042 2463 adiuvanda
1067 2411 1171 2482 quam
1197 2390 1359 2476 lacrimis.

283 2514 354 2584 Hoc
380 2513 436 2585 illa
462 2514 508 2584 de
536 2523 570 2583 le
595 2525 725 2606 sperat,
760 2514 825 2584 hoc
858 2513 904 2582 illi
938 2512 1071 2604 gratius
1095 2513 1224 2584 donum
1245 2513 1359 2596 dabis;

282 2654 343 2705 oro
360 2658 404 2705 ne
422 2637 558 2726 lugeas,
581 2646 685 2728 atque
706 2637 810 2720 illam,
827 2636 857 2706 si
880 2635 1053 2707 viventem
1074 2637 1131 2708 hic
1148 2639 1281 2723 amasti,
1301 2662 1360 2734 pa-

282 2765 354 2828 tere
381 2779 483 2849 aequo
513 2757 640 2841 animo,
675 2757 924 2850 gloriosissime
956 2768 1065 2854 pater,
1101 2781 1149 2830 er
1180 2761 1249 2830 alto
1282 2761 1359 2831 licet

281 2891 429 2951 terrenae
456 2880 660 2951 conditionis
692 2881 803 2970 gradu
830 2880 875 2951 ad
901 2902 1074 2952 summum
1095 2883 1231 2952 culmen
1256 2885 1359 2954 crele-

281 3003 344 3073 stis
364 3000 531 3072 felicitatis
558 3001 757 3072 ascendere.
784 3001 876 3086 Quid
908 3002 1000 3073 enim
1032 3004 1180 3099 amplius
1200 3003 1257 3075 hic
1277 3027 1358 3097 age

280 3124 360 3195 bat?
380 3124 492 3207 Quem
514 3133 546 3194 te
567 3123 735 3215 aspicere,
758 3120 860 3216 quem
887 3136 1006 3217 optare
1030 3126 1098 3196 iam
1124 3107 1268 3218 poterat,
1291 3128 1356 3199 nisi

281 3250 367 3319 forte
401 3257 439 3316 ut
472 3267 652 3318 romanum
686 3245 882 3341 pontificem
905 3259 938 3318 te
962 3248 1119 3320 videret?
1142 3249 1272 3321 Verum
1293 3248 1355 3321 hac

279 3370 440 3463 opinione
462 3391 553 3453 sum,
573 3380 611 3439 ut
633 3379 713 3440 tunc
736 3369 866 3441 felicius
895 3369 981 3440 mori
1011 3379 1127 3463 putem
1148 3373 1288 3464 quando
1313 3373 1354 3444 de

277 3493 442 3584 praesenti
477 3489 642 3582 gaudiani
677 3491 789 3577 adest,
824 3501 860 3562 et
892 3491 936 3562 de
968 3493 1085 3563 futuro
1119 3514 1216 3585 spes,
1251 3516 1354 3586 quam

278 3613 432 3705 quando,
455 3623 693 3714 consummata
717 3635 781 3706 spe
805 3621 909 3705 atque
935 3612 1096 3684 omnibus
1121 3613 1250 3684 habitis
1276 3634 1354 3707 quae

277 3743 461 3827 sperantur
487 3737 542 3806 vel
569 3744 731 3828 optantur
755 3735 788 3803 in
814 3735 928 3818 terris,
963 3733 1031 3805 iam
1065 3733 1194 3805 sensim
1218 3733 1293 3826 spei
1314 3735 1354 3804 ti-

278 3879 352 3926 mor
372 3855 575 3950 obrepserit.
597 3859 726 3928 Natura
751 3858 842 3927 enim
862 3858 1122 3929 demonstrante
1142 3869 1353 3953 compertum

275 3989 330 4048 est
361 3989 400 4050 ut
436 3981 635 4072 optantibus
662 3981 897 4073 consequendi
932 4003 1040 4075 spem,
1077 3983 1127 4052 sic
1158 3981 1352 4052 consecutis

276 4101 454 4171 amittendi
472 4101 687 4174 formidinem
707 4102 885 4174 inhaerere.
906 4103 961 4174 Sic
977 4103 1095 4196 itaque
1113 4103 1242 4175 sentio:
1260 4104 1352 4173 nullo

276 4223 400 4292 melius
427 4233 580 4315 tempore
606 4236 746 4295 matrem
770 4235 861 4295 tuam
880 4227 924 4296 ad
947 4247 1091 4319 superos
1113 4227 1348 4318 migraturam,
