3024 4802
277 344 334 405 522
630 355 671 403 on
692 356 794 405 aucus
815 355 1037 406 annullamus

279 500 434 563 armatus
466 489 683 584 Chrysippus
710 490 785 582 ipse
820 489 1075 563 succumberet.
1105 491 1172 564 Diu
1203 495 1299 564 enim
1324 497 1373 566 nil

279 612 380 685 aliud
401 613 566 703 cogitavi,
582 614 792 705 plenumque
810 622 915 705 caput
935 613 1127 686 rationibus
1143 623 1179 686 et
1196 617 1370 710 exemplis

285 736 408 808 babeo.
431 735 600 826 Magistra
625 756 743 805 rerum
763 736 978 828 experientia
999 759 1136 808 mecum
1158 739 1279 820 sentit;
1297 739 1370 810 ine-

283 869 381 952 ptum
415 869 450 928 et
481 858 628 944 indocile
658 860 788 950 vulgus
819 855 1009 932 adversum
1042 873 1107 933 est.
1138 860 1214 932 Noli
1248 883 1369 933 secum

281 993 402 1073 partes
423 981 552 1050 facere:
572 980 708 1049 vincam
729 988 772 1063 te,
790 980 922 1064 Caesar,
943 978 1010 1051 sub
1027 1001 1248 1073 quocumque
1265 983 1367 1066 iusto,

282 1104 363 1174 licet
385 1101 519 1173 urbano
539 1099 680 1172 iudicio:
703 1102 830 1195 quippe
855 1103 916 1195 qui
945 1103 1012 1174 hoc
1039 1103 1115 1198 ipso
1144 1114 1216 1175 tam
1242 1108 1368 1197 plenus

284 1225 367 1308 sim,
393 1234 431 1296 ut
450 1223 495 1294 de
515 1235 613 1316 parte
635 1225 691 1294 vel
712 1223 843 1317 exigua
863 1223 1017 1298 libelluin
1034 1249 1145 1298 unum
1164 1249 1279 1322 nuper
1295 1227 1368 1300 edi-

283 1349 407 1422 derim.
430 1347 613 1439 Intercepit
633 1347 692 1418 ille
712 1347 971 1441 promptissime
990 1360 1041 1419 et:
1062 1349 1130 1420 hoc
1146 1349 1262 1442 ipsum
1284 1350 1366 1432 scio,

284 1471 406 1563 inquit,
428 1479 464 1540 et
485 1471 516 1540 si
536 1491 690 1562 unquam
717 1469 762 1541 ad
788 1491 913 1542 manns
934 1491 1032 1542 meas
1058 1470 1145 1542 liber
1164 1472 1222 1542 ille
1243 1493 1369 1565 parve

283 1594 386 1676 norit,
408 1591 549 1684 ignibus
569 1615 650 1663 eum
669 1593 813 1664 tradam.
835 1593 1039 1679 Providebo‚
1059 1594 1216 1686 inquam,
1236 1594 1365 1676 Caesar,

284 1739 327 1788 ne
349 1716 539 1809 perveniat.
553 1715 604 1786 lta
616 1715 728 1806 longis
743 1715 941 1810 iocosisque
959 1715 1179 1788 sermonibus
1192 1724 1368 1810 protracta

283 1837 463 1910 altercatio
479 1847 549 1920 est,
569 1846 608 1907 ut
627 1840 738 1909 fatear
757 1861 805 1908 ex
822 1840 985 1912 omuibus
1002 1860 1091 1932 quos
1108 1849 1367 1934 oppugnatores

284 1961 449 2034 solitariae
470 1960 554 2032 vitae
575 1982 652 2031 sum
674 1971 859 2054 expertus,
881 1966 1016 2034 nullum
1036 1962 1178 2034 audisse
1196 1972 1318 2034 contra
1334 1961 1368 2034 id

283 2084 368 2156 vitae
393 2104 506 2174 genus
539 2083 714 2154 efficacius
736 2083 981 2178 disputantem.
1004 2083 1099 2154 Finis
1119 2082 1148 2154 is
1170 2084 1246 2167 luit,
1276 2093 1315 2155 ut
1340 2084 1368 2155 si

284 2205 400 2278 dicere
421 2207 598 2277 Caesarem
618 2217 679 2278 aut
698 2207 841 2278 credere
859 2209 990 2279 victum
1011 2207 1104 2291 licet,
1125 2203 1244 2278 verbis
1261 2217 1298 2279 et
1314 2230 1368 2278 ra-

285 2331 395 2412 tione,
414 2329 483 2398 nisi
501 2330 614 2412 lallor,
629 2328 757 2410 victus,
777 2329 935 2421 opinione
955 2339 1072 2400 autem
1094 2349 1158 2402 sua
1177 2352 1247 2400 non
1265 2330 1368 2403 modo

285 2451 452 2534 invictus
476 2452 540 2524 sed
564 2451 667 2523 etiam
689 2455 802 2544 palam
825 2453 958 2536 victor‚'
974 2453 1039 2525 hoc
1064 2453 1223 2525 ultimum
1246 2475 1368 2548 preca-

286 2581 398 2658 retur,
414 2584 452 2646 ut
465 2595 582 2645 secum
601 2577 747 2647 Romam
764 2585 929 2668 peterem.
948 2577 1044 2648 Hanc
1060 2576 1152 2650 enim
1169 2575 1281 2649 luisse
1300 2579 1368 2670 pri-

286 2721 378 2770 mam
399 2718 540 2768 oausam
563 2718 619 2767 me
638 2697 765 2790 quietis
786 2698 929 2772 avidum
949 2709 1019 2770 tam
1040 2699 1191 2772 adverso
1211 2709 1367 2795 tempore

286 2821 462 2912 fatigandi.
480 2821 608 2914 Optare
629 2841 669 2890 se
688 2830 820 2892 tantam
841 2819 965 2892 urbem
985 2843 1055 2892 non
1076 2821 1151 2894 suis
1171 2821 1282 2906 modo,
1306 2821 1367 2894 sed

287 2940 389 3024 mois,
414 2951 451 3012 ut
470 2944 517 3012 ita
539 2942 666 3024 dicam,
689 2941 801 3014 oculis
820 2942 960 3014 videre:
981 2964 1085 3034 egere
1105 2944 1208 3015 etiam
1234 2963 1275 3015 se
1300 2944 1368 3015 mei

287 3063 476 3156 praesentia
495 3063 531 3133 in
549 3062 761 3154 quibusdam
775 3063 911 3135 Tusciae
929 3063 1084 3151 urbibus,
1107 3066 1152 3138 de
1171 3065 1301 3159 quibus
1321 3067 1367 3138 ita

287 3186 423 3256 locutus
443 3196 511 3268 est,
539 3195 575 3256 ut
598 3185 751 3257 ltalicum
773 3183 963 3273 homiuem,
986 3200 1021 3260 et
1044 3190 1199 3262 Italicum
1225 3191 1368 3262 credere

286 3327 412 3400 posses
444 3307 633 3398 ingenium.
661 3308 761 3391 Quod
785 3309 852 3381 etsi
878 3310 965 3381 mihi
988 3311 1175 3385 admodum
1198 3313 1364 3404 placeret,

286 3438 449 3524 pergrata
476 3430 568 3500 enim
589 3428 659 3500 duo
682 3431 822 3502 nomina
848 3431 956 3504 Roma
974 3443 1011 3504 et
1030 3432 1150 3504 Caesar
1168 3432 1216 3504 ita
1240 3453 1367 3504 convo

288 3563 426 3636 nerant,
450 3560 487 3624 ut
507 3553 554 3622 nil
578 3553 694 3624 animo
719 3577 798 3627 meo
827 3554 965 3626 dulcius
993 3577 1098 3647 quam
1127 3577 1206 3627 cum
1228 3555 1367 3628 Caesare

288 3675 431 3748 Romam
452 3676 515 3758 ire,
540 3673 657 3746 multis
677 3687 792 3749 tamen
811 3699 858 3748 ex
878 3678 995 3749 causis
1012 3678 1138 3771 partim
1157 3677 1270 3760 iustis,
1287 3699 1368 3769 par-

289 3797 347 3868 tim
369 3797 578 3870 necessariis
606 3799 748 3890 negavi:
775 3798 868 3870 unde
888 3821 981 3872 nova
1002 3799 1127 3871 iterum
1152 3801 1196 3870 lis
1222 3799 1363 3884 exarsit,

288 3939 367 4011 quae
387 3921 422 3990 in
441 3923 569 3993 multos
586 3921 663 3993 dies
683 3922 852 4014 producta
865 3922 955 3992 finiri
969 3944 1082 4015 usque
1100 3921 1145 3994 ad
1163 3943 1365 4014 supremum

287 4044 366 4114 vale
398 4065 466 4115 non
492 4045 617 4137 potuit,
649 4046 789 4137 quaudo
807 4045 1000 4118 Mediolano
1026 4045 1158 4117 scilicet
1183 4043 1366 4148 abeuntem

290 4162 377 4232 ultra
393 4165 577 4239 Placentiae
596 4189 716 4240 muros
736 4168 782 4242 ed
800 4170 959 4262 quintum
975 4169 1126 4264 lapidem
1143 4175 1364 4261 prosecutus
