3062 4798
262 325 320 385 38'8
600 337 641 386 nn
663 338 763 388 nunus
785 328 1008 390 rnuruilmnus

935 417 945 450 l

261 479 309 547 ris
334 495 471 548 uuuouu
491 488 655 546 momeulo
677 477 772 559 trudi,
801 485 835 546 et
861 477 945 548 illud
970 479 1072 546 uesrtl
1104 478 1197 569 plebs
1228 471 1344 548 ieiuna

263 605 385 670 timere.
412 599 626 692 Interrogavi
654 600 807 682 tandem,
830 622 912 668 num
940 621 995 669 me
1021 621 1126 688 agere
1150 600 1341 692 quidquam

157 799 163 807 ,
263 726 413 794 vellent:
435 721 618 794 eratenim
643 722 778 793 animus
800 728 942 814 propter
962 721 1083 801 Deum,
1110 729 1251 813 propter
1271 719 1343 789 vir-

264 856 386 928 tutem,
409 855 549 938 propter
574 843 732 937 patriam,
760 852 969 935 propterte,
993 842 1022 912 si
1043 841 1128 934 quid
1148 852 1340 934 optassent,

262 967 406 1059 implere
429 989 490 1060 pro
511 966 655 1050 viribus
677 973 713 1037 et
732 964 825 1058 quod
846 963 1002 1060 pecuniae
1020 965 1083 1058 pro
1101 965 1227 1037 viatico
1249 989 1343 1038 sum-

262 1111 400 1183 pseram
422 1113 500 1161 oum
523 1091 589 1160 illis
609 1089 738 1183 partiri.
762 1089 846 1172 Seis,
870 1087 936 1158 etsi
958 1088 1043 1159 nihil
1061 1089 1238 1174 addidero,
1260 1090 1344 1182 quid

263 1237 383 1285 omnes
406 1214 486 1283 vira
510 1235 594 1285 voce
620 1211 885 1306 responderint:
908 1213 998 1282 velle
1020 1233 1057 1282 se
1079 1212 1163 1282 nihil
1185 1235 1342 1306 prorsus,

262 1335 330 1406 nisi
364 1347 400 1406 ut
426 1357 489 1428 pro
521 1335 573 1405 eis
599 1357 735 1406 orarem
763 1333 941 1404 Christum
967 1334 1068 1405 daret
1098 1356 1285 1430 prosperos
1310 1335 1344 1404 in

262 1459 407 1552 patriam
432 1458 576 1540 reditus,
604 1469 639 1528 et
660 1457 694 1527 in
716 1456 820 1527 finem
846 1455 979 1528 facilem
1008 1477 1169 1550 supernae
1193 1456 1343 1528 civitatis

262 1581 474 1672 ingressum.
495 1581 627 1652 Caetera
646 1580 712 1650 illis
731 1579 858 1650 affatim
879 1581 1029 1673 provisa.
1049 1581 1125 1672 Ego
1143 1601 1227 1650 vero
1245 1589 1345 1652 ulex

263 1715 320 1773 me
337 1702 466 1796 aliquid
480 1704 636 1797 accipere
654 1703 688 1772 in
707 1705 859 1774 animum
873 1703 1085 1788 inducerem,
1101 1705 1227 1775 iterum
1241 1714 1345 1796 atque

260 1825 387 1896 iterum
422 1827 657 1918 nequidquam
693 1827 810 1898 institi.
843 1829 935 1914 Quid
970 1829 1046 1899 vis?
1073 1829 1213 1920 Agnovi
1250 1832 1345 1899 femi-

262 1971 362 2021 neam
396 1971 575 2024 romanam
600 1949 764 2036 indolem,
792 1963 827 2023 et
852 1953 1043 2024 delectatus
1070 1975 1161 2036 sum,
1188 1953 1344 2044 cogitans

261 2097 366 2166 quam
395 2077 579 2144 multarum
608 2076 785 2146 nationum
815 2077 953 2148 feminae
984 2100 1052 2148 non
1091 2080 1202 2148 solum
1231 2077 1345 2149 oblata

263 2177 331 2268 uon
357 2208 574 2292 respuerent,
598 2183 662 2270 sed
688 2211 814 2290 negata
833 2201 936 2270 eliam
963 2195 1158 2294 importune
1178 2201 1346 2295 deposce-

263 2301 350 2390 rent,
369 2321 499 2391 Verum
518 2304 641 2392 odiosa
659 2321 804 2392 veritas:
824 2311 940 2414 itaque
956 2322 1155 2394 nominibus
1168 2322 1346 2394 abstinen-

262 2433 358 2512 ¹dum.
379 2443 542 2514 Romanae
569 2453 685 2514 autem
713 2453 844 2515 nostrae
871 2444 1028 2515 affectum
1052 2445 1157 2516 animi
1181 2445 1246 2516 mei
1267 2467 1346 2536 gra-

264 2572 377 2634 tanter
409 2569 602 2664 amplexae,
638 2565 788 2637 oblatam
823 2565 1006 2658 pecuniam
1042 2563 1225 2656 magnifice
1263 2587 1345 2636 oon—

251 2699 490 2780 ⁴tempserunt.
530 2689 628 2760 Dicat
666 2689 773 2760 modo
810 2689 870 2781 qui
908 2690 1002 2760 volet
1041 2689 1258 2783 importunos
1300 2687 1344 2758 ad

261 2811 465 2910 petendum,
492 2811 650 2904 ingratos
685 2835 763 2884 cum
794 2813 1018 2907 acceperint:
1047 2829 1131 2904 paee
1162 2814 1248 2884 tanti
1283 2813 1344 2883 de·

262 2935 422 3006 tracteris
444 2935 616 3006 dixerim:
644 2937 816 3005 Romanos
839 2957 907 3026 ego
932 2935 1028 3020 novi,
1052 2945 1088 3008 et
1112 2936 1156 3008 ad
1177 2957 1344 3029 spernen-

263 3057 347 3126 dum
380 3055 496 3126 oblata
531 3057 783 3146 magnanimos,
820 3065 855 3126 et
894 3079 1067 3130 memores
1108 3068 1342 3153 acceptorum,

264 3199 327 3248 neo
354 3177 451 3280 uiros
481 3178 584 3250 modo
615 3180 677 3250 sed
706 3179 864 3266 feminae,
895 3203 977 3274 quae
1011 3191 1134 3269 natura
1169 3183 1345 3254 ducuntur

263 3300 452 3372 avariores.
474 3302 560 3372 Nolo
581 3313 614 3373 te
634 3301 669 3371 in
695 3302 749 3373 his
787 3303 908 3375 litteris
941 3305 1045 3388 hodie
1082 3315 1202 3376 tenere
1235 3325 1345 3396 quan-

263 3430 335 3492 tum
368 3445 428 3494 eas
462 3423 496 3494 in
530 3424 652 3497 itinere
684 3424 740 3497 die
773 3427 829 3512 illa
863 3427 971 3511 tenni,
1007 3428 1266 3520 tenuissemque
1304 3427 1345 3496 li-

262 3543 385 3616 benter
407 3545 451 3616 ad
472 3569 666 3641 vesperam,
689 3569 768 3618 cum
789 3558 884 3618 esset
905 3547 991 3640 hora
1011 3548 1079 3619 diei
1102 3549 1255 3620 nondum
1277 3559 1344 3618 ter-

264 3667 323 3751 tia,
347 3667 414 3741 nisi
435 3669 517 3761 quia
538 3670 671 3741 veritus
693 3680 862 3742 sumtum
887 3691 1025 3742 sacrum
1053 3671 1211 3743 femineae
1233 3671 1344 3742 devo-

263 3787 365 3860 tionis
387 3787 553 3884 impetum
582 3791 757 3861 remorari.
785 3792 831 3860 Et
847 3791 922 3884 ipse
940 3801 1109 3884 praeterea
1125 3790 1340 3876 festinabam,

261 3909 340 3979 viso
356 3911 471 3995 fratre,
494 3910 750 4004 longiusculum
770 3912 836 3983 iter
853 3913 942 3986 duce
962 3915 1035 3986 Deo
1052 3915 1087 3985 in
1101 3914 1232 3986 ltaliam
1247 3920 1343 3984 actu-

262 4029 349 4110 rus,
366 4031 461 4120 quod
482 4041 658 4104 maturare
682 4031 856 4126 disposui,
880 4035 910 4104 si
929 4035 1074 4107 forsitan
1087 4037 1201 4114 ¹fatum
1224 4055 1341 4104 meum

263 4146 378 4219 studio
410 4150 500 4228 flecti
533 4135 653 4253 queat,
689 4177 734 4225 ne
767 4177 907 4249 semper
934 4179 1082 4250 peregre
1106 4161 1338 4251 profecturus
