3024 4802
409 417 502 466 nrnnn
523 416 1077 468 uonusnnuruus.-nr1sronnuni.
1217 406 1276 468 533

193 575 286 628 nunc
306 553 356 626 sic
372 554 407 623 in
426 551 582 646 epistolis
603 553 688 624 meis
716 552 805 624 sicut
829 562 865 623 et
902 551 937 622 in
969 550 1135 622 memoria
1163 553 1275 623 locum

191 675 336 770 qnaeris,
354 697 419 748 nec
439 674 589 748 attendis
613 675 716 767 quale
750 674 795 746 sit
827 673 1014 767 hospitium
1048 671 1106 744 uhi
1126 672 1273 758 habitae,

192 799 257 876 sed
273 798 353 892 quis
374 799 513 892 hospes.
535 798 579 868 Et
595 797 748 890 prolecto
769 795 871 867 nimis
893 793 1099 868 ambitiosus
1125 808 1193 881 est,
1216 796 1276 891 qui

191 943 262 993 nnn
279 918 444 994 libentius
464 921 523 992 vel
542 919 720 1014 proprium
748 920 807 989 vel
836 916 999 1013 pauperis
1033 917 1133 990 amici
1153 918 1274 1003 limen,

190 1062 299 1137 quom
318 1042 428 1135 ignoti
445 1042 540 1134 regis
557 1041 684 1114 atrium
704 1040 910 1133 ingreditur.
932 1039 1054 1112 Cernis
1086 1048 1123 1112 nt
1151 1039 1275 1134 cupide

191 1167 371 1259 tugurium
393 1186 496 1238 sunm
511 1174 645 1258 pastor,
664 1163 784 1238 nidum
798 1161 965 1248 volneris,
984 1162 1163 1236 cuniculos
1182 1166 1273 1247 ferae,

192 1289 331 1366 stabula
351 1309 479 1381 greges
499 1295 634 1381 petant,

351 1483 450 1564 thue
467 1483 540 1564 ipsae
556 1499 711 1547 memores
729 1485 851 1548 redeant
868 1484 899 1546 in
916 1491 999 1564 septa
1015 1485 1150 1564 capolim

189 1664 285 1760 quod
301 1664 350 1736 ait
367 1665 475 1750 Maro,
494 1676 692 1758 quaerentes
713 1687 782 1739 non
802 1664 1000 1758 pulchriora
1026 1665 1090 1737 sed
1122 1664 1273 1757 propria,

190 1798 231 1858 ut
247 1807 350 1878 quem
369 1807 437 1857 non
458 1785 589 1858 homini
616 1794 764 1872 tantum,
788 1786 851 1859 sed
876 1786 1009 1858 cunctis
1039 1784 1274 1857 animantibus

190 1908 334 1979 insitum
351 1907 536 1992 videmuS,
568 1918 701 1981 naturae
734 1930 805 1980 non
837 1906 1039 1980 dubitemus
1072 1907 1273 1980 instinctum

191 2047 274 2099 esse
295 2047 399 2118 quem
422 2027 593 2119 sequeris,
618 2038 655 2098 nt
688 2027 817 2099 scilicet
847 2049 915 2099 non
931 2027 1128 2099 .doctorum
1161 2028 1273 2119 magis

191 2147 372 2221 hominum
394 2168 498 2240 quam
520 2147 709 2220 amicorum
729 2148 866 2242 scriptis
887 2158 984 2221 tunm
1006 2169 1132 2220 nomen
1163 2150 1273 2221 inser·

192 2283 266 2344 tum
287 2270 388 2342 velis.
407 2269 514 2342 Cuius
533 2277 566 2341 te
583 2269 655 2340 voti
676 2279 869 2364 compotem
890 2280 924 2342 et
953 2269 1033 2355 feci,
1067 2281 1103 2342 et
1136 2270 1165 2342 si
1199 2271 1272 2341 vita

191 2415 310 2467 nomes
328 2393 401 2477 erit,
421 2392 556 2479 faciam,
575 2395 741 2490 praelatus
761 2391 834 2477 tihi,
854 2393 948 2486 quod
966 2391 1092 2486 hospiti
1110 2392 1192 2465 olim
1210 2413 1275 2465 suo

192 2539 258 2589 rex
275 2516 453 2601 Evander,
472 2504 532 2610 qui
553 2536 633 2588 cum
655 2515 791 2608 inopem
813 2515 847 2584 in
862 2518 977 2588 aulam
994 2515 1157 2588 invitaret
1170 2516 1274 2586 AEne·

192 2660 261 2723 am,
295 2659 460 2730 magnum
483 2637 530 2709 ihi
552 2637 722 2731 hospitem
742 2637 847 2710 alium
881 2637 951 2710 iam
983 2637 1094 2710 fnisse
1126 2660 1275 2712 comme-

192 2773 323 2834 morat:
344 2835 347 2843 ,

554 2857 623 2922 Haec
641 2856 764 2942 (lnquit)
782 2858 887 2922 limina
904 2856 1005 2920 victor

393 2955 510 3038 Alcides
528 2955 634 3032 subiit,
653 2957 717 3022 haec
734 2956 820 3021 illum
837 2955 920 3036 regia
937 2955 1025 3035 cepit.

189 3129 297 3212 ,Quasi
314 3129 459 3213 diceret,
473 3153 518 3201 ne
534 3131 707 3225 despicias
727 3143 965 3228 paupertatem
979 3143 1146 3219 nostram,
1162 3153 1277 3227 neque

192 3247 393 3340 dedigneris
411 3247 645 3322 habitaculum
662 3252 931 3346 quoddignatus
945 3265 1000 3326 est
1012 3257 1190 3328 Herculea.
1202 3257 1277 3348 Ego

193 3369 286 3444 idem
308 3369 368 3441 tihi
390 3369 580 3464 amicisque
601 3371 687 3455 aliis,
715 3381 753 3444 ut
777 3395 899 3446 omnes
925 3375 1028 3447 modo
1054 3389 1168 3448 tenum
1193 3380 1278 3450 allo

193 3516 297 3589 quar,
318 3515 467 3588 quorum
498 3492 638 3566 nomina
667 3493 803 3587 scriptis
834 3494 982 3582 inserui,
1011 3505 1159 3569 testatus
1187 3518 1276 3569 sum.

124 3629 126 3634 '
191 3619 325 3690 Parcite
345 3626 381 3688 et
397 3617 638 3710 aequanimiter
654 3618 757 3701 terte,
777 3639 913 3710 precor,
938 3619 967 3690 si
989 3639 1058 3690 non
1078 3639 1142 3713 par
1155 3619 1277 3710 gloriae

191 3750 321 3812 vestran
341 3741 437 3812 loeus
458 3749 523 3823 est,
548 3737 607 3810 ubi
632 3759 698 3811 vos
719 3737 870 3812 includo:
890 3762 1003 3834 neque
1037 3741 1160 3814 sordes
1194 3761 1277 3832 ege-

193 3870 389 3955 statemque
423 3861 593 3934 sermonis
621 3863 688 3934 mei
713 3860 878 3935 horreant
901 3883 1003 3936 aures
1030 3863 1191 3957 oculique
1215 3885 1278 3936 ve-

194 3986 268 4058 stri.
283 3986 374 4056 Esse
391 3984 549 4077 quidem,
564 3982 658 4076 qnod
670 3984 943 4078 nemn'amhigit,
959 3984 1115 4059 nobiliori
1134 3987 1168 4058 in
1180 3997 1279 4081 parte

192 4095 443 4190 mereminiaat
463 4127 533 4178 non
555 4107 719 4180 meritum
741 4119 919 4195 vestrum,
938 4108 1006 4182 imo
1026 4112 1172 4184 facultas
1185 4113 1279 4186 aesti-

193 4237 308 4302 matur
330 4250 418 4302 mea.
439 4227 516 4302 Non
536 4226 594 4302 ubi
619 4228 729 4315 deret,
750 4231 811 4304 sed
834 4231 890 4306 ubi
912 4254 1055 4326 possum
1089 4255 1154 4306 vos
1184 4236 1280 4308 exci-
