2988 4800
229 326 285 385 llo
562 342 602 388 nn
626 341 724 388 annus
747 341 968 391 annullamus

229 483 312 546 strae
332 475 470 546 virtutis
491 496 606 546 messe
626 475 853 548 laetissimus?
871 477 933 546 Cui
951 500 1104 570 unquam
1122 489 1191 548 tam
1210 480 1304 551 ferti-

228 597 271 667 lis
295 609 330 669 et
351 609 419 668 tam
441 599 525 670 felix
544 599 697 670 fronduit
718 600 872 690 agellus?
892 601 989 671 Adeo
1010 601 1136 694 quippe
1149 605 1301 674 nativam

231 722 293 790 soli
314 722 474 792 duritiem
501 733 619 793 vestra
652 723 734 794 vicit
767 723 950 808 industria,
973 735 1011 794 ut
1031 747 1095 795 nec
1119 725 1213 796 Afris
1238 749 1305 816 ego

230 843 298 914 iam
318 868 383 916 nec
401 844 523 916 Siculis
549 846 707 937 frugibus
729 847 919 932 invideam,
943 856 978 918 et
998 849 1226 938 Campanum,
1249 851 1306 918 Li-

230 964 304 1036 beri
323 969 527 1061 Cererisque
542 978 726 1053 certamen,
742 992 789 1039 ex
802 969 978 1040 uberrima
999 992 1037 1040 ac
1055 969 1304 1041 iucundissima

230 1089 322 1160 ruris
343 1091 411 1160 mei
433 1090 580 1162 statione
603 1091 806 1183 despiciam,
835 1092 1024 1184 quamlibet
1048 1093 1139 1183 regis
1164 1096 1307 1185 opulen-

232 1213 313 1283 tiam
335 1211 450 1283 animo
468 1234 728 1304 supergressus.
749 1215 798 1283 lta
816 1214 907 1284 enim
925 1214 1009 1283 mibi
1026 1214 1204 1305 contingat
1215 1215 1307 1284 hunc

231 1342 364 1402 tantum
382 1334 593 1428 Reipublicae
615 1338 785 1419 favorem,
813 1336 872 1428 qui
893 1359 984 1406 nunc
1004 1346 1134 1407 vestrae
1161 1336 1308 1407 liberali-

232 1457 313 1526 tatis
335 1469 388 1528 est
409 1457 583 1550 propriuS,
606 1458 792 1551 aliquando
809 1467 845 1528 et
861 1459 973 1528 meriti
992 1458 1060 1528 mei
1078 1481 1168 1540 esse,
1187 1470 1226 1529 ut
1242 1481 1308 1550 ego

169 1661 171 1666 ,
233 1583 343 1651 multo
363 1580 472 1675 pluris
492 1583 579 1651 facio
600 1592 757 1652 vestrum
774 1583 840 1652 hoo
861 1581 906 1652 de
926 1604 982 1652 me
1003 1583 1069 1652 tale
1089 1581 1254 1652 iudicium
1274 1594 1309 1653 et

232 1701 622 1775 honorificentissimum
656 1703 739 1774 illud
771 1705 921 1795 elogium
944 1706 1079 1774 muneri
1105 1715 1223 1776 vestro
1249 1706 1310 1776 ad-

234 1825 360 1910 ditum,
377 1848 481 1917 quam
502 1848 570 1896 non
592 1826 695 1904 modo
711 1825 911 1896 restitutum
929 1848 989 1896 seu
1008 1827 1128 1896 verius
1145 1826 1307 1897 donatum

234 1971 372 2041 agrum,
398 1948 460 2018 sed
477 1948 647 2041 quidquid
667 1949 808 2041 insuper
829 1949 956 2020 seritur
976 1951 1033 2020 vel
1050 1957 1168 2020 aratur
1187 1949 1223 2018 in
1243 1949 1310 2019 cir-

235 2073 345 2145 cuitu:
367 2071 461 2164 quod
485 2072 579 2142 haud
614 2072 752 2144 difficile
785 2094 841 2142 me
875 2093 1126 2165 persuasurum
1153 2093 1231 2143 reor
1250 2071 1308 2156 iis,

235 2195 363 2288 quibus
385 2197 453 2266 ulla
475 2217 591 2265 rerum
611 2218 767 2266 mearum
785 2195 887 2266 luerit
903 2217 950 2265 ex
968 2195 1311 2266 conversationem

238 2319 321 2389 titia.
344 2317 435 2401 Ouid
451 2319 544 2388 enim
563 2318 648 2388 mihi
665 2328 833 2410 praestare
851 2326 963 2408 potest
980 2316 1056 2388 haec
1074 2315 1206 2387 infinita
1222 2318 1311 2389 divi-

226 2443 360 2544 tiarum
384 2441 474 2522 sitis,
498 2451 603 2533 atque
614 2441 719 2512 auxia
736 2441 857 2512 finium
874 2450 911 2510 et
926 2461 1072 2532 operosa
1089 2440 1311 2533 propagatio‘.l

237 2563 337 2634 Certe
350 2584 419 2654 quo
437 2563 582 2633 ulterius
597 2571 724 2633 metam
735 2561 857 2645 fixero,
878 2563 1085 2656 longiusque
1098 2585 1309 2655 processero,

236 2706 279 2755 eo
298 2683 619 2776 magis-intelligam
641 2693 810 2776 quantum
831 2694 952 2770 restet,
969 2695 1004 2756 et
1024 2686 1151 2758 clarius
1168 2687 1313 2777 nequid·

237 2830 341 2899 quam
362 2808 468 2880 laxati
489 2806 582 2878 ruris
609 2809 807 2898 angustiaS,
835 2831 960 2901 meque
986 2809 1123 2902 inopem
1149 2833 1312 2901 recogno·

238 2953 343 3000 scam.
367 2931 394 2999 Ο
416 2951 652 3022 supervacuos
673 2929 819 3016 labores,
839 2955 917 3002 cum
935 2932 1020 3002 nihil
1040 2933 1195 3004 avaritiae
1218 2933 1312 3004 suffi-

237 3053 320 3124 ciat!
341 3053 469 3136 Quanti
489 3061 544 3122 esl
570 3053 665 3146 quod
697 3063 830 3125 naturae
858 3055 998 3140 sufficit,
1032 3065 1199 3148 quantum
1220 3055 1311 3148 quod

199 3224 200 3227 =
238 3179 419 3269 sepulcro?
436 3176 635 3266 Regnorum
653 3174 781 3248 finibus
802 3201 870 3249 non
892 3187 1072 3250 contentos
1090 3179 1209 3250 brevis
1228 3199 1312 3248 urna

239 3298 419 3383 concludit,
437 3299 511 3370 sine
523 3322 593 3391 qua
607 3310 726 3370 tamen
739 3311 774 3372 et
786 3301 874 3372 hene
888 3302 1009 3372 vivere
1025 3314 1060 3372 et
1072 3303 1215 3372 feliciter
1229 3302 1313 3372 mori

238 3424 324 3494 licet.
347 3422 532 3514 Equidem,
555 3424 798 3514 gloriosissimi
825 3424 936 3508 cives,
960 3425 1173 3517 indulgentia
1198 3436 1313 3496 vestra

239 3545 315 3617 haec
342 3555 380 3616 ut
407 3545 508 3616 vobis
531 3546 773 3639 sempiternam
798 3546 950 3631 laudem,
980 3547 1029 3616 sic
1049 3546 1133 3616 milri
1156 3546 1313 3616 solatium

239 3693 308 3741 non
326 3670 497 3742 mediocre
516 3671 661 3766 peperit,
677 3672 812 3742 dulcem
833 3692 874 3740 ao
891 3667 1123 3763 praedilectam
1144 3669 1178 3737 in
1197 3669 1314 3739 sedem

240 3794 413 3881 restituto,
437 3794 561 3889 inqua
581 3806 691 3889 pater,
711 3817 814 3880 avuS,
834 3818 874 3866 ac
894 3814 1048 3888 proavus
1067 3813 1175 3874 meus,
1195 3792 1264 3875 vir,
1280 3799 1315 3862 ut

241 3914 430 3987 litterarum
452 3918 562 4011 inops,
586 3918 635 3988 sic
656 3918 831 4010 praedives
854 3916 996 4008 ingenii,
1021 3915 1056 3984 in
1077 3936 1146 4006 qua
1167 3914 1314 4005 denique

242 4035 390 4108 maiores
409 4039 478 4108 mei
499 4040 629 4132 reliqui,
649 4064 717 4112 non
736 4052 804 4112 tam
822 4039 966 4111 lumosis
988 4034 1198 4127 imaginibus
1215 4056 1315 4127 quam

242 4157 334 4228 clara
354 4157 422 4228 lidc
444 4161 631 4254 conspicui,
651 4164 752 4253 longa
771 4163 859 4234 serie
881 4169 1081 4234 senuerunt.
1101 4159 1176 4248 Ego
1193 4168 1314 4240 autem,
