3062 4798
397 369 488 416 urana
510 367 1027 420 ssrrruusoncruus.-srrsronl
1049 374 1078 420 x.
1217 361 1273 422 457

200 535 214 568 u
247 513 314 586 tus,
342 501 593 578 cousuetudine
618 517 872 600 pregravatus.
906 505 951 576 Et
982 507 1060 580 ideo
1089 519 1171 581 sunt
1194 508 1276 582 duae

201 627 568 720 »voluntatemquia
596 649 666 700 una
698 647 818 700 earum
854 639 925 701 tota
958 649 1025 701 nou
1055 641 1123 715 est,
1150 643 1186 704 et
1211 633 1278 706 hoc

200 775 218 814 o
244 749 346 822 adest
368 748 467 820 alteri
491 749 585 842 quod
610 749 712 824 deest
736 751 847 822 alteri.
874 777 889 814 u
918 750 1001 822 llaeo
1029 763 1085 822 est
1116 754 1210 825 nuda
1242 763 1278 824 et

196 893 284 966 pura
304 872 447 956 veritas,
470 871 589 944 amice.
611 872 780 944 Volumus
801 871 943 964 quidem
964 893 1086 944 omues
1103 895 1185 945 esse
1204 875 1278 946 feli-

196 1015 267 1078 oes,
289 992 395 1086 idque
415 977 586 1066 ullatenus
607 995 700 1065 nolle
720 1013 789 1065 non
806 1013 1007 1086 possumus.
1029 995 1078 1066 Ea
1097 994 1198 1067 nobis
1215 1017 1279 1066 ua-

197 1113 375 1188 soentihus
400 1115 504 1187 insita
529 1135 674 1210 prorsus
695 1127 731 1187 ot
754 1113 1008 1210 inextirpabilis
1028 1127 1084 1188 est
1104 1119 1277 1190 voluntas.

196 1239 377 1322 Volumus,
399 1238 553 1330 inquam,
575 1238 693 1310 felices
720 1257 802 1310 esse
821 1257 960 1309 omnes:
982 1237 1046 1310 sed
1066 1257 1136 1308 non
1156 1257 1278 1310 omnes

196 1361 341 1434 facimus
361 1382 431 1454 quo
450 1361 568 1432 felices
590 1339 810 1431 simusz'imo
833 1380 920 1430 vero
945 1359 1038 1430 viam
1064 1358 1175 1453 ipsam
1201 1359 1278 1430 uni-

196 1505 271 1556 cam
297 1494 332 1555 et
356 1465 557 1574 augustam,
579 1505 649 1575 qua
673 1481 720 1554 ad
744 1481 940 1554 felicitatem
974 1481 1145 1577 pergitur,
1176 1482 1278 1575 pauci

197 1605 383 1678 admodum
405 1607 503 1699 sequi
529 1608 666 1690 volunt,
687 1627 801 1698 neque
820 1605 856 1677 id
876 1605 991 1699 ipsum
1018 1608 1119 1699 plene
1143 1608 1276 1691 volunt,
1320 1677 1322 1685 ,

195 1728 379 1823 potiusque
396 1731 486 1800 velle
503 1727 671 1819 cogitant,
686 1749 790 1820 quam
809 1727 941 1800 volunt.
960 1727 1047 1799 Hine
1064 1728 1120 1799 ille
1136 1729 1278 1823 pestifer

195 1860 312 1946 torpor
332 1872 372 1922 ac
391 1850 605 1946 perplexitas
627 1851 840 1935 animorum,
864 1849 1055 1944 dequibus
1077 1852 1144 1924 iam
1170 1856 1278 1926 multa

195 1973 359 2056 diximus,
373 1970 467 2042 aliud
479 1971 655 2062 agentium
669 1993 747 2042 cum
758 1972 853 2044 aliud
865 1975 956 2043 uelle
969 1973 1169 2046 videantur:
1184 1975 1279 2067 quod

195 2095 226 2168 si
246 2115 331 2165 vere
351 2096 481 2165 vellent
506 2094 626 2187 utique
651 2094 736 2165 illud
761 2103 923 2186 agerent,
947 2115 1015 2167 uon
1040 2096 1133 2188 quod
1157 2105 1277 2188 agunt.

193 2219 387 2288 Possumus
406 2237 491 2306 ergo
513 2214 543 2286 si
563 2216 726 2286 volumus
752 2216 798 2287 ad
822 2216 1019 2288 felicitatem
1046 2217 1109 2301 ire,
1132 2217 1198 2288 hoo
1223 2226 1280 2288 est

194 2338 251 2410 illa
271 2359 376 2430 agere
397 2357 478 2431 quae
499 2358 563 2408 nos
585 2337 631 2410 ad
648 2336 846 2410 felicitatem
868 2359 1059 2430 ueramque
1083 2337 1279 2410 libertatem

195 2459 301 2532 animi
320 2459 529 2554 perductura
549 2459 804 2552 cognoscimus.
827 2459 896 2532 Sed
913 2460 961 2532 ita
976 2458 1117 2532 demum
1135 2460 1276 2532 sivero,

196 2582 225 2656 si
245 2585 360 2678 plene,
380 2585 410 2656 si
427 2593 642 2668 constanter,
664 2581 801 2655 silom
820 2582 1083 2657 fidevolumus.
1104 2583 1279 2656 Caeterum

195 2707 283 2780 velle
311 2707 426 2801 ipsum
452 2711 522 2780 sors
547 2727 617 2778 uon
645 2707 761 2780 statim
785 2708 896 2780 nostri
921 2706 987 2778 erit
1013 2705 1159 2790 arbitrii,
1185 2706 1279 2800 quod

194 2830 261 2906 etsi
281 2830 426 2903 liberum
449 2831 699 2926 acceperimus,
722 2829 917 2902 libertatem
940 2828 1054 2922 ipsam
1080 2828 1129 2901 sic
1150 2828 1280 2922 peccati

196 2955 284 3026 mole
319 2955 561 3048 oppressimus
593 2965 630 3026 et
659 2953 924 3028 consuetudinis
956 2951 1122 3044 pessimae
1154 2949 1279 3022 vinclis

195 3075 464 3159 adstrinximus,
492 3085 531 3147 ut
557 3079 631 3149 sine
660 3077 938 3170 praesentissima
963 3076 1025 3148 Dei
1051 3097 1117 3172 ope
1146 3074 1209 3146 uix
1234 3071 1280 3144 ad

197 3196 344 3268 honesta
364 3208 570 3287 consurgat:
596 3210 666 3269 tam
692 3203 800 3271 mulla
826 3209 908 3272 sunt
933 3221 1014 3291 quae
1039 3200 1220 3272 retrahunt
1243 3208 1280 3270 et

197 3316 382 3397 obsistunt.
403 3315 504 3401 Nam,
529 3326 566 3387 ut
586 3316 714 3390 ibidem
735 3320 783 3390 nit
803 3319 894 3391 idem
911 3318 1146 3410 Augustinus:
1170 3319 1279 3390 «Non

124 3489 128 3498 -
202 3468 216 3504 u
247 3442 357 3512 solum
374 3440 433 3523 ire,
448 3461 570 3511 verum
588 3440 692 3510 etiam
706 3441 891 3535 pervenire
904 3439 983 3512 illue
996 3440 1080 3510 nihil
1092 3449 1169 3510 erat
1185 3439 1279 3510 aliud

203 3593 217 3626 u
245 3585 349 3656 quam
372 3565 462 3634 velle
483 3562 544 3633 ire.
564 3589 579 3626 u
602 3561 646 3632 Et
668 3563 841 3656 sequitur:
866 3591 882 3628 u
901 3561 970 3633 Sed
987 3563 1076 3634 velle
1093 3560 1227 3633 fortiter
1242 3573 1279 3632 et

201 3711 216 3748 o
245 3685 395 3776 integre,
416 3707 484 3756 uon
507 3683 749 3755 semisauciam
773 3684 840 3756 hac
858 3693 963 3776 atque
985 3684 1050 3754 hnc
1073 3705 1218 3756 uersare
1242 3695 1279 3754 et

203 3837 217 3873 l
245 3809 372 3881 iactare
401 3809 630 3891 voluntatem,
657 3817 793 3901 partem
820 3813 1078 3896 assurgentem,
1106 3828 1185 3878 cum
1210 3807 1278 3877 alia

202 3961 216 3996 u
244 3941 343 4028 parte
362 3931 509 4002 cadente
530 3931 727 4002 luctantem.
750 3957 766 3995 u
794 3931 876 4000 Haeo
901 3939 983 3999 sunt
1002 3949 1082 4021 quae
1102 3927 1136 3998 iu
1157 3927 1278 4000 anxie-

198 4067 265 4128 tate
285 4054 451 4151 persimili
468 4051 599 4126 divinae
616 4061 653 4123 et
668 4052 827 4144 ingentes
846 4051 914 4122 illae
932 4050 1058 4123 animae
1075 4059 1275 4122 senserunt:

197 4177 262 4250 lroc
283 4178 383 4252 vobis
409 4184 643 4271 quotcumque
676 4175 761 4248 estis
796 4173 896 4246 amici
929 4175 974 4247 de
1007 4197 1062 4244 me
1089 4173 1209 4245 soliciti
1236 4193 1276 4244 ac
