3062 4798
288 349 346 408 ιιι
629 355 670 404 uu
693 353 794 402 annus
816 351 1037 403 ulurmluunus

289 498 380 580 Quid
410 497 502 566 euim
536 493 631 565 aliud
666 492 836 564 sentiebat
868 491 1086 584 Augustinus
1112 491 1187 584 ipse
1219 491 1364 566 ubiait:

292 648 306 684 u
336 619 372 691 Si
399 616 569 710 sapientia
594 617 688 686 Deus
714 624 783 699 εει,
811 636 873 708 ρει·
899 635 1002 706 quem
1024 615 1113 684 laeta
1135 619 1222 686 sunt'
1233 613 1363 693 omnia,

291 768 308 806 u
336 740 391 810 hic
411 737 502 809 enim
523 736 641 831 procul
662 735 769 808 dubio
789 744 844 806 est
870 733 1041 805 Christus.
1068 735 1144 806 Etsi
1168 735 1259 806 enim
1285 759 1366 808 una·

292 890 306 926 n
336 881 485 954 quaeque
499 881 648 954 persona
661 857 835 928 Trinitatis
848 859 941 928 Deus
956 857 1009 940 sit,
1024 855 1119 948 quod
1135 858 1244 940 lateri,
1264 869 1303 929 ut
1319 858 1366 929 ait

218 1057 225 1072 ,
290 1013 305 1048 n
334 981 556 1066 Athanasius
571 980 760 1053 christiana
774 979 920 1052 veritate
932 981 1179 1074 compellimur,
1195 991 1301 1072 atque
1321 981 1365 1054 ita

289 1132 304 1166 u
335 1106 380 1175 sit
393 1125 529 1174 summa
543 1103 703 1194 potentia,
720 1123 857 1174 summa
871 1101 1052 1195 sapientia,
1066 1123 1203 1172 summa
1217 1101 1363 1186 bonitas,

289 1254 303 1288 u
333 1227 471 1320 proprie
485 1236 601 1295 tamen
615 1225 776 1296 Christus
792 1223 962 1318 sapientia
974 1223 1086 1294 Patris
1100 1231 1164 1306 est,
1180 1246 1242 1318 per
1259 1245 1364 1316 quem

290 1377 305 1411 u
333 1347 448 1418 omnia
468 1349 557 1418 lauta
583 1358 680 1431 sunt,
703 1346 796 1440 quod
816 1354 915 1416 etex
938 1344 1131 1436 Evangelio
1148 1345 1314 1418 Iohannis
1331 1356 1366 1416 et

289 1496 303 1532 u
332 1491 378 1541 ex
397 1469 557 1564 symbolo
581 1469 662 1541 fidei
688 1468 831 1540 assidue
851 1466 1154 1548 cantatEoclesia.
1185 1495 1202 1534 r>
1225 1470 1271 1541 Et
1295 1468 1366 1538 Au·

284 1591 446 1681 gostinus
468 1591 559 1661 idem
581 1613 677 1662 verae
698 1588 875 1680 religionis
898 1587 985 1658 libro
1006 1588 1051 1658 de
1073 1588 1237 1680 operibus
1256 1590 1365 1660 Trini-

284 1713 365 1783 tatis
378 1733 505 1802 agens:
523 1743 537 1778 a
560 1734 628 1782 nun
649 1713 761 1794 aliam,
785 1710 910 1802 inquit,
929 1720 1063 1804 partem
1079 1711 1182 1782 totius
1196 1723 1363 1783 creaturae

289 1862 304 1896 a
332 1835 456 1904 fecisse
478 1833 687 1925 intelligatur
708 1835 824 1916 Pater,
853 1834 955 1904 aliam
981 1814 1103 1916 Filius,
1131 1833 1233 1905 aliam
1260 1833 1365 1928 Spiri·

289 1983 304 2018 ι
334 1965 390 2025 tus
423 1957 593 2028 Sanetus:
629 1957 691 2027 sed
726 1956 829 2028 simul
861 1957 977 2027 omnia
1016 1965 1051 2026 et
1084 1977 1363 2049 unamquamque

288 2106 304 2142 u
332 2085 525 2151 ereaturam
547 2080 684 2150 Patrem
706 2079 830 2150 secisse
852 2101 914 2174 per
934 2077 1057 2149 Filium
1083 2077 1117 2146 in
1144 2077 1235 2149 douo
1261 2077 1364 2171 Spiri-

288 2229 304 2265 ι)
333 2211 390 2274 tus
412 2203 537 2273 Sancti.
562 2230 578 2266 n
601 2203 674 2273 Hoo
693 2212 750 2273 est
768 2203 863 2293 quod
881 2201 972 2272 idem
993 2207 1029 2271 et
1051 2221 1144 2294 saepe
1164 2200 1251 2270 alias
1276 2210 1312 2270 ει
1330 2199 1363 2270 iu

284 2325 441 2396 eiusdem
464 2323 541 2395 libri
567 2321 636 2394 fine
662 2325 807 2417 repetiit.
838 2351 853 2389 r
883 2324 996 2394 Unum
1021 2323 1131 2394 Deum
1157 2342 1272 2413 aquo
1307 2342 1363 2392 su·

288 2474 303 2509 »
327 2468 419 2530 mus,
447 2469 509 2539 per
534 2469 637 2540 quem
661 2469 798 2530 sumus,
822 2446 946 2539 inquo
969 2467 1090 2517 sumus
1116 2472 1131 2510 u
1158 2453 1195 2516 ει
1216 2465 1361 2516 rursus:

287 2597 301 2633 u
333 2591 440 2638 uuum
463 2570 572 2640 Deum
598 2592 619 2642 a
644 2591 714 2662 quo
739 2569 869 2652 omnia,
895 2577 931 2639 et
956 2589 1019 2658 per
1043 2589 1147 2660 quem
1172 2567 1302 2652 omnia,
1329 2567 1362 2638 iu

286 2717 301 2751 u
330 2691 551 2783 quo'omnia.
583 2721 598 2756 u
628 2692 731 2763 ldem¹
749 2693 796 2761 XI
822 2692 866 2763 de
893 2690 1040 2762 Ciuitate
1065 2690 1149 2759 Dei:
1180 2718 1195 2754 r
1221 2689 1307 2760 Cum
1327 2689 1361 2760 in

286 2840 301 2874 r
331 2835 539 2907 unaquaque
558 2825 731 2898 ereatura,
756 2815 874 2908 inquit,
898 2813 1087 2905 requiritur
1111 2814 1191 2906 quis
1216 2835 1293 2885 eam
1314 2816 1361 2884 le-

286 2961 300 2996 »
329 2933 424 3016 uerit,
446 2954 508 3024 per
540 2934 624 3024 quid
651 2933 783 3017 lecerit,
816 2955 925 3026 quare
951 2933 1082 3018 lecerit,
1111 2934 1361 3030 respondeatur

285 3081 299 3116 u
329 3055 424 3123 Deus
450 3073 512 3142 per
544 3051 699 3122 Verbum
732 3053 815 3144 quia
842 3052 954 3125 bonus
982 3063 1052 3138 εει,
1080 3063 1118 3126 ut
1142 3077 1221 3126 oum
1248 3055 1360 3126 altitu-

283 3202 299 3237 ι
326 3174 407 3244 dine
435 3173 580 3267 mystica
605 3172 706 3244 uobis
732 3176 807 3269 ipsa
834 3172 983 3248 Trinitas
1007 3178 1199 3261 intimetur,
1224 3177 1360 3250 honest

284 3324 298 3358 n
326 3295 429 3366 Pater
449 3303 484 3366 et
500 3294 606 3365 Filius
627 3303 663 3365 et
684 3296 833 3391 Spiritus
854 3299 1013 3370 Sanctus.
1037 3326 1052 3364 n
1076 3299 1120 3368 Et
1141 3309 1358 3393 postpauca:

281 3447 296 3483 «
328 3416 511 3489 Credimus
532 3405 697 3512 inquitet
719 3431 878 3494 tenemus
898 3433 933 3494 et
953 3421 1101 3494 fideliter
1118 3422 1358 3514 praedieamus,

280 3569 300 3610 »
326 3542 421 3634 quod
441 3543 542 3612 Pater
559 3544 719 3633 genuerit
735 3544 904 3627 Verbum,
925 3543 990 3614 hoo
1001 3551 1057 3616 est
1071 3543 1284 3638 sapientiam,
1299 3563 1360 3635 per

282 3691 297 3728 a
327 3685 431 3757 quarn
456 3664 545 3734 laeta
572 3675 654 3734 sunt
684 3666 815 3749 omnia,
850 3665 1067 3756 unigenitum
1089 3665 1221 3745 Filium,
1253 3663 1358 3734 vivus

283 3814 296 3850 a
326 3787 461 3870 vivum,
490 3793 643 3858 aeternus
665 3796 851 3871 aeternum‚
879 3808 1015 3859 summe
1041 3787 1153 3859 bonus
1179 3783 1359 3877 aequaliter
1401 3841 1404 3848 .

282 3935 296 3970 »
326 3908 464 3980 bonum.
491 3936 507 3971 n
531 3909 607 3979 Non
624 3909 768 4001 expedit
788 3929 868 4002 quae
889 3916 1084 4001 sequuntur
1099 3908 1264 3987 inserere,
1280 3924 1358 3976 cum

278 4029 390 4100 omnis
406 4028 450 4099 de
468 4029 544 4121 ipso
565 4031 711 4122 loquens
730 4029 901 4123 scriptura
921 4028 1038 4101 omnia
1056 4050 1116 4121 per
1137 4027 1252 4121 ipsum
1270 4024 1358 4094 lauta

277 4147 466 4219 confirmet.
489 4151 524 4219 Si
547 4151 622 4221 liaeo
647 4151 753 4240 igitur
779 4151 952 4243 Sapientia
978 4161 1033 4222 est
1068 4152 1172 4233 Deus
1195 4148 1358 4238 idemque
