3024 4802
294 353 352 414 ola
629 365 671 413 nn
694 353 795 414 nunus
817 363 1040 414 rnurnranruus

294 525 435 576 servum
457 504 518 573 Dei
540 503 643 574 unius
660 501 832 574 ellectum.
853 501 953 574 Felix
974 502 1135 573 mutatio:
1150 494 1380 594 gaudendum

293 635 364 709 est;
383 625 418 696 in
436 645 507 717 quo
527 633 621 696 statu
637 623 721 716 quid
741 622 917 716 agendum
936 622 997 693 tibi
1019 644 1083 694 seu
1099 621 1229 716 quibus
1249 622 1381 716 gnber-

293 749 426 820 naeulis
446 747 537 818 iuter
556 747 738 840 prunellosi
759 745 863 819 officii
882 746 1009 818 lluotus
1030 767 1073 818 ae
1092 747 1255 842 scopulos
1281 755 1382 818 nten-

293 873 377 946 dum
409 873 467 958 sit,
491 891 555 942 nee
574 889 642 962 ego
663 871 729 942 sim
749 874 928 944 eonsultor
945 869 1118 955 -idoneus,
1143 891 1208 941 nec
1234 879 1273 941 tu
1299 891 1381 942 con-

295 994 362 1067 silii
381 1015 476 1088 eges
500 995 617 1087 utqui
637 995 672 1064 in
702 993 757 1064 his
778 993 971 1089 disciplinis
1000 1013 1083 1087 qnae
1106 993 1260 1065 maxime
1284 990 1380 1064 huno

292 1120 440 1191 deceant
473 1128 600 1190 statum
635 1128 771 1211 tempus
797 1139 900 1188 omne
921 1115 1141 1200 contriveris,
1167 1137 1282 1208 nuper
1302 1115 1380 1208 qui-

292 1243 373 1343 dem
406 1241 573 1336 pontifex,
605 1240 667 1313 sed
700 1237 868 1335 pontificii
897 1238 984 1312 iuris
1016 1259 1057 1310 ao
1089 1237 1379 1310 caeremoniarum

294 1366 447 1458 omnium
481 1387 502 1436 a
534 1365 716 1436 iuventute
745 1362 988 1458 peritissimus.
1014 1361 1114 1434 Unde
1146 1381 1227 1454 qnae
1259 1364 1379 1433 multis

294 1489 419 1574 ardua,
443 1488 504 1561 tibi
524 1491 635 1584 prona
657 1495 739 1559 sunt
759 1495 864 1580 atque
880 1485 1000 1557 facilia.
1024 1485 1077 1573 Ne¹
1095 1505 1180 1557 vero
1200 1492 1273 1556 tam
1294 1484 1379 1556 dile

292 1623 369 1684 ntus
383 1614 465 1684 olim
478 1614 597 1696 frater,
613 1633 706 1682 nuno
723 1620 759 1682 et
778 1618 891 1706 pater,
907 1617 1042 1680 tanturn
1059 1628 1181 1701 aequor
1194 1609 1379 1700 ingressus

293 1758 361 1807 non
382 1735 496 1806 dicam
516 1713 672 1818 oonsilio,
692 1755 761 1804 non
779 1734 931 1817 hortatu,
951 1731 1015 1805 sed
1032 1753 1122 1804 nreae
1140 1732 1264 1802 saltem
1282 1731 1378 1803 vocis

293 1859 408 1928 omine
421 1865 552 1940 eareat,
567 1857 684 1927 funem
704 1857 855 1928 solventi
865 1854 1092 1927 'Horatianum
1108 1852 1192 1926 illud
1204 1855 1376 1926 exclamo:

452 2051 464 2113 l
480 2049 571 2124 boue,
590 2063 652 2126 quo
670 2047 770 2111 virtus
786 2053 839 2108 tua
856 2053 886 2108 te
901 2051 991 2108 vocat
1006 2044 1082 2123 pede
1098 2043 1208 2106 lausto.

293 2230 424 2322 Nempe
445 2250 515 2322 quo
535 2228 599 2298 vix
622 2228 707 2299 alios
733 2230 848 2318 longae
869 2225 1120 2298 adhortationis
1140 2226 1255 2296 calcar
1275 2245 1378 2316 urge-

292 2361 360 2437 ret,
382 2359 506 2423 natura
528 2359 562 2421 te
578 2351 682 2423 ducet
699 2359 769 2422 tua.
791 2349 867 2422 Non
884 2369 924 2420 es
940 2349 1133 2442 cogendus,
1156 2369 1227 2420 non
1247 2369 1377 2440 urgen-

292 2474 375 2558 dus,
397 2495 464 2546 neo
488 2474 667 2566 rogandus
692 2473 844 2567 quidem.
864 2472 1063 2545 Admonitio
1089 2472 1165 2566 ipsu
1189 2493 1298 2566 prope
1319 2493 1377 2544 sn-

292 2617 469 2690 pervaona
494 2607 563 2680 est,
585 2597 654 2668 nisi
674 2619 756 2690 quae
777 2595 948 2669 monentis
970 2593 1052 2668 fidei
1078 2595 1184 2670 lidem
1205 2595 1295 2668 fucit.
1323 2594 1376 2668 Ad

293 2741 465 2792 summam
491 2729 530 2790 nt
554 2729 657 2813 portu
683 2720 838 2812 gaudeas
862 2730 980 2813 optato
1005 2730 1164 2792 naturam
1186 2728 1286 2790 tuam
1316 2717 1377 2790 bo

292 2863 374 2931 uam
396 2863 559 2935 sequere:
580 2843 627 2912 illi
649 2843 922 2914 sulcantislreta
946 2841 1079 2934 navigii
1100 2843 1240 2914 olavum
1261 2839 1374 2914 erede.

293 2960 329 3028 Si
345 2959 430 3052 quid
447 2957 601 3048 ambigui
615 2981 731 3029 rerum
745 2967 937 3050 tempestas
956 2959 1123 3042 attulerit,
1143 2977 1283 3030 summa
1294 2977 1375 3028 oon·-

293 3080 407 3152 silium
433 3079 478 3150 ab
502 3099 581 3149 arne
607 3087 644 3148 et
670 3076 716 3150 ab
736 3079 792 3149 illa
821 3101 986 3176 suprema
1010 3091 1108 3178 parte
1129 3080 1235 3154 animi
1256 3089 1375 3176 peten-

292 3201 478 3286 duruerit,
504 3221 586 3294 quae
617 3201 766 3274 terrenis
791 3203 989 3277 turbinibus
1023 3205 1218 3287 inmensos,
1249 3221 1374 3274 serena

293 3332 432 3420 sernper
456 3333 560 3420 atque
586 3326 769 3419 tranquilla
793 3339 858 3400 est.
885 3331 936 3400 lle
964 3328 1034 3400 line
1061 3349 1205 3423 operum
1239 3324 1288 3396 nil
1314 3323 1374 3396 tihi

292 3450 431 3543 penitus
463 3451 645 3541 arrogante,
673 3453 811 3521 omnem
841 3451 915 3546 spei
941 3461 1103 3524 ancorum
1133 3451 1169 3521 in
1189 3451 1262 3521 Deo
1285 3447 1370 3540 ligo,

291 3573 458 3668 quodque
477 3573 527 3644 ait
544 3572 740 3659 Psalmista,
759 3572 883 3644 neven
914 3573 1057 3643 Damno
1087 3572 1178 3644 viam
1203 3582 1309 3654 tuam,
1344 3580 1374 3640 et

292 3715 390 3787 spero
408 3695 446 3764 ia
467 3716 503 3764 eo
520 3705 551 3764 at
571 3695 640 3788 lpse
670 3697 779 3785 saciet.
814 3697 898 3768 Haec
921 3703 1003 3768 sunt
1031 3717 1112 3789 quae
1145 3701 1243 3768 tanta
1266 3693 1312 3768 de
1337 3714 1373 3766 re

293 3815 397 3889 hodie
417 3817 575 3890 dicturus
590 3817 658 3902 lui,
677 3840 757 3890 corn
775 3819 974 3893 stimulante
990 3819 1108 3890 animo
1120 3821 1219 3912 plura
1235 3819 1370 3897 vellen.

294 3939 358 4011 sed
378 3942 536 4014 frenante
556 3949 660 4034 atque
680 3940 842 4016 obstante
862 3942 994 4028 nuntio,
1019 3941 1082 4014 vix
1102 3943 1168 4014 ista
1189 3938 1372 4034 potuerim.

274 4127 276 4130 .
293 4061 391 4131 Vale.
717 4068 719 4074 '

796 4199 871 4210 --,.
