2988 4800
432 375 523 424 umun
544 373 942 426 annuemus-eristum
966 379 993 426 v.
1196 369 1252 429 lt5

165 509 218 580 lor
240 519 281 580 et
300 509 447 580 fortunae
467 529 571 590 meaa,
608 509 681 613 sed
705 531 811 604 supra
839 507 943 582 fidem
978 521 1114 605 stupeo,
1149 523 1251 586 aetate

163 630 247 715 hac,
265 631 495 724 quamomuis
513 631 593 704 boui
606 643 675 704 tam
690 632 842 704 sterilem
859 633 1078 728 putabamus,
1095 644 1139 721 et,
1157 638 1252 730 quod

163 752 377 824 miraculum
397 767 594 839 coacervat,
618 757 652 828 iu
674 766 722 827 tot
746 756 886 840 animis,
910 764 1042 828 tantum
1064 760 1248 852 popularis,

164 884 202 946 ut
229 875 286 948 sic
311 876 475 962 dixerim,
498 899 540 950 ae
559 877 706 972 publicae
733 877 896 951 libertatis
921 881 1092 952 existere:
1119 904 1164 952 eto
1188 907 1250 976 quo

162 998 315 1090 intelligi
346 1011 464 1092 potest,
496 1013 621 1092 quanta
651 1003 688 1072 itt
720 1001 796 1072 doto
828 1004 979 1096 beneficio
1016 1005 1058 1074 sit
1089 1007 1175 1088 laus,
1213 1015 1251 1078 ut

163 1121 212 1194 ait
234 1123 373 1207 Cicero,
397 1145 471 1194 cum
495 1127 532 1196 in
557 1137 686 1220 accepto
711 1129 753 1198 sit
778 1138 872 1198 tanto
895 1129 1013 1217 glorio.
1034 1126 1126 1213 Quid
1145 1129 1247 1212 enim,

163 1264 307 1336 quaeso,
326 1245 542 1339 praeclarius,
562 1247 647 1339 quid
663 1246 776 1319 maius
793 1251 850 1319 vel
865 1250 999 1342 precari
1014 1271 1171 1342 praeseus
1188 1271 1250 1344 po-

165 1373 280 1438 teram
307 1369 364 1439 vel
389 1379 522 1461 optare,
544 1391 650 1463 quam
671 1371 765 1463 quod
784 1392 851 1442 vos
872 1371 1007 1444 absenti
1028 1373 1112 1444 mihi
1139 1395 1250 1468 nuper

151 1477 206 1560 'ac
227 1491 347 1575 tacito,
375 1490 441 1561 viri
464 1491 617 1564 illustres
638 1501 673 1564 et
693 1493 878 1585 magnifici,
900 1495 1117 1568 contulistis?
1141 1498 1248 1598 Cuius

166 1635 327 1708 unquam
347 1614 468 1707 patrina
486 1637 571 1708 erga
591 1615 839 1688 benemeritam
858 1617 971 1690 civem
989 1627 1084 1692 tauta
1100 1619 1249 1692 liberali-

168 1747 236 1822 tas,
267 1747 366 1810 tanta
385 1737 563 1830 dignatio?
583 1739 791 1812 Excutiatur
812 1741 1009 1834 antiquitas
1032 1745 1248 1836 proferantur

166 1859 341 1932 historiae.
364 1861 555 1932 Revocavit
574 1861 619 1932 ab
639 1861 745 1934 exilio
771 1863 967 1935 Ciceronem
995 1887 1097 1936 suum
1122 1867 1245 1952 Roma,

167 1981 351 2054 revocavit
369 1994 406 2054 et
424 1983 589 2056 'Rutilium
616 1994 653 2056 et
675 1986 862 2070 Metellum,
898 1984 960 2058 sed
993 1985 1037 2057 ab
1068 2008 1111 2057 eo
1143 1987 1250 2058 exilio

168 2104 266 2196 quod
282 2103 360 2199 ipsa
375 2106 619 2190 mandaverat;
642 2108 821 2180 revocavit
836 2117 872 2179 et
889 2109 1083 2192 Camillum,
1104 2109 1168 2180 sed
1184 2129 1249 2180 ex-

168 2235 292 2300 tremae
317 2229 465 2301 fortunae
484 2230 835 2302 casibusadmonita:
861 2240 897 2302 et
922 2230 1011 2302 sicut
1030 2231 1152 2301 hovum
1175 2251 1249 2301 om-

167 2351 264 2423 nium
284 2351 412 2424 iniusta
433 2354 614 2446 relegati0,
638 2352 688 2424 sio
708 2353 861 2425 omnium
882 2354 988 2436 iusta;
1009 2351 1140 2424 Camilli
1160 2374 1247 2425 vero

168 2475 368 2547 necessaria
388 2485 423 2546 et
442 2497 548 2569 prope
568 2477 718 2550 violenta
739 2475 923 2548 revocatio.
945 2476 1165 2547 Revooaruut
1184 2474 1246 2546 Al·

170 2597 343 2670 cibiadem
356 2599 512 2683 Athenae,
528 2598 593 2670 sed
612 2599 807 2671 conditione
824 2621 892 2669 nou
910 2598 1058 2670 absimili
1076 2605 1111 2668 et
1128 2619 1249 2670 neces-

172 2719 274 2793 sitate
291 2719 428 2815 publica
448 2743 555 2816 prope
575 2722 657 2814 pari.
673 2722 749 2805 Quo
761 2743 913 2814 uuquam
935 2720 1114 2814 plebiscito
1131 2743 1247 2815 quove

173 2847 477 2918 senatusconsulto
498 2854 621 2939 sponte
645 2845 774 2918 absens
796 2845 898 2930 civis,
921 2845 1014 2914 nullo
1040 2844 1162 2938 patriae
1186 2865 1247 2937 pe-

171 2963 278 3038 riculo
298 2978 485 3040 revocatus
505 2971 582 3038 est?
601 2968 745 3060 Virgilio
769 2965 951 3059 Augustus
978 2967 1097 3038 Caesar
1123 2987 1246 3056 agrum

171 3089 372 3176 reddiderit,
410 3091 474 3164 sed
501 3112 606 3182 quem
641 3089 715 3185 ipse
745 3090 980 3183 praeripuerat.
1003 3087 1065 3160 Cui
1091 3109 1246 3183 unquam

171 3209 239 3285 titio
259 3215 361 3308 culpa
382 3215 487 3306 patris
512 3235 596 3306 ager
622 3214 792 3308 perditus
814 3213 950 3308 publico
974 3211 1118 3285 oonsilio
1143 3211 1246 3282 resti-

172 3343 265 3407 tutus
286 3341 365 3406 est?
385 3337 541 3410 luaudita
563 3345 644 3409 sunt
664 3337 740 3409 haec
757 3335 892 3430 pietatis
909 3344 946 3406 et
961 3333 1175 3406 liberalitatis
1193 3333 1246 3404 in-

171 3457 272 3530 dicia:
293 3467 329 3530 et
348 3481 428 3530 cum
448 3461 520 3531 lere
541 3460 716 3532 raritatem
736 3459 875 3530 claritas
898 3467 1073 3550 sequatur,
1093 3463 1244 3548 quantus

171 3584 328 3675 exemplo
346 3583 495 3654 carentis
516 3592 646 3655 vestrae
667 3581 918 3656 benevolentiae
937 3581 1052 3671 fulgor
1068 3580 1154 3650 erit?
1173 3577 1244 3650 Ad-

171 3727 284 3791 vocor,
313 3708 375 3779 sed
400 3707 553 3800 quantis,
575 3728 651 3792 ore,
675 3709 738 3778 sed
764 3705 891 3798 quibus
920 3713 956 3774 et
987 3724 1091 3794 quam
1117 3699 1243 3770 validis

172 3829 355 3920 precibus?
371 3853 477 3923 quam
495 3830 689 3926 imperiosis
707 3828 905 3900 blanditiis?
921 3827 1056 3910 Quanta
1078 3843 1139 3918 spe
1160 3844 1244 3914 ager

173 3953 286 4024 avitus
311 3953 357 4025 de
382 3952 517 4047 publico
543 3953 744 4046 redemptus
775 3948 990 4022 restituitur?
1021 3943 1066 4017 At
1091 3965 1243 4038 quonam

111 4089 114 4096 ’
173 4077 305 4149 sarculo
331 4079 446 4149 cultus
471 4077 705 4169 eloquentiae?
730 4074 857 4167 quibus
883 4071 1070 4142 verborum
1098 4067 1241 4140 floribus

171 4203 336 4271 ornatus?
352 4199 479 4293 quibus
500 4201 661 4272 laudibus
681 4197 810 4270 nostris
836 4197 1018 4286 fragrans?
1035 4205 1163 4287 quauta
1180 4211 1243 4260 no-
