3024 4802
255 338 312 398 530
594 350 634 397 uu
656 349 757 398 nunus
779 350 1001 400 nutriminibus

678 601 857 694 urrsr'ouu
878 629 922 692 vr.

310 805 313 810 Ι
337 826 531 878 thnclscus
553 826 724 878 pernhach
744 826 921 878 sntnctsco
942 825 1049 877 Pntottt
1070 825 1261 880 mucronum

608 931 840 982 hPOSTOLORUhi
861 932 887 982 S.
909 932 937 979 P.
959 932 989 982 D.

505 1095 687 1150 Commendat
703 1095 824 1150 amicum
839 1101 952 1152 euntem
964 1096 1094 1152 Romam.

358 1337 420 1407 Hic
436 1355 538 1428 quem
561 1335 675 1406 uernis
693 1335 880 1406 homuncio
894 1334 1032 1406 Christo
1044 1335 1205 1420 devotus,
1221 1338 1339 1411 muudi

260 1480 444 1553 rerumque
475 1457 651 1550 lugarium
685 1468 822 1551 spretor
859 1458 1001 1548 ingens,
1035 1467 1072 1528 et
1092 1457 1340 1552 cupidissimus

259 1594 483 1668 eternorum,
502 1579 594 1651 idem
612 1578 816 1673 (perexigua
835 1589 940 1650 tautae
961 1579 1074 1652 laudis
1089 1581 1255 1664 aooessio,
1278 1581 1341 1654 sed

258 1727 363 1796 quam
385 1712 467 1774 tuus
488 1724 584 1774 amor
604 1701 704 1772 faciet
721 1723 802 1773 esse
819 1702 1083 1798 permaximam)
1098 1703 1184 1774 mihi
1202 1724 1340 1798 quoquo

258 1825 476 1909 carissimus
499 1825 643 1894 Romam
663 1823 758 1916 petit.
778 1823 834 1896 Sio
853 1847 934 1899 eum
955 1825 1105 1921 aspicies
1126 1835 1166 1898 ut
1185 1847 1259 1898 me:
1281 1825 1342 1898 bo

258 1966 314 2019 nee
331 1947 457 2019 enimes
472 1954 594 2018 vector
614 1957 679 2018 est.
700 1945 790 2018 Novi
806 1946 997 2020 homiuem:
1020 1947 1055 2020 in
1072 1947 1196 2020 iisdem
1216 1947 1341 2022 eastris

260 2068 497 2154 militavimus
519 2067 668 2141 neudum
693 2068 909 2142 exauctorati
937 2090 1077 2155 sumus,
1104 2071 1193 2144 duee
1219 2092 1342 2163 quom·

259 2191 315 2262 vis
346 2191 511 2264 extincto.
539 2191 576 2261 Si
600 2190 745 2264 oonsilio
779 2201 838 2264 tuo
866 2202 945 2282 eget
976 2193 1023 2265 ad
1053 2192 1342 2286 peregrinationis

260 2315 328 2408 piae
354 2313 615 2411 compendium,
638 2315 668 2386 si
688 2317 809 2388 favore
829 2314 960 2408 aliquo,
987 2326 1071 2409 puto
1096 2339 1167 2390 non
1182 2339 1222 2390 es
1240 2339 1342 2390 orun-

261 2440 328 2511 dus
349 2446 388 2509 ut
407 2441 543 2523 faveas3
569 2459 632 2511 oro
652 2449 779 2510 temen.
800 2439 888 2510 Nam
905 2438 1162 2535 quidtihristo,
1187 2439 1243 2512 cui
1269 2461 1344 2512 ser-

246 2562 331 2649 uis,
359 2561 444 2656 quid
460 2560 636 2657 Apostolis
657 2560 747 2647 eius,
766 2560 963 2657 hospitibus
983 2563 1064 2648 tuis,
1086 2563 1262 2658 acceptius
1283 2583 1344 2656 po

262 2694 329 2770 teS,
351 2706 457 2778 quam
482 2684 513 2754 si
534 2682 662 2755 Christi
679 2682 927 2754 amicissimum
957 2683 1052 2755 bunc
1071 2684 1186 2754 virum
1207 2681 1342 2777 cupide,

260 2806 418 2880 dimissis
438 2806 617 2878 trementis
637 2805 728 2877 aulae
747 2791 953 2898 fragoribus.
976 2803 1022 2879 ud
1042 2805 1178 2878 illorum
1199 2806 1344 2898 qnietis-

263 2929 352 3002 sima
382 2928 500 3002 limine
529 2926 761 3018 gradientem,
789 2927 921 3000 iuveris
946 2940 1050 3022 etque
1070 2927 1271 3003 direxeris?
1296 2930 1344 3004 De

261 3073 317 3122 me
343 3051 372 3122 si
396 3049 480 3143 quid
505 3050 689 3142 explorare
714 3047 867 3134 libuerit,
893 3049 1014 3124 libebit
1038 3060 1156 3131 eutem
1181 3049 1342 3142 plurimu,

262 3171 329 3244 etsi
348 3169 538 3244 diversitas
556 3167 754 3242 'studiorum
771 3192 878 3248 nosse
898 3173 991 3248 huno
1014 3175 1133 3250 omniu
1149 3195 1220 3248 nou
1240 3172 1343 3255 sinet,

263 3305 379 3365 tumen
413 3292 507 3386 quod
533 3292 578 3364 ud
610 3291 770 3364 intimum
796 3294 881 3366 ritae
908 3303 997 3370 m‘eae
1023 3295 1164 3370 modum
1186 3294 1343 3392 pertinet,

262 3419 411 3489 sortasse
432 3417 558 3508 aliqua:
580 3416 675 3510 quod
701 3417 747 3488 ud
766 3427 950 3489 externum
973 3440 1059 3512 pene
1078 3429 1203 3490 cuneta
1223 3436 1345 3489 narra-

263 3542 324 3613 bit.
346 3543 416 3612 Hoc
438 3538 498 3611 tihi
530 3537 653 3633 raptim
682 3538 806 3632 scripsi
826 3540 861 3612 iu
887 3551 1044 3612 extremo
1064 3527 1194 3634 angulo
1212 3538 1345 3611 Medio-

265 3662 342 3746 lani,
361 3659 602 3732 Ambrosianus
622 3659 748 3734 domus
770 3662 804 3732 in
826 3674 924 3757 parte
945 3663 1191 3748 remotissima,
1210 3682 1253 3733 ea
1267 3663 1346 3734 luce

264 3803 377 3874 eaque
397 3779 483 3852 lueis
503 3778 602 3865 horo,
619 3801 688 3875 qua
712 3783 842 3855 mundo
860 3784 1012 3858 tenebris
1030 3806 1154 3880 presso
1170 3784 1346 3878 ooeoisque

266 3903 468 3974 mortalibus
490 3901 534 3976 de
556 3911 649 3975 terra
669 3903 749 3976 olim
769 3905 852 3978 vira
868 3909 930 3980 lux
948 3916 1024 3980 orta
1044 3916 1108 3981 est.
1126 3908 1221 3994 Vale,
1236 3905 1347 3978 nostri

266 4045 407 4095 memor.

770 4181 845 4192 ..ι-...ι-
