2988 4800
394 319 485 368 trouu
508 322 930 372 connutritus-urrerem
956 329 994 374 rr.
1180 321 1232 380 tltt

150 473 246 525 mosa
267 453 405 539 militia,
425 457 550 528 ductus
569 459 729 554 apparuit
753 460 979 533 inconsultus.
1008 463 1234 538 Excellentis-

151 576 226 648 simi
253 576 403 650 verbum
425 579 524 651 ducis
550 589 618 665 est,
647 581 889 675 imperatorem
911 606 950 654 se
977 586 1129 675 genitum
1150 611 1232 658 esse

151 721 218 770 non
243 699 457 773 bellatorem.
483 703 527 774 Et
552 703 607 775 hic
633 713 764 790 noster,
793 715 831 778 ut
856 706 972 790 audio,
996 709 1137 780 eremita
1164 714 1232 784 fer-

151 845 237 895 vens
258 824 338 906 iuit;
357 833 397 896 ut
416 823 533 912 video,
555 827 664 900 abbas
681 837 737 900 est
762 829 909 923 tepidus.
931 831 973 902 Ut
994 831 1078 904 libet
1100 844 1228 920 tamen,

152 969 214 1018 soa
236 967 294 1018 res
313 948 438 1037 agitur.
457 948 532 1040 Ego
549 949 641 1021 enim
660 950 740 1023 hinc
757 963 885 1044 praeter
902 951 1053 1026 laborem
1072 955 1156 1024 nihil
1173 959 1230 1026 vel

149 1080 277 1165 expeto
300 1070 356 1142 vel
375 1081 533 1164 expecto.
555 1073 697 1146 Litterae
717 1077 834 1148 forsan
859 1086 1021 1170 poterunt
1044 1077 1227 1170 prodesse,

149 1217 235 1287 quas
263 1195 452 1268 abeodem
480 1220 591 1290 nuper
615 1199 765 1270 extorsit
788 1198 940 1272 charitas
971 1208 1040 1272 tua.
1076 1200 1228 1294 idipsum

149 1326 265 1390 tamen
286 1319 321 1388 in
342 1320 502 1391 manibus
520 1322 667 1393 fortunae
689 1321 792 1394 situm
818 1324 898 1402 erit,
931 1333 968 1394 ut
996 1345 1120 1416 magna
1146 1345 1227 1418 pars

148 1463 276 1512 rerum.
298 1441 455 1536 Optimus
479 1453 514 1514 et
539 1443 772 1516 suavissimus
800 1448 929 1539 praesul
956 1456 1075 1518 noster
1101 1467 1228 1539 magno

147 1564 222 1634 nisu
246 1563 400 1646 adiuvat,
423 1576 459 1636 et
478 1565 603 1638 bonam
623 1588 720 1660 spem
738 1567 868 1640 habere
888 1569 997 1653 iubet,
1021 1568 1123 1641 credo
1148 1571 1227 1664 plus

148 1686 227 1760 fidei
250 1685 333 1756 mihi
360 1686 494 1760 habens
521 1711 626 1781 quam
659 1690 769 1762 abbas
803 1703 1028 1774 memoratus,
1052 1693 1110 1785 qui
1141 1696 1227 1764 sorte

148 1820 215 1884 tam
237 1819 381 1882 sanetus
400 1821 468 1896 est,
493 1821 531 1883 ut
550 1834 670 1884 omnes
691 1814 777 1886 alios
798 1815 957 1886 coelestes
988 1825 1093 1909 putet.
1117 1816 1224 1900 Talis,

147 1956 250 2026 quem
270 1933 359 2006 scire
375 1937 542 2029 postulas,
563 1934 655 2006 illins
672 1937 806 2027 negocii
828 1946 940 2010 status
961 1948 1026 2010 est.
1047 1927 1224 2011 Sedenim

147 2059 435 2149 qualemcumque
456 2057 678 2152 iampridem
700 2081 756 2130 res
779 2059 910 2131 exitum
932 2061 1137 2146 invenisset,
1158 2062 1223 2133 nisi

147 2179 342 2251 obstitisset
362 2181 504 2253 morbus
529 2179 701 2275 pontificis
722 2181 866 2254 maximi
885 2181 1070 2254 diuturnus
1087 2206 1127 2256 ac
1145 2206 1226 2274 gra-

147 2305 213 2387 vis,
236 2326 322 2395 quo,
348 2313 384 2375 ut
405 2303 520 2389 vides,
540 2304 787 2397 imperatorum
807 2314 842 2374 et
863 2327 985 2397 regum
1004 2307 1149 2399 negocia
1169 2329 1223 2378 re-

147 2427 335 2500 tardantur.
358 2425 507 2519 ldeoque
528 2427 667 2522 parcius
694 2426 856 2519 indignor
876 2427 956 2500 hine
978 2428 1061 2498 mihi
1083 2450 1221 2520 quoquc

147 2547 312 2640 longioris
333 2570 442 2620 morae
461 2571 587 2622 causas
606 2550 758 2620 traxisse
776 2551 964 2633 fortunam
985 2549 1048 2620 sed
1065 2551 1223 2642 indignor

147 2680 273 2742 tamen.
295 2673 344 2742 De
363 2695 433 2764 qua
453 2695 491 2743 re
511 2694 651 2744 carmen
673 2671 733 2743 tibi
755 2672 862 2744 breve
884 2673 951 2744 iam
974 2671 1111 2766 scripsi,
1129 2673 1223 2765 quod

146 2794 223 2865 ideo
245 2794 398 2866 nondum
421 2794 529 2878 mitto,
549 2795 630 2887 quia
653 2803 692 2865 ut
707 2817 754 2866 ex
770 2795 891 2866 ordine
913 2795 1016 2866 buius
1038 2795 1222 2866 inextrica-

146 2917 222 2988 bilis
244 2918 411 3010 ergastuli
436 2917 643 2990 mentionem
669 2919 832 3002 facerem,
860 2918 903 2995 de
927 2930 1074 3011 quatuor
1094 2918 1222 3022 ueteri-

145 3038 210 3110 bus
237 3039 432 3111 labirinthis
460 3041 556 3132 prius
577 3041 680 3111 unius
701 3040 831 3112 mentio
851 3043 941 3111 facta
957 3049 1027 3124 est,
1049 3049 1085 3111 ot
1105 3043 1148 3113 de
1167 3064 1222 3111 or·
1292 3103 1294 3108 .

145 3164 224 3235 dine
250 3161 383 3246 dubito,
406 3184 520 3256 neque
537 3162 639 3234 modo
656 3184 744 3256 quos
770 3165 947 3234 consulam
975 3163 1051 3234 libri
1078 3164 1220 3247 adsunt,

145 3297 179 3355 et
197 3309 320 3378 parum
347 3283 418 3357 fido
443 3286 630 3357 memoriae.
652 3285 799 3357 Proinde
826 3307 907 3378 quan
932 3287 1153 3379 praednlciter
1178 3287 1221 3357 de

145 3409 295 3480 amicitia
315 3419 374 3481 tua
395 3409 534 3494 scribis,
556 3433 625 3503 qua
643 3431 712 3481 non
732 3430 789 3480 me
811 3410 938 3493 solum,
963 3408 1025 3480 sed
1044 3430 1166 3480 omnes
1187 3421 1221 3480 et

145 3534 202 3624 qui
221 3531 307 3603 mihi
324 3532 394 3604 cari
413 3542 508 3616 sunt,
522 3541 557 3603 et
576 3531 705 3625 quibus
725 3554 793 3623 ego
814 3553 1027 3615 sumemus,
1050 3530 1221 3602 ardentis-

147 3656 232 3726 sima
253 3654 421 3726 charitate
440 3653 691 3746 complecteris,
714 3676 837 3747 meque
862 3661 940 3747 post
961 3653 1066 3746 Alpes
1088 3675 1127 3722 ac
1148 3675 1220 3723 ma-

147 3778 196 3847 ria
216 3779 402 3872 plusquam
423 3776 554 3871 lynceis
575 3776 698 3861 ocoliS,
718 3779 901 3870 plusquam
915 3777 1044 3870 aprinis
1066 3773 1218 3856 auribus,

147 3899 272 3992 insigni
292 3900 443 3992 quodam
464 3909 499 3972 et
518 3903 661 3993 vulgato
682 3911 856 3971 amantum
877 3898 1072 3994 privilegio,
1094 3897 1220 3967 absen-

148 4035 215 4097 tem
252 4024 382 4097 absens
408 4024 579 4118 andisque
611 4023 792 4116 videsque,
829 4024 934 4095 immo
966 4041 1052 4093 vero
1078 4019 1220 4092 ubilibet

148 4169 300 4240 praesens
320 4171 371 4232 es,
394 4147 457 4218 etsi
480 4157 512 4216 to
531 4157 662 4219 tacente
680 4156 760 4219 nota
779 4155 872 4230 sunt,
891 4145 974 4218 mihi
988 4145 1086 4218 iuvat
1104 4155 1218 4217 tamen
