2958 4804
340 360 432 410 urana
452 357 937 410 nnoruusrnerrus-nrrsronn
959 361 1009 411 vu.
1154 347 1211 411 tlt

122 494 208 565 deo.
236 492 433 564 Occurrunt
458 493 550 568 enim
577 491 669 562 omni
695 513 743 562 ex
770 501 870 586 parta
905 492 1107 586 phrenetici,
1136 515 1214 588 per-

123 624 333 699 contantur,
370 614 552 710 arripiunt,
586 613 726 701 docent,
761 614 952 712 disputant,
991 617 1212 702 altercantur,

124 738 255 810 dicunt
289 756 371 830 quae
407 758 585 831 nunquam
616 738 826 811 Mantuanus
862 745 1000 834 pastor,
1035 760 1214 832 nunquam

126 860 309 934 ltlaeonius
331 879 442 932 senex
466 860 581 932 novit:
611 870 646 932 at
669 859 844 952 indignor,
872 869 909 934 et
930 861 975 934 ad
1000 869 1214 954 postremum

128 992 255 1056 metuo
277 1005 321 1056 ne
339 985 425 1055 sorte
444 981 669 1076 magistratus
694 983 729 1053 in
749 982 805 1055 ius
825 982 947 1077 rapiat,
972 992 1215 1078 corruptaeque

129 1105 337 1202 reipublicae
357 1126 439 1178 reus
457 1103 533 1176 sim.
552 1103 621 1176 Sed
637 1127 707 1199 quo
722 1107 836 1178 feror?
853 1105 1017 1180 Dicebam
1037 1104 1139 1178 modo
1159 1127 1215 1176 me

132 1252 205 1303 non
221 1229 354 1301 habere
373 1228 467 1322 quod
485 1225 686 1300 scriberem.
704 1229 758 1300 lln
778 1228 884 1301 meris
900 1251 947 1302 ex
962 1227 1066 1322 nugis
1085 1227 1215 1323 episto-

132 1355 205 1425 lam
227 1339 360 1424 textam
380 1351 492 1424 videa.
515 1348 678 1422 Dicebam
698 1373 754 1422 me
774 1353 908 1424 nescire
927 1352 983 1424 cui
1004 1352 1214 1436 scriberem;

134 1485 173 1547 tu
194 1475 253 1547 his
271 1474 427 1567 legendis
444 1471 648 1570 aptissimus
665 1472 765 1546 visus
778 1495 830 1546 es.
844 1475 879 1544 Si
895 1497 959 1547 cur
974 1474 1112 1567 quaeris,
1131 1497 1216 1549 cau·-

136 1621 213 1672 sam
232 1599 309 1672 dixi
327 1620 445 1670 unam.
462 1595 563 1668 Addo
581 1596 698 1668 aliam:
719 1599 801 1691 quia
818 1597 961 1682 scilicet,
981 1608 1018 1670 ut
1037 1620 1058 1670 a
1074 1597 1216 1672 ludicris

137 1723 280 1796 tandem
295 1718 341 1793 ad
356 1721 447 1792 seria
465 1732 693 1806 revertamur,
712 1721 900 1818 promptior
916 1723 986 1795 eris
1004 1721 1049 1796 ad
1067 1720 1214 1806 veniam,

139 1846 168 1918 si
190 1845 298 1917 totius
315 1844 410 1916 orbis
427 1843 645 1936 poematibus
666 1865 707 1916 ao
722 1845 833 1938 poetis
853 1845 1028 1918 obnoxius
1044 1856 1079 1918 et
1095 1845 1216 1918 obses-

140 1991 216 2053 suS,
242 1967 288 2039 ad
312 1967 505 2040 communis
531 1963 666 2038 Domini
689 1977 837 2060 tuasque
859 1968 991 2042 litteras
1022 1992 1069 2041 ex
1095 1968 1217 2040 itinere

140 2092 267 2164 missas
281 2113 350 2162 non
368 2090 532 2184 respondi
546 2091 645 2162 aliter
662 2113 765 2182 quam
782 2113 819 2162 re
836 2093 920 2185 ipsa.
940 2094 978 2163 ln
995 2092 1122 2186 quibus
1141 2113 1215 2164 suae

141 2215 276 2308 pietatis
309 2223 345 2286 et
369 2212 419 2284 tui
446 2212 575 2285 amoris
606 2213 708 2304 sigua
732 2215 919 2308 perspexi:
944 2235 1093 2307 quarum
1125 2234 1217 2308 prae-

141 2345 279 2431 ceptum
312 2359 354 2409 ao
382 2336 564 2409 eonsilium
590 2345 745 2422 secutus,
773 2359 852 2408 uum
877 2337 962 2408 mihi
986 2338 1054 2409 iam
1081 2347 1217 2410 moturo

141 2459 483 2533 restraincubuissat
493 2458 689 2543 auotoritas,
704 2479 866 2551 gressum
878 2459 1015 2532 cohibui
1026 2470 1216 2554 expectans

140 2583 243 2654 anxie
269 2579 353 2652 dum
378 2581 489 2676 potui;
510 2581 621 2652 Deum
642 2589 764 2665 testor,
792 2583 922 2653 nullam
952 2591 1093 2678 propter
1119 2603 1217 2675 spem

141 2704 252 2800 ipsius
285 2725 333 2774 ex
362 2703 485 2776 litteris
518 2703 681 2775 oblatam.
718 2703 862 2776 Gloriari
889 2703 1029 2798 quidam
1059 2706 1154 2800 apud
1184 2713 1218 2778 te

141 2851 209 2902 non
245 2847 373 2900 vereor
408 2847 515 2899 nosse
553 2848 607 2898 me
639 2825 814 2899 hominem
852 2830 985 2900 nullum
1018 2829 1133 2900 minus
1171 2827 1217 2901 illi

142 2952 297 3025 deditum
314 2950 468 3044 passioni
485 2951 568 3022 lore.
587 2948 722 3021 Etenim
737 2950 821 3020 nihil
838 2971 956 3044 spero:
976 2951 1043 3023 scis
1060 2973 1217 3024 oausam:

143 3075 223 3169 quia
244 3076 318 3146 sere
338 3073 442 3146 etiam
463 3071 547 3142 nibil
567 3080 658 3167 opto.
681 3073 874 3166 Expectavi
900 3085 1015 3147 autem
1037 3086 1075 3147 ut
1094 3098 1219 3153 veren-

143 3195 225 3268 dum
240 3193 327 3267 mibi
344 3193 500 3290 praeclari
514 3193 604 3266 illius
622 3203 657 3266 et
672 3197 790 3289 optimi
803 3196 870 3267 viri
883 3201 1029 3283 vultum,
1048 3221 1092 3271 ne
1106 3209 1218 3271 tecum

143 3316 273 3413 aliquid
298 3315 344 3388 de
370 3327 404 3388 te
430 3319 567 3410 loquar,
595 3318 716 3388 saltem
741 3321 847 3391 semel
871 3319 1009 3392 videam
1034 3331 1220 3414 antequam

144 3439 276 3515 abeam.
300 3441 406 3512 Cuius
427 3440 489 3526 rei,
521 3449 703 3534 postquam
731 3444 839 3512 semel
865 3439 996 3526 abiero,
1018 3443 1121 3534 longa
1142 3463 1218 3513 sum

144 3563 1222 3660 passurus,utauguror,etinamoenaieiunialnterexpeotan-

145 3689 227 3761 dum
254 3688 360 3779 igitur
386 3685 447 3756 ubi
473 3707 529 3758 mc
554 3685 678 3760 litterae
700 3707 862 3782 reperere
891 3685 1057 3757 bimestre
1082 3695 1220 3781 tempus

145 3811 340 3905 absumpsi,
359 3831 509 3903 cumque
524 3810 558 3880 in
573 3807 675 3882 linem
697 3809 804 3882 ouriae
821 3809 934 3882 taediis
955 3810 1068 3882 victus
1088 3831 1218 3894 essem,

147 3935 247 4019 cessi,
269 3935 387 4018 fateor,
406 3955 448 4004 ac
465 3934 612 4006 secessi:
634 3934 697 4006 sad
713 3955 783 4004 non
799 3933 936 4023 longius
958 3953 1063 4026 quam
1081 3934 1126 4006 ad
1143 3955 1221 4004 eam

149 4055 385 4142 solitudinem,
408 4077 487 4150 quae
508 4053 591 4125 mihi
611 4053 657 4128 ad
681 4059 809 4128 sontem
830 4054 963 4147 Surgiae
983 4065 1050 4142 est,
1073 4075 1222 4150 quaeque

150 4203 205 4252 me
226 4181 416 4253 curialibus
437 4181 535 4254 malis
555 4183 688 4253 sessum
710 4203 866 4254 recreare
889 4182 977 4254 solet
998 4178 1222 4253 alternatione
