2958 4804
324 358 419 412 crans
440 361 938 414 nnoruusrnnrrus-nrrsronn
960 363 1022 412 vlu.
1150 349 1209 414 ate

127 501 298 574 videant:
319 515 389 572 non
405 515 537 585 aurum,
557 523 627 574 non
644 523 809 594 gemmus,
831 523 900 574 non
919 502 1015 589 ebur,
1037 525 1108 576 non
1126 527 1212 600 pur-

127 646 269 718 puram,
291 646 361 696 non
377 645 496 717 equos,
511 623 580 696 nisi
592 623 691 709 duos,
710 647 842 719 eosque
859 625 954 721 ipsos
973 627 1131 719 exiguos,
1150 628 1210 721 qui

126 768 211 818 cum
225 747 329 819 unioo
342 769 450 841 puero
465 746 522 819 his
535 769 592 820 me
605 746 755 820 vallibus
773 746 1054 820 circumvectant.
1072 750 1211 822 Postre-

127 892 188 941 mo
209 870 342 942 nullius
364 891 509 963 usquam
534 869 698 954 mulieris,
720 867 788 941 nisi
807 868 933 942 villicae
955 891 1045 942 meae
1069 870 1208 956 faciem,

127 1010 238 1083 quam
262 990 293 1062 si
312 991 444 1076 videas,
467 989 690 1066 solitudinem
715 989 882 1088 Libycam
902 1001 964 1065 cut
982 990 1209 1086 AEthiopicam

129 1123 291 1207 putes'te
310 1114 455 1198 videre;
476 1113 608 1187 aridam
629 1113 768 1208 penitus
785 1122 821 1186 et
840 1135 926 1186 vere
942 1115 1026 1188 solis
1046 1115 1091 1188 ab
1109 1114 1211 1188 ardo·

130 1235 232 1308 ribus
252 1235 410 1308 adustam
428 1237 558 1320 faciem,
577 1235 634 1308 oui
651 1234 735 1308 nihil
752 1233 886 1319 viroris,
901 1234 987 1307 nihil
1000 1237 1093 1309 succi
1110 1237 1210 1322 inest,

129 1358 257 1432 taciem
275 1359 412 1452 qualem
429 1359 459 1430 si
476 1355 649 1454 Tyndaris
668 1356 858 1442 habuisset,
878 1357 979 1457 Troia
998 1358 1212 1432 nuncetiam

133 1488 258 1564 staret;
280 1478 310 1550 si
336 1479 497 1553 Lucretia
520 1489 557 1552 et
581 1479 752 1572 Virginia,
780 1502 845 1553 nec
871 1500 979 1571 reguo
1003 1478 1212 1574 Tarquinius

132 1603 260 1696 pulsus
284 1610 394 1687 esset,
421 1623 486 1674 nec
511 1599 644 1695 Appius
670 1602 779 1674 vitam
806 1601 1003 1676 incarcere
1028 1599 1210 1674 finivisset.

132 1725 266 1828 ilerum
286 1745 331 1796 ne
352 1723 419 1796 sibi
439 1737 518 1820 post
542 1725 614 1796 oris
638 1723 906 1819 descriptionem
926 1724 1051 1817 dignas
1076 1745 1212 1796 morum

133 1847 257 1920 laudes
275 1846 487 1934 subtraham,
510 1869 615 1942 quum
635 1849 733 1920 lusca
752 1848 859 1920 iacies
878 1858 950 1922 tam
968 1845 1138 1920 candidus
1158 1858 1214 1920 est

136 1971 295 2052 animus;
318 1991 484 2062 magnum
509 1980 544 2042 et
563 1969 640 2063 ipsu
660 1970 744 2043 nihil
764 1972 879 2043 animo
898 1972 1054 2043 nocentis
1074 1971 1212 2044 feminae

137 2090 362 2166 deformitatis
382 2093 601 2184 exemplum3
622 2092 668 2165 de
692 2114 763 2186 quo
787 2095 874 2166 lorte
900 2092 1031 2186 aliquid
1049 2093 1210 2177 dicerem,

136 2215 201 2286 nisi
221 2216 305 2308 quia
325 2216 416 2288 oiroa
437 2215 619 2288 Claranum
642 2235 744 2288 suum
762 2213 901 2288 abunde
920 2214 1013 2288 hunc
1029 2215 1211 2286 articulum

136 2338 169 2408 in
201 2337 359 2432 epistolis
396 2348 600 2432 prosecutus
631 2345 688 2408 est
721 2337 860 2408 Seneca.
895 2337 967 2408 lloo
1001 2335 1213 2430 singularius

136 2460 239 2534 habet
259 2459 374 2532 villica
391 2482 482 2544 mea,
505 2457 698 2554 quodcum
718 2460 828 2530 forma
847 2459 1002 2555 corporis
1025 2459 1211 2532 femineum

135 2585 250 2679 potius
267 2605 371 2677 quam
385 2583 486 2656 virile
502 2582 630 2656 bonum
645 2583 699 2666 sit,
718 2580 795 2654 haeo
806 2580 895 2654 adeo
907 2585 1029 2654 lormae
1044 2582 1212 2655 iacturum

136 2730 203 2781 non
225 2707 340 2794 sentit,
363 2717 403 2779 ut
421 2705 546 2778 decere
567 2705 658 2778 illam
680 2714 782 2799 putes
802 2725 884 2778 esse
904 2705 1104 2777 deformem.
1122 2702 1213 2776 Nihil

136 2828 283 2916 fidelius,
305 2829 390 2901 nihil
406 2829 581 2914 humilius
600 2825 685 2900 nihil
700 2827 894 2922 operosius.
916 2825 989 2899 Sub
1009 2824 1213 2900 ardentissi-

134 2974 191 3024 mo
209 2954 296 3038 sole,
311 2951 373 3024 vix
390 2949 519 3024 cicadis
536 2959 662 3022 aestum
681 2949 921 3036 tolerantibus
941 2960 1031 3022 totos
1047 2947 1124 3020 dies
1141 2947 1214 3040 agit

135 3077 169 3147 in
180 3076 326 3170 campio,
340 3086 376 3148 et
388 3076 557 3147 Cancrum
572 3081 608 3146 et
621 3075 772 3147 Leonem
785 3073 910 3146 durata
922 3083 1002 3148 cute
1013 3071 1212 3146 contemnit.
1308 3156 1311 3160 ι

134 3199 221 3272 Sero
241 3197 383 3271 domum
404 3195 544 3268 rediens
565 3197 700 3270 anicula
720 3196 770 3268 sio
789 3195 1004 3270 indefessum
1025 3195 1131 3268 rebus
1151 3194 1215 3267 do-

134 3320 291 3394 mesticis
313 3318 455 3392 adhibet
473 3318 710 3412 inviotumque
731 3321 984 3414 corpusculum,
1009 3329 1046 3390 ut
1064 3341 1085 3390 e
1105 3318 1215 3390 thala-

134 3466 192 3516 mo
212 3443 411 3516 venientem
431 3441 595 3514 iuvenem
612 3440 723 3514 dicas:
741 3442 873 3512 nullum
894 3438 1024 3512 interea
1045 3461 1212 3522 murmur,

135 3568 241 3640 nullae
253 3563 489 3660 querimoniae,
504 3565 635 3636 nullum
654 3562 802 3636 turbatae
819 3563 945 3635 mentis
962 3561 1134 3646 indicium,
1150 3560 1215 3632 sed

135 3690 203 3762 viri
223 3697 260 3762 et
280 3695 440 3760 natorum
460 3698 495 3760 et
519 3686 659 3758 familiae
679 3707 768 3758 mem
788 3684 1073 3776 venientiumque
1094 3683 1140 3754 ad
1159 3703 1214 3754 me

136 3812 312 3906 hospitum
334 3810 544 3884 incredibilis
569 3830 664 3892 cura,
690 3808 971 3901 incredibilisque
997 3813 1214 3898 contemptos

137 3935 192 4008 sui
213 3933 399 4007 dumtaxat
424 3934 546 4028 ipsius.
579 3933 667 4005 Huic
692 3951 810 4004 saxeae
836 3930 1048 4003 mulierculae
1069 3928 1214 4000 instrata

139 4058 324 4130 sarmentis
355 4065 448 4131 terra
472 4055 688 4141 cubiculum,
715 4053 796 4126 huio
821 4074 928 4148 prope
954 4065 1090 4129 terreus
1115 4052 1214 4147 panis

140 4179 246 4266 cibus
261 4181 452 4276 vinumque
466 4189 562 4253 aceto
580 4177 726 4254 similius
744 4176 964 4273 lymphisque
982 4175 1213 4273 perdomitum
