<?xml version="1.0" encoding="UTF-8"?>
<!DOCTYPE html PUBLIC "-//W3C//DTD XHTML 1.0 Transitional//EN"
    "http://www.w3.org/TR/xhtml1/DTD/xhtml1-transitional.dtd">
<html xmlns="http://www.w3.org/1999/xhtml" xml:lang="en" lang="en">
 <head>
  <title>
</title>
<meta http-equiv="Content-Type" content="text/html;charset=utf-8" />
  <meta name='ocr-system' content='tesseract 3.04.00' />
  <meta name='ocr-capabilities' content='ocr_page ocr_carea ocr_par ocr_line ocrx_word'/>
</head>
<body>
  <div class='ocr_page' id='page_1' title='image "./franciscipetrar01fracgoog_0346.png"; bbox 0 0 3078 4798; ppageno 0'>
   <div class='ocr_carea' id='block_1_1' title="bbox 412 349 1303 412">
    <p class='ocr_par' dir='ltr' id='par_1_1' title="bbox 412 349 1303 412">
     <span class='ocr_line' id='line_1_1' title="bbox 412 349 1303 412; baseline 0.01 -11"><span class='ocrx_word' id='word_1_1' title='bbox 412 353 501 402; x_wconf 81' lang='lat' dir='ltr'><strong>umus</strong></span> <span class='ocrx_word' id='word_1_2' title='bbox 525 352 1026 412; x_wconf 79' lang='lat' dir='ltr'><strong>uulurusnucluus.-ur1suuua</strong></span> <span class='ocrx_word' id='word_1_3' title='bbox 1049 358 1111 407; x_wconf 81' lang='lat' dir='ltr'><strong>vlu.</strong></span> <span class='ocrx_word' id='word_1_4' title='bbox 1244 349 1303 410; x_wconf 77' lang='lat'><strong>335</strong></span> 
     </span>
    </p>
   </div>
   <div class='ocr_carea' id='block_1_2' title="bbox 629 635 897 702">
    <p class='ocr_par' dir='ltr' id='par_1_2' title="bbox 629 635 897 702">
     <span class='ocr_line' id='line_1_2' title="bbox 629 635 897 702; baseline 0.007 -2"><span class='ocrx_word' id='word_1_5' title='bbox 629 635 807 702; x_wconf 75' lang='lat' dir='ltr'><strong>uplsuoua</strong></span> <span class='ocrx_word' id='word_1_6' title='bbox 830 637 897 702; x_wconf 85' lang='lat' dir='ltr'><strong>vlu.</strong></span> 
     </span>
    </p>
   </div>
   <div class='ocr_carea' id='block_1_3' title="bbox 389 820 1133 876">
    <p class='ocr_par' dir='ltr' id='par_1_3' title="bbox 389 820 1133 876">
     <span class='ocr_line' id='line_1_3' title="bbox 389 820 1133 876; baseline 0.011 -7"><span class='ocrx_word' id='word_1_7' title='bbox 389 820 584 870; x_wconf 78' lang='lat' dir='ltr'><strong>ruluclscus</strong></span> <span class='ocrx_word' id='word_1_8' title='bbox 606 820 775 871; x_wconf 73' lang='lat' dir='ltr'><strong>PETRARGA</strong></span> <span class='ocrx_word' id='word_1_9' title='bbox 798 823 900 874; x_wconf 79' lang='lat' dir='ltr'><strong>LAELIO</strong></span> <span class='ocrx_word' id='word_1_10' title='bbox 922 824 981 875; x_wconf 84' lang='lat' dir='ltr'><strong>SUO</strong></span> <span class='ocrx_word' id='word_1_11' title='bbox 1004 826 1028 875; x_wconf 89' lang='lat' dir='ltr'><strong>S.</strong></span> <span class='ocrx_word' id='word_1_12' title='bbox 1052 826 1079 876; x_wconf 85' lang='lat' dir='ltr'><strong>P.</strong></span> <span class='ocrx_word' id='word_1_13' title='bbox 1102 827 1133 876; x_wconf 80' lang='lat' dir='ltr'><strong>ll.</strong></span> 
     </span>
    </p>
   </div>
   <div class='ocr_carea' id='block_1_4' title="bbox 241 1001 1277 1176">
    <p class='ocr_par' dir='ltr' id='par_1_4' title="bbox 241 1001 1277 1176">
     <span class='ocr_line' id='line_1_4' title="bbox 268 1001 1254 1068; baseline 0.008 -12"><span class='ocrx_word' id='word_1_14' title='bbox 268 1003 330 1068; x_wconf 89' lang='lat' dir='ltr'><strong>Quo</strong></span> <span class='ocrx_word' id='word_1_15' title='bbox 346 1017 375 1057; x_wconf 85' lang='lat' dir='ltr'><strong>se</strong></span> <span class='ocrx_word' id='word_1_16' title='bbox 390 1001 461 1056; x_wconf 86' lang='lat' dir='ltr'><strong>serat</strong></span> <span class='ocrx_word' id='word_1_17' title='bbox 475 1001 613 1056; x_wconf 85' lang='lat' dir='ltr'><strong>incertum</strong></span> <span class='ocrx_word' id='word_1_18' title='bbox 631 1001 737 1058; x_wconf 84' lang='lat' dir='ltr'><strong>haerere</strong></span> <span class='ocrx_word' id='word_1_19' title='bbox 756 1003 868 1060; x_wconf 87' lang='lat' dir='ltr'><strong>animo:</strong></span> <span class='ocrx_word' id='word_1_20' title='bbox 889 1003 986 1062; x_wconf 76' lang='lat' dir='ltr'><strong>Rome</strong></span> <span class='ocrx_word' id='word_1_21' title='bbox 1005 1009 1099 1061; x_wconf 86' lang='lat' dir='ltr'><strong>tamen</strong></span> <span class='ocrx_word' id='word_1_22' title='bbox 1116 1005 1254 1064; x_wconf 81' lang='lat' dir='ltr'><strong>desiderio</strong></span> 
     </span>
     <span class='ocr_line' id='line_1_5' title="bbox 241 1097 1277 1176; baseline 0.007 -23"><span class='ocrx_word' id='word_1_23' title='bbox 241 1115 327 1170; x_wconf 89' lang='lat' dir='ltr'><strong>quarn</strong></span> <span class='ocrx_word' id='word_1_24' title='bbox 343 1097 462 1152; x_wconf 84' lang='lat' dir='ltr'><strong>maxime</strong></span> <span class='ocrx_word' id='word_1_25' title='bbox 476 1098 582 1152; x_wconf 83' lang='lat' dir='ltr'><strong>teneri:</strong></span> <span class='ocrx_word' id='word_1_26' title='bbox 597 1113 686 1169; x_wconf 82' lang='lat' dir='ltr'><strong>eaque</strong></span> <span class='ocrx_word' id='word_1_27' title='bbox 700 1097 734 1154; x_wconf 86' lang='lat' dir='ltr'><strong>du</strong></span> <span class='ocrx_word' id='word_1_28' title='bbox 750 1115 780 1154; x_wconf 87' lang='lat' dir='ltr'><strong>re</strong></span> <span class='ocrx_word' id='word_1_29' title='bbox 794 1099 876 1155; x_wconf 77' lang='lat' dir='ltr'><strong>amici</strong></span> <span class='ocrx_word' id='word_1_30' title='bbox 890 1099 1038 1158; x_wconf 88' lang='lat' dir='ltr'><strong>consilium</strong></span> <span class='ocrx_word' id='word_1_31' title='bbox 1053 1101 1132 1158; x_wconf 81' lang='lat' dir='ltr'><strong>enixe</strong></span> <span class='ocrx_word' id='word_1_32' title='bbox 1147 1105 1277 1176; x_wconf 85' lang='lat' dir='ltr'><strong>postulat.</strong></span> 
     </span>
    </p>
   </div>
   <div class='ocr_carea' id='block_1_5' title="bbox 132 1346 1377 4262">
    <p class='ocr_par' dir='ltr' id='par_1_5' title="bbox 132 1346 1377 4262">
     <span class='ocr_line' id='line_1_6' title="bbox 318 1346 1302 1440; baseline 0.004 -22"><span class='ocrx_word' id='word_1_33' title='bbox 318 1348 402 1418; x_wconf 80' lang='lat' dir='ltr'><strong>uem</strong></span> <span class='ocrx_word' id='word_1_34' title='bbox 424 1347 535 1440; x_wconf 90' lang='lat' dir='ltr'><strong>prima</strong></span> <span class='ocrx_word' id='word_1_35' title='bbox 560 1349 672 1418; x_wconf 80' lang='lat' dir='ltr'><strong>fronte</strong></span> <span class='ocrx_word' id='word_1_36' title='bbox 700 1347 889 1420; x_wconf 88' lang='lat' dir='ltr'><strong>mirabilem</strong></span> <span class='ocrx_word' id='word_1_37' title='bbox 911 1346 1062 1420; x_wconf 88' lang='lat' dir='ltr'><strong>scribam</strong></span> <span class='ocrx_word' id='word_1_38' title='bbox 1084 1350 1159 1435; x_wconf 89' lang='lat' dir='ltr'><strong>tibi,</strong></span> <span class='ocrx_word' id='word_1_39' title='bbox 1183 1353 1247 1425; x_wconf 88' lang='lat' dir='ltr'><strong>sed</strong></span> <span class='ocrx_word' id='word_1_40' title='bbox 1273 1354 1302 1424; x_wconf 91' lang='lat' dir='ltr'><strong>si</strong></span> 
     </span>
     <span class='ocr_line' id='line_1_7' title="bbox 216 1468 1304 1565; baseline 0.004 -21"><span class='ocrx_word' id='word_1_41' title='bbox 216 1471 265 1544; x_wconf 90' lang='lat' dir='ltr'><strong>ad</strong></span> <span class='ocrx_word' id='word_1_42' title='bbox 289 1468 501 1561; x_wconf 86' lang='lat' dir='ltr'><strong>praeteritum</strong></span> <span class='ocrx_word' id='word_1_43' title='bbox 529 1479 666 1565; x_wconf 86' lang='lat' dir='ltr'><strong>tempus</strong></span> <span class='ocrx_word' id='word_1_44' title='bbox 691 1469 809 1541; x_wconf 90' lang='lat' dir='ltr'><strong>animo</strong></span> <span class='ocrx_word' id='word_1_45' title='bbox 835 1470 988 1541; x_wconf 86' lang='lat' dir='ltr'><strong>reflexus</strong></span> <span class='ocrx_word' id='word_1_46' title='bbox 1019 1493 1134 1544; x_wconf 87' lang='lat' dir='ltr'><strong>mores</strong></span> <span class='ocrx_word' id='word_1_47' title='bbox 1161 1496 1257 1547; x_wconf 87' lang='lat' dir='ltr'><strong>meos</strong></span> <span class='ocrx_word' id='word_1_48' title='bbox 1283 1499 1304 1548; x_wconf 88' lang='lat' dir='ltr'><strong>a</strong></span> 
     </span>
     <span class='ocr_line' id='line_1_8' title="bbox 218 1590 1304 1688; baseline 0.005 -24"><span class='ocrx_word' id='word_1_49' title='bbox 218 1592 330 1686; x_wconf 90' lang='lat' dir='ltr'><strong>prima</strong></span> <span class='ocrx_word' id='word_1_50' title='bbox 347 1600 451 1664; x_wconf 83' lang='lat' dir='ltr'><strong>aetate</strong></span> <span class='ocrx_word' id='word_1_51' title='bbox 469 1590 529 1662; x_wconf 92' lang='lat' dir='ltr'><strong>tibi</strong></span> <span class='ocrx_word' id='word_1_52' title='bbox 543 1592 700 1683; x_wconf 77' lang='lat' dir='ltr'><strong>cognitos</strong></span> <span class='ocrx_word' id='word_1_53' title='bbox 719 1593 1006 1686; x_wconf 88' lang='lat' dir='ltr'><strong>propositumque</strong></span> <span class='ocrx_word' id='word_1_54' title='bbox 1023 1595 1199 1688; x_wconf 81' lang='lat' dir='ltr'><strong>respicias,</strong></span> <span class='ocrx_word' id='word_1_55' title='bbox 1220 1597 1304 1669; x_wconf 88' lang='lat' dir='ltr'><strong>nihil</strong></span> 
     </span>
     <span class='ocr_line' id='line_1_9' title="bbox 219 1715 1303 1811; baseline 0.002 -23"><span class='ocrx_word' id='word_1_56' title='bbox 219 1715 456 1791; x_wconf 80' lang='lat' dir='ltr'><strong>admirationis</strong></span> <span class='ocrx_word' id='word_1_57' title='bbox 477 1715 685 1788; x_wconf 85' lang='lat' dir='ltr'><strong>habituram.</strong></span> <span class='ocrx_word' id='word_1_58' title='bbox 707 1718 850 1788; x_wconf 91' lang='lat' dir='ltr'><strong>Summa</strong></span> <span class='ocrx_word' id='word_1_59' title='bbox 877 1725 945 1800; x_wconf 74' lang='lat' dir='ltr'><strong>esu</strong></span> <span class='ocrx_word' id='word_1_60' title='bbox 967 1738 1049 1811; x_wconf 87' lang='lat' dir='ltr'><strong>pars</strong></span> <span class='ocrx_word' id='word_1_61' title='bbox 1078 1718 1198 1791; x_wconf 90' lang='lat' dir='ltr'><strong>muudi</strong></span> <span class='ocrx_word' id='word_1_62' title='bbox 1220 1720 1303 1792; x_wconf 92' lang='lat' dir='ltr'><strong>mihi</strong></span> 
     </span>
     <span class='ocr_line' id='line_1_10' title="bbox 219 1838 1302 1933; baseline 0.005 -23"><span class='ocrx_word' id='word_1_63' title='bbox 219 1840 314 1910; x_wconf 90' lang='lat' dir='ltr'><strong>nulla</strong></span> <span class='ocrx_word' id='word_1_64' title='bbox 333 1841 460 1932; x_wconf 84' lang='lat' dir='ltr'><strong>placet:</strong></span> <span class='ocrx_word' id='word_1_65' title='bbox 481 1839 856 1931; x_wconf 83' lang='lat' dir='ltr'><strong>quocumquelessum</strong></span> <span class='ocrx_word' id='word_1_66' title='bbox 877 1838 968 1908; x_wconf 89' lang='lat' dir='ltr'><strong>latus</strong></span> <span class='ocrx_word' id='word_1_67' title='bbox 985 1847 1099 1924; x_wconf 88' lang='lat' dir='ltr'><strong>verto,</strong></span> <span class='ocrx_word' id='word_1_68' title='bbox 1119 1840 1302 1933; x_wconf 85' lang='lat' dir='ltr'><strong>vepricusa</strong></span> 
     </span>
     <span class='ocr_line' id='line_1_11' title="bbox 132 1960 1377 2057; baseline 0 -25"><span class='ocrx_word' id='word_1_69' title='bbox 132 2009 138 2018; x_wconf 86' lang='lat'><strong>·</strong></span> <span class='ocrx_word' id='word_1_70' title='bbox 218 1963 336 2033; x_wconf 89' lang='lat' dir='ltr'><strong>omnia</strong></span> <span class='ocrx_word' id='word_1_71' title='bbox 354 1972 390 2033; x_wconf 93' lang='lat' dir='ltr'><strong>et</strong></span> <span class='ocrx_word' id='word_1_72' title='bbox 408 1960 497 2032; x_wconf 89' lang='lat' dir='ltr'><strong>dura</strong></span> <span class='ocrx_word' id='word_1_73' title='bbox 519 1961 663 2053; x_wconf 73' lang='lat' dir='ltr'><strong>reperio.</strong></span> <span class='ocrx_word' id='word_1_74' title='bbox 687 1960 798 2032; x_wconf 81' lang='lat' dir='ltr'>Credo</span> <span class='ocrx_word' id='word_1_75' title='bbox 819 1961 887 2032; x_wconf 93' lang='lat' dir='ltr'><strong>iam</strong></span> <span class='ocrx_word' id='word_1_76' title='bbox 915 1972 1053 2057; x_wconf 86' lang='lat' dir='ltr'><strong>tempus</strong></span> <span class='ocrx_word' id='word_1_77' title='bbox 1073 1973 1170 2036; x_wconf 88' lang='lat' dir='ltr'><strong>esset</strong></span> <span class='ocrx_word' id='word_1_78' title='bbox 1190 1964 1235 2037; x_wconf 88' lang='lat' dir='ltr'><strong>ad</strong></span> <span class='ocrx_word' id='word_1_79' title='bbox 1256 1967 1305 2036; x_wconf 91' lang='lat' dir='ltr'><strong>al-</strong></span> <span class='ocrx_word' id='word_1_80' title='bbox 1372 2023 1377 2032; x_wconf 93' lang='lat'><em>.</em></span> 
     </span>
     <span class='ocr_line' id='line_1_12' title="bbox 220 2081 1301 2174; baseline 0.004 -18"><span class='ocrx_word' id='word_1_81' title='bbox 220 2095 329 2156; x_wconf 88' lang='lat' dir='ltr'><strong>teram</strong></span> <span class='ocrx_word' id='word_1_82' title='bbox 343 2083 449 2154; x_wconf 90' lang='lat' dir='ltr'><strong>vitam</strong></span> <span class='ocrx_word' id='word_1_83' title='bbox 466 2081 735 2174; x_wconf 81' lang='lat' dir='ltr'><strong>commigrandi:</strong></span> <span class='ocrx_word' id='word_1_84' title='bbox 754 2082 810 2154; x_wconf 88' lang='lat' dir='ltr'><strong>hic</strong></span> <span class='ocrx_word' id='word_1_85' title='bbox 826 2083 934 2168; x_wconf 85' lang='lat' dir='ltr'><strong>enim,</strong></span> <span class='ocrx_word' id='word_1_86' title='bbox 954 2085 1078 2170; x_wconf 82' lang='lat' dir='ltr'><strong>fateor,</strong></span> <span class='ocrx_word' id='word_1_87' title='bbox 1100 2088 1189 2158; x_wconf 89' lang='lat' dir='ltr'><strong>male</strong></span> <span class='ocrx_word' id='word_1_88' title='bbox 1207 2107 1301 2174; x_wconf 85' lang='lat' dir='ltr'><strong>sum,</strong></span> 
     </span>
     <span class='ocr_line' id='line_1_13' title="bbox 220 2201 1304 2308; baseline 0.002 -32"><span class='ocrx_word' id='word_1_89' title='bbox 220 2203 393 2276; x_wconf 84' lang='lat' dir='ltr'><strong>sivehaec</strong></span> <span class='ocrx_word' id='word_1_90' title='bbox 413 2225 506 2288; x_wconf 87' lang='lat' dir='ltr'><strong>mea,</strong></span> <span class='ocrx_word' id='word_1_91' title='bbox 531 2203 606 2276; x_wconf 86' lang='lat' dir='ltr'><strong>sive</strong></span> <span class='ocrx_word' id='word_1_92' title='bbox 628 2205 797 2288; x_wconf 88' lang='lat' dir='ltr'><strong>lucorum,</strong></span> <span class='ocrx_word' id='word_1_93' title='bbox 821 2201 897 2308; x_wconf 85' lang='lat' dir='ltr'><strong>sive</strong></span> <span class='ocrx_word' id='word_1_94' title='bbox 917 2202 1111 2290; x_wconf 90' lang='lat' dir='ltr'><strong>hominum,</strong></span> <span class='ocrx_word' id='word_1_95' title='bbox 1135 2205 1212 2278; x_wconf 90' lang='lat' dir='ltr'><strong>sive</strong></span> <span class='ocrx_word' id='word_1_96' title='bbox 1229 2229 1304 2278; x_wconf 92' lang='lat' dir='ltr'><strong>om-</strong></span> 
     </span>
     <span class='ocr_line' id='line_1_14' title="bbox 218 2325 1304 2421; baseline 0.006 -23"><span class='ocrx_word' id='word_1_97' title='bbox 218 2328 317 2400; x_wconf 91' lang='lat' dir='ltr'><strong>nium</strong></span> <span class='ocrx_word' id='word_1_98' title='bbox 338 2329 440 2420; x_wconf 86' lang='lat' dir='ltr'><strong>culpa</strong></span> <span class='ocrx_word' id='word_1_99' title='bbox 459 2336 523 2398; x_wconf 92' lang='lat' dir='ltr'><strong>est.</strong></span> <span class='ocrx_word' id='word_1_100' title='bbox 549 2327 599 2397; x_wconf 88' lang='lat' dir='ltr'><strong>De</strong></span> <span class='ocrx_word' id='word_1_101' title='bbox 623 2325 690 2398; x_wconf 87' lang='lat' dir='ltr'><strong>hnc</strong></span> <span class='ocrx_word' id='word_1_102' title='bbox 715 2336 832 2397; x_wconf 88' lang='lat' dir='ltr'><strong>autem</strong></span> <span class='ocrx_word' id='word_1_103' title='bbox 858 2325 962 2397; x_wconf 88' lang='lat' dir='ltr'><strong>latius</strong></span> <span class='ocrx_word' id='word_1_104' title='bbox 989 2327 1164 2421; x_wconf 87' lang='lat' dir='ltr'><strong>Stephano</strong></span> <span class='ocrx_word' id='word_1_105' title='bbox 1185 2340 1304 2404; x_wconf 74' lang='lat' dir='ltr'><strong>nostro</strong></span> 
     </span>
     <span class='ocr_line' id='line_1_15' title="bbox 220 2447 1305 2545; baseline 0 -23"><span class='ocrx_word' id='word_1_106' title='bbox 220 2450 416 2522; x_wconf 87' lang='lat' dir='ltr'><strong>clarissimo</strong></span> <span class='ocrx_word' id='word_1_107' title='bbox 435 2449 513 2521; x_wconf 88' lang='lat' dir='ltr'><strong>viru</strong></span> <span class='ocrx_word' id='word_1_108' title='bbox 534 2448 672 2543; x_wconf 82' lang='lat' dir='ltr'><strong>scripsi,</strong></span> <span class='ocrx_word' id='word_1_109' title='bbox 690 2447 839 2542; x_wconf 89' lang='lat' dir='ltr'><strong>ideoque</strong></span> <span class='ocrx_word' id='word_1_110' title='bbox 858 2451 966 2520; x_wconf 92' lang='lat' dir='ltr'><strong>multo</strong></span> <span class='ocrx_word' id='word_1_111' title='bbox 985 2448 1052 2520; x_wconf 90' lang='lat' dir='ltr'><strong>iam</strong></span> <span class='ocrx_word' id='word_1_112' title='bbox 1070 2460 1227 2544; x_wconf 83' lang='lat' dir='ltr'><strong>tempore</strong></span> <span class='ocrx_word' id='word_1_113' title='bbox 1247 2473 1305 2545; x_wconf 90' lang='lat' dir='ltr'><strong>pe-</strong></span> 
     </span>
     <span class='ocr_line' id='line_1_16' title="bbox 220 2571 1306 2668; baseline 0.001 -25"><span class='ocrx_word' id='word_1_114' title='bbox 220 2571 385 2665; x_wconf 81' lang='lat' dir='ltr'><strong>regrinus</strong></span> <span class='ocrx_word' id='word_1_115' title='bbox 403 2593 482 2644; x_wconf 88' lang='lat' dir='ltr'><strong>sum</strong></span> <span class='ocrx_word' id='word_1_116' title='bbox 499 2571 536 2642; x_wconf 91' lang='lat' dir='ltr'><strong>iu</strong></span> <span class='ocrx_word' id='word_1_117' title='bbox 556 2580 661 2658; x_wconf 87' lang='lat' dir='ltr'><strong>terra,</strong></span> <span class='ocrx_word' id='word_1_118' title='bbox 681 2572 726 2645; x_wconf 87' lang='lat' dir='ltr'><strong>de</strong></span> <span class='ocrx_word' id='word_1_119' title='bbox 743 2593 813 2665; x_wconf 88' lang='lat' dir='ltr'><strong>qno</strong></span> <span class='ocrx_word' id='word_1_120' title='bbox 829 2572 905 2666; x_wconf 88' lang='lat' dir='ltr'><strong>ipse</strong></span> <span class='ocrx_word' id='word_1_121' title='bbox 925 2594 983 2644; x_wconf 94' lang='lat' dir='ltr'><strong>me</strong></span> <span class='ocrx_word' id='word_1_122' title='bbox 1002 2595 1114 2668; x_wconf 82' lang='lat' dir='ltr'><strong>nuper</strong></span> <span class='ocrx_word' id='word_1_123' title='bbox 1134 2575 1306 2648; x_wconf 81' lang='lat' dir='ltr'><strong>excusavi</strong></span> 
     </span>
     <span class='ocr_line' id='line_1_17' title="bbox 220 2692 1305 2792; baseline 0 -26"><span class='ocrx_word' id='word_1_124' title='bbox 220 2695 446 2767; x_wconf 80' lang='lat' dir='ltr'><strong>venetiarum</strong></span> <span class='ocrx_word' id='word_1_125' title='bbox 466 2693 548 2765; x_wconf 89' lang='lat' dir='ltr'><strong>duci</strong></span> <span class='ocrx_word' id='word_1_126' title='bbox 567 2692 719 2766; x_wconf 77' lang='lat' dir='ltr'><strong>Andreae</strong></span> <span class='ocrx_word' id='word_1_127' title='bbox 745 2693 821 2766; x_wconf 89' lang='lat' dir='ltr'><strong>viro</strong></span> <span class='ocrx_word' id='word_1_128' title='bbox 848 2693 985 2792; x_wconf 82' lang='lat' dir='ltr'><strong>inclyto.</strong></span> <span class='ocrx_word' id='word_1_129' title='bbox 1020 2696 1209 2789; x_wconf 80' lang='lat' dir='ltr'><strong>Utramque</strong></span> <span class='ocrx_word' id='word_1_130' title='bbox 1232 2696 1305 2789; x_wconf 88' lang='lat' dir='ltr'><strong>epi-</strong></span> 
     </span>
     <span class='ocr_line' id='line_1_18' title="bbox 223 2815 1305 2912; baseline 0 -22"><span class='ocrx_word' id='word_1_131' title='bbox 223 2819 346 2890; x_wconf 88' lang='lat' dir='ltr'><strong>stolam</strong></span> <span class='ocrx_word' id='word_1_132' title='bbox 366 2840 447 2890; x_wconf 89' lang='lat' dir='ltr'><strong>cum</strong></span> <span class='ocrx_word' id='word_1_133' title='bbox 473 2815 538 2890; x_wconf 92' lang='lat' dir='ltr'><strong>hac</strong></span> <span class='ocrx_word' id='word_1_134' title='bbox 564 2817 667 2890; x_wconf 88' lang='lat' dir='ltr'><strong>simul</strong></span> <span class='ocrx_word' id='word_1_135' title='bbox 692 2818 738 2890; x_wconf 89' lang='lat' dir='ltr'><strong>ad</strong></span> <span class='ocrx_word' id='word_1_136' title='bbox 764 2827 797 2888; x_wconf 90' lang='lat' dir='ltr'><strong>te</strong></span> <span class='ocrx_word' id='word_1_137' title='bbox 824 2816 917 2901; x_wconf 89' lang='lat' dir='ltr'><strong>misi,</strong></span> <span class='ocrx_word' id='word_1_138' title='bbox 940 2818 1103 2912; x_wconf 87' lang='lat' dir='ltr'><strong>quoniam</strong></span> <span class='ocrx_word' id='word_1_139' title='bbox 1129 2818 1176 2890; x_wconf 90' lang='lat' dir='ltr'><strong>ad</strong></span> <span class='ocrx_word' id='word_1_140' title='bbox 1200 2819 1236 2894; x_wconf 89' lang='lat' dir='ltr'><strong>id</strong></span> <span class='ocrx_word' id='word_1_141' title='bbox 1259 2820 1305 2891; x_wconf 92' lang='lat' dir='ltr'><strong>de</strong></span> 
     </span>
     <span class='ocr_line' id='line_1_19' title="bbox 221 2940 1306 3036; baseline -0.002 -21"><span class='ocrx_word' id='word_1_142' title='bbox 221 2964 292 3036; x_wconf 86' lang='lat' dir='ltr'><strong>quo</strong></span> <span class='ocrx_word' id='word_1_143' title='bbox 312 2941 506 3013; x_wconf 87' lang='lat' dir='ltr'><strong>consuleris</strong></span> <span class='ocrx_word' id='word_1_144' title='bbox 529 2949 675 3035; x_wconf 87' lang='lat' dir='ltr'><strong>utraque</strong></span> <span class='ocrx_word' id='word_1_145' title='bbox 696 2963 765 3013; x_wconf 90' lang='lat' dir='ltr'><strong>non</strong></span> <span class='ocrx_word' id='word_1_146' title='bbox 787 2941 1010 3033; x_wconf 84' lang='lat' dir='ltr'><strong>impertinens</strong></span> <span class='ocrx_word' id='word_1_147' title='bbox 1032 2940 1110 3015; x_wconf 86' lang='lat' dir='ltr'><strong>visa</strong></span> <span class='ocrx_word' id='word_1_148' title='bbox 1131 2953 1218 3025; x_wconf 68' lang='lat' dir='ltr'><strong>eran</strong></span> <span class='ocrx_word' id='word_1_149' title='bbox 1236 2964 1306 3014; x_wconf 89' lang='lat' dir='ltr'><strong>uon</strong></span> 
     </span>
     <span class='ocr_line' id='line_1_20' title="bbox 222 3063 1307 3166; baseline 0.002 -32"><span class='ocrx_word' id='word_1_150' title='bbox 222 3064 317 3157; x_wconf 88' lang='lat' dir='ltr'><strong>quod</strong></span> <span class='ocrx_word' id='word_1_151' title='bbox 335 3085 402 3156; x_wconf 80' lang='lat' dir='ltr'><strong>ego</strong></span> <span class='ocrx_word' id='word_1_152' title='bbox 423 3064 488 3134; x_wconf 90' lang='lat' dir='ltr'><strong>sim</strong></span> <span class='ocrx_word' id='word_1_153' title='bbox 509 3063 640 3138; x_wconf 88' lang='lat' dir='ltr'><strong>dubius</strong></span> <span class='ocrx_word' id='word_1_154' title='bbox 660 3067 769 3136; x_wconf 84' lang='lat' dir='ltr'><strong>multa</strong></span> <span class='ocrx_word' id='word_1_155' title='bbox 789 3064 845 3138; x_wconf 88' lang='lat' dir='ltr'><strong>hic</strong></span> <span class='ocrx_word' id='word_1_156' title='bbox 865 3065 1040 3138; x_wconf 88' lang='lat' dir='ltr'><strong>adversus</strong></span> <span class='ocrx_word' id='word_1_157' title='bbox 1061 3087 1116 3138; x_wconf 90' lang='lat' dir='ltr'><strong>me</strong></span> <span class='ocrx_word' id='word_1_158' title='bbox 1136 3063 1203 3140; x_wconf 89' lang='lat' dir='ltr'><strong>dici</strong></span> <span class='ocrx_word' id='word_1_159' title='bbox 1225 3085 1307 3166; x_wconf 71' lang='lat' dir='ltr'><strong>pns7</strong></span> 
     </span>
     <span class='ocr_line' id='line_1_21' title="bbox 225 3184 1303 3282; baseline 0 -25"><span class='ocrx_word' id='word_1_160' title='bbox 225 3207 277 3270; x_wconf 87' lang='lat' dir='ltr'><strong>se,</strong></span> <span class='ocrx_word' id='word_1_161' title='bbox 301 3185 365 3258; x_wconf 83' lang='lat' dir='ltr'><strong>sed</strong></span> <span class='ocrx_word' id='word_1_162' title='bbox 384 3184 546 3258; x_wconf 88' lang='lat' dir='ltr'><strong>omuibus</strong></span> <span class='ocrx_word' id='word_1_163' title='bbox 568 3187 660 3258; x_wconf 88' lang='lat' dir='ltr'><strong>iuste</strong></span> <span class='ocrx_word' id='word_1_164' title='bbox 681 3187 883 3281; x_wconf 85' lang='lat' dir='ltr'><strong>responderi</strong></span> <span class='ocrx_word' id='word_1_165' title='bbox 903 3188 1008 3260; x_wconf 89' lang='lat' dir='ltr'><strong>etiam</strong></span> <span class='ocrx_word' id='word_1_166' title='bbox 1030 3211 1136 3282; x_wconf 89' lang='lat' dir='ltr'><strong>posse</strong></span> <span class='ocrx_word' id='word_1_167' title='bbox 1155 3186 1303 3262; x_wconf 83' lang='lat' dir='ltr'><strong>confido.</strong></span> 
     </span>
     <span class='ocr_line' id='line_1_22' title="bbox 225 3308 1306 3403; baseline -0.001 -23"><span class='ocrx_word' id='word_1_168' title='bbox 225 3309 337 3382; x_wconf 87' lang='lat' dir='ltr'><strong>Unum</strong></span> <span class='ocrx_word' id='word_1_169' title='bbox 357 3309 444 3379; x_wconf 90' lang='lat' dir='ltr'><strong>mihi</strong></span> <span class='ocrx_word' id='word_1_170' title='bbox 465 3309 618 3381; x_wconf 83' lang='lat' dir='ltr'><strong>solamen</strong></span> <span class='ocrx_word' id='word_1_171' title='bbox 640 3308 745 3380; x_wconf 90' lang='lat' dir='ltr'><strong>animi</strong></span> <span class='ocrx_word' id='word_1_172' title='bbox 771 3309 861 3380; x_wconf 88' lang='lat' dir='ltr'><strong>inter</strong></span> <span class='ocrx_word' id='word_1_173' title='bbox 887 3317 938 3380; x_wconf 91' lang='lat' dir='ltr'><strong>tot</strong></span> <span class='ocrx_word' id='word_1_174' title='bbox 961 3310 1167 3403; x_wconf 84' lang='lat' dir='ltr'><strong>asperitates</strong></span> <span class='ocrx_word' id='word_1_175' title='bbox 1189 3332 1306 3381; x_wconf 86' lang='lat' dir='ltr'><strong>rerum</strong></span> 
     </span>
     <span class='ocr_line' id='line_1_23' title="bbox 225 3429 1307 3526; baseline 0 -22"><span class='ocrx_word' id='word_1_176' title='bbox 225 3455 294 3506; x_wconf 90' lang='lat' dir='ltr'><strong>non</strong></span> <span class='ocrx_word' id='word_1_177' title='bbox 317 3453 429 3526; x_wconf 89' lang='lat' dir='ltr'><strong>parvo</strong></span> <span class='ocrx_word' id='word_1_178' title='bbox 445 3431 570 3504; x_wconf 87' lang='lat' dir='ltr'><strong>&#39;studio</strong></span> <span class='ocrx_word' id='word_1_179' title='bbox 595 3453 660 3504; x_wconf 90' lang='lat' dir='ltr'><strong>nec</strong></span> <span class='ocrx_word' id='word_1_180' title='bbox 684 3429 774 3503; x_wconf 84' lang='lat' dir='ltr'><strong>sacili</strong></span> <span class='ocrx_word' id='word_1_181' title='bbox 799 3431 926 3502; x_wconf 90' lang='lat' dir='ltr'><strong>mentis</strong></span> <span class='ocrx_word' id='word_1_182' title='bbox 951 3431 1200 3505; x_wconf 82' lang='lat' dir='ltr'><strong>exercitatione</strong></span> <span class='ocrx_word' id='word_1_183' title='bbox 1224 3453 1307 3504; x_wconf 88' lang='lat' dir='ltr'><strong>con·</strong></span> 
     </span>
     <span class='ocr_line' id='line_1_24' title="bbox 224 3552 1303 3648; baseline -0.004 -22"><span class='ocrx_word' id='word_1_184' title='bbox 224 3553 318 3640; x_wconf 85' lang='lat' dir='ltr'><strong>lavi,</strong></span> <span class='ocrx_word' id='word_1_185' title='bbox 346 3562 386 3626; x_wconf 96' lang='lat' dir='ltr'><strong>ut</strong></span> <span class='ocrx_word' id='word_1_186' title='bbox 408 3553 619 3648; x_wconf 86' lang='lat' dir='ltr'><strong>ubicumque</strong></span> <span class='ocrx_word' id='word_1_187' title='bbox 645 3565 815 3628; x_wconf 85' lang='lat' dir='ltr'><strong>terrarum</strong></span> <span class='ocrx_word' id='word_1_188' title='bbox 842 3552 925 3635; x_wconf 90' lang='lat' dir='ltr'><strong>sim,</strong></span> <span class='ocrx_word' id='word_1_189' title='bbox 952 3553 1113 3644; x_wconf 85' lang='lat' dir='ltr'><strong>quamvis</strong></span> <span class='ocrx_word' id='word_1_190' title='bbox 1138 3552 1303 3646; x_wconf 82' lang='lat' dir='ltr'><strong>pessime,</strong></span> 
     </span>
     <span class='ocr_line' id='line_1_25' title="bbox 225 3661 1307 3770; baseline -0.002 -24"><span class='ocrx_word' id='word_1_191' title='bbox 225 3661 456 3770; x_wconf 78' lang='lat' dir='ltr'><strong>persuadeam</strong></span> <span class='ocrx_word' id='word_1_192' title='bbox 482 3676 566 3747; x_wconf 93' lang='lat' dir='ltr'><strong>mihi</strong></span> <span class='ocrx_word' id='word_1_193' title='bbox 592 3675 681 3748; x_wconf 89' lang='lat' dir='ltr'><strong>hene</strong></span> <span class='ocrx_word' id='word_1_194' title='bbox 700 3696 797 3759; x_wconf 88' lang='lat' dir='ltr'><strong>esse,</strong></span> <span class='ocrx_word' id='word_1_195' title='bbox 821 3695 948 3767; x_wconf 90' lang='lat' dir='ltr'><strong>meque</strong></span> <span class='ocrx_word' id='word_1_196' title='bbox 972 3674 1087 3769; x_wconf 92' lang='lat' dir='ltr'><strong>ipsum</strong></span> <span class='ocrx_word' id='word_1_197' title='bbox 1108 3674 1224 3744; x_wconf 87' lang='lat' dir='ltr'><strong>fallam</strong></span> <span class='ocrx_word' id='word_1_198' title='bbox 1249 3693 1307 3744; x_wconf 85' lang='lat' dir='ltr'><strong>eu-</strong></span> 
     </span>
     <span class='ocr_line' id='line_1_26' title="bbox 227 3793 1306 3892; baseline -0.004 -24"><span class='ocrx_word' id='word_1_199' title='bbox 227 3817 377 3891; x_wconf 74' lang='lat' dir='ltr'><strong>gamque</strong></span> <span class='ocrx_word' id='word_1_200' title='bbox 402 3819 471 3870; x_wconf 91' lang='lat' dir='ltr'><strong>non</strong></span> <span class='ocrx_word' id='word_1_201' title='bbox 496 3797 626 3870; x_wconf 86' lang='lat' dir='ltr'><strong>sentire</strong></span> <span class='ocrx_word' id='word_1_202' title='bbox 649 3819 732 3892; x_wconf 74' lang='lat' dir='ltr'><strong>qum</strong></span> <span class='ocrx_word' id='word_1_203' title='bbox 756 3797 879 3880; x_wconf 80' lang='lat' dir='ltr'><strong>senti03</strong></span> <span class='ocrx_word' id='word_1_204' title='bbox 900 3796 994 3890; x_wconf 89' lang='lat' dir='ltr'><strong>quod</strong></span> <span class='ocrx_word' id='word_1_205' title='bbox 1016 3815 1110 3889; x_wconf 76' lang='lat' dir='ltr'><strong>saepe</strong></span> <span class='ocrx_word' id='word_1_206' title='bbox 1133 3793 1216 3866; x_wconf 90' lang='lat' dir='ltr'><strong>utile</strong></span> <span class='ocrx_word' id='word_1_207' title='bbox 1242 3814 1306 3865; x_wconf 89' lang='lat' dir='ltr'><strong>seu</strong></span> 
     </span>
     <span class='ocr_line' id='line_1_27' title="bbox 228 3915 1305 4013; baseline -0.005 -23"><span class='ocrx_word' id='word_1_208' title='bbox 228 3921 465 3996; x_wconf 89' lang='lat' dir='ltr'><strong>necessarium</strong></span> <span class='ocrx_word' id='word_1_209' title='bbox 500 3931 770 4013; x_wconf 83' lang='lat' dir='ltr'><strong>extremumque</strong></span> <span class='ocrx_word' id='word_1_210' title='bbox 806 3915 997 3990; x_wconf 90' lang='lat' dir='ltr'><strong>remedium</strong></span> <span class='ocrx_word' id='word_1_211' title='bbox 1035 3919 1205 3990; x_wconf 86' lang='lat' dir='ltr'><strong>malornm</strong></span> <span class='ocrx_word' id='word_1_212' title='bbox 1241 3926 1305 3988; x_wconf 90' lang='lat' dir='ltr'><strong>est.</strong></span> 
     </span>
     <span class='ocr_line' id='line_1_28' title="bbox 227 4038 1307 4134; baseline -0.004 -18"><span class='ocrx_word' id='word_1_213' title='bbox 227 4044 319 4128; x_wconf 90' lang='lat' dir='ltr'><strong>Quid</strong></span> <span class='ocrx_word' id='word_1_214' title='bbox 338 4043 547 4117; x_wconf 88' lang='lat' dir='ltr'><strong>ineluctabili</strong></span> <span class='ocrx_word' id='word_1_215' title='bbox 567 4046 636 4116; x_wconf 85' lang='lat' dir='ltr'><strong>tato</strong></span> <span class='ocrx_word' id='word_1_216' title='bbox 657 4044 754 4117; x_wconf 83' lang='lat' dir='ltr'><strong>iuvat</strong></span> <span class='ocrx_word' id='word_1_217' title='bbox 771 4040 941 4115; x_wconf 82' lang='lat' dir='ltr'><strong>obluctari</strong></span> <span class='ocrx_word' id='word_1_218' title='bbox 962 4050 998 4112; x_wconf 89' lang='lat' dir='ltr'><strong>ct</strong></span> <span class='ocrx_word' id='word_1_219' title='bbox 1018 4038 1233 4134; x_wconf 89' lang='lat' dir='ltr'><strong>impatientia</strong></span> <span class='ocrx_word' id='word_1_220' title='bbox 1257 4040 1307 4112; x_wconf 87' lang='lat' dir='ltr'><strong>la-</strong></span> 
     </span>
     <span class='ocr_line' id='line_1_29' title="bbox 229 4158 1306 4262; baseline -0.004 -26"><span class='ocrx_word' id='word_1_221' title='bbox 229 4158 400 4260; x_wconf 84' lang='lat' dir='ltr'><strong>stidiuque</strong></span> <span class='ocrx_word' id='word_1_222' title='bbox 420 4167 523 4240; x_wconf 92' lang='lat' dir='ltr'><strong>animi</strong></span> <span class='ocrx_word' id='word_1_223' title='bbox 544 4166 619 4262; x_wconf 91' lang='lat' dir='ltr'><strong>ipsa</strong></span> <span class='ocrx_word' id='word_1_224' title='bbox 641 4170 791 4240; x_wconf 87' lang='lat' dir='ltr'><strong>locorum</strong></span> <span class='ocrx_word' id='word_1_225' title='bbox 820 4162 1046 4257; x_wconf 86' lang='lat' dir='ltr'><strong>multiplicare</strong></span> <span class='ocrx_word' id='word_1_226' title='bbox 1071 4162 1233 4237; x_wconf 80' lang='lat' dir='ltr'><strong>fastidia?</strong></span> <span class='ocrx_word' id='word_1_227' title='bbox 1258 4162 1306 4233; x_wconf 81' lang='lat' dir='ltr'><strong>Re</strong></span> 
     </span>
    </p>
   </div>
   <div class='ocr_carea' id='block_1_6' title="bbox 0 0 1554 4798">
    <p class='ocr_par' dir='ltr' id='par_1_6' title="bbox 0 0 1554 4798">
     <span class='ocr_line' id='line_1_30' title="bbox 0 0 1554 4798; baseline 0 0"><span class='ocrx_word' id='word_1_228' title='bbox 0 0 1554 4798; x_wconf 95' lang='lat' dir='ltr'><strong> </strong></span> 
     </span>
    </p>
   </div>
  </div>
 </body>
</html>
