2988 4800
257 371 314 432 roc
591 384 631 430 or
654 383 752 431 annus
775 381 995 431 raurnrarueus

256 528 456 605 venturum,
480 519 584 591 simut
605 530 643 590 ut
662 521 775 592 locum
797 528 869 590 toto
889 517 973 590 urhe
994 517 1205 603 mirabilem,
1228 519 1327 590 simul

256 654 293 713 ut
317 663 373 712 me
402 656 438 713 et
466 642 501 711 in
526 664 569 713 eo
594 664 674 713 rure
700 641 784 714 vitae
804 663 891 713 meae
916 641 1059 714 modum
1084 652 1252 714 comeret.
1269 643 1329 714 llis

253 765 444 851 convent-is,
463 766 499 836 in
517 765 632 836 reditu
649 786 704 835 me
724 766 877 849 visurus,
895 764 1034 837 Antonii
1054 764 1197 836 domum
1217 765 1328 859 petiit:

253 901 288 960 et
304 911 382 981 ego,
398 889 479 982 quia
492 887 657 960 festinare
673 887 767 958 illum
785 909 965 971 noveram,
984 909 1044 958 rus
1062 887 1160 982 petii,
1182 887 1242 958 ubi
1263 889 1328 960 iam

253 1021 355 1085 antea
374 1011 544 1105 quidquid
560 1021 684 1082 natura
701 1012 766 1082 loci
782 1009 924 1104 patitur,
942 1009 1057 1082 studio
1073 1009 1228 1082 moribus
1243 1010 1330 1082 meis

252 1136 416 1217 adverso,
431 1130 701 1225 conquisieram,
718 1141 757 1202 ut
769 1153 850 1202 eum
863 1131 991 1203 lautius
1008 1130 1206 1226 exciperem
1225 1155 1329 1225 quam

252 1257 402 1327 minores
428 1254 557 1325 amicos
591 1257 695 1326 soleo.
718 1253 810 1339 Quid
843 1262 877 1324 te
909 1256 1048 1326 moror?
1067 1253 1137 1325 Aut
1156 1254 1329 1349 poeticum

253 1376 386 1448 horruit
417 1375 473 1448 itte
505 1377 718 1463 convivium,
745 1397 810 1448 nec
836 1397 968 1447 memor
1000 1376 1064 1447 suit
1092 1377 1183 1448 illius
1203 1376 1327 1470 poetici

251 1501 355 1573 dicti:

369 1702 454 1763 hude
469 1700 593 1782 hospes,
610 1705 804 1761 contemnere
821 1715 893 1777 opes
911 1706 941 1761 et
957 1705 987 1761 te
1003 1713 1126 1777 quoque
1141 1695 1268 1774 dignum

264 1877 267 1883 .
369 1799 462 1876 Finge
478 1800 553 1874 Deo,
571 1798 724 1877 rebusque
743 1797 812 1860 veni
829 1813 890 1859 non
906 1813 994 1877 asper
1010 1795 1127 1876 egenis,

250 2045 313 2095 nec
331 2021 495 2115 dignatus
516 2032 571 2093 est
595 2042 676 2092 csse
700 2020 760 2092 uhi
787 2042 851 2091 rex
881 2020 962 2092 olim
990 2019 1120 2092 siculus
1149 2019 1322 2092 Rohertus

249 2145 316 2216 aevi
337 2143 446 2216 nostri
467 2145 590 2238 gloria,
612 2153 648 2214 et
670 2153 749 2236 post
769 2167 849 2215 eum
875 2143 973 2213 mutti
994 2146 1051 2214 vel
1076 2144 1220 2215 romulei
1243 2145 1325 2216 Car·

248 2269 361 2352 dinae,
387 2270 445 2338 vel
466 2278 636 2338 terrarum
652 2266 799 2352 domini,
822 2266 995 2337 interdum
1012 2267 1130 2350 fontia,
1153 2266 1324 2338 interdum

251 2390 357 2484 (quod
382 2390 519 2481 gloriari
546 2397 660 2461 tecum
685 2413 754 2462 non
780 2387 936 2482 pudebit)
966 2410 1023 2458 me
1055 2387 1194 2460 visendi
1214 2387 1324 2480 gratia

247 2514 401 2594 fuerunt;
423 2520 498 2597 aut,
517 2511 611 2605 quod
630 2513 783 2603 cogitare
800 2510 997 2595 maluerim,
1018 2531 1082 2582 nec
1101 2513 1249 2602 egomei
1263 2534 1323 2604 ge·

247 2636 339 2706 neris
361 2635 516 2718 ultimus,
535 2638 708 2721 nacione,
728 2633 763 2706 ni
780 2636 891 2720 fallor,
910 2633 1000 2705 inter
1016 2643 1160 2706 cunctos
1177 2634 1321 2728 primus,

247 2759 343 2851 digni
362 2757 430 2829 visi
452 2779 573 2830 sumus
599 2777 689 2850 quos
709 2755 846 2828 modico
866 2757 935 2828 viae
951 2757 1047 2828 ssexu
1072 2765 1108 2828 et
1125 2756 1189 2829 vix
1211 2756 1321 2829 trihus

247 2903 414 2974 passuum
427 2879 577 2950 millibus
591 2880 788 2950 aestimaret.
797 2878 911 2971 Atqui,
920 2878 988 2950 etsi
1000 2901 1067 2971 ego
1079 2887 1175 2951 tanto
1184 2879 1323 2975 hospite

246 3003 411 3094 indignus
430 3021 560 3086 essem,
580 3003 653 3096 ipse
672 3009 786 3072 tamen
804 3000 909 3073 fidem
925 3024 1068 3074 servare
1087 3002 1216 3094 dignus
1236 3015 1321 3076 erat.

248 3177 304 3192 .....
326 3122 429 3206 Sane,
455 3123 539 3195 dum
565 3122 634 3194 huc
659 3121 843 3195 scribendo
868 3125 1107 3218 pervenissem
1128 3138 1163 3197 et
1183 3128 1322 3220 longius

247 3244 427 3330 eveherer,
455 3246 578 3337 ingens
599 3248 729 3318 clamor
748 3247 782 3316 in
803 3247 947 3333 sorihuS,
972 3260 1009 3321 et
1028 3248 1222 3345 Episcopus
1246 3250 1322 3346 ipse

246 3369 360 3440 adest:
379 3378 417 3438 ut
428 3367 581 3461 quotidie
593 3367 725 3440 discam
743 3367 959 3466 experientia
973 3372 1148 3464 magistra,
1166 3395 1270 3445 curas
1287 3384 1323 3446 et

245 3494 405 3587 querelas
427 3491 604 3563 hominum
622 3514 732 3565 vanas
754 3515 847 3579 esse;
869 3495 962 3587 quod
978 3506 1013 3567 et
1030 3505 1067 3568 tu
1085 3494 1192 3568 oculis
1211 3507 1249 3568 ut
1269 3496 1322 3567 vi-

246 3616 362 3700 deres
391 3614 481 3686 hanc
506 3613 574 3686 iam
604 3637 857 3709 supervacuam
889 3617 966 3690 licet
994 3620 1040 3690 ad
1069 3629 1103 3690 te
1135 3619 1320 3691 litterulam

247 3737 337 3810 misi.
359 3738 454 3810 Vate.

389 3883 431 3937 Ad
446 3883 550 3941 fontem
566 3885 669 3956 Sorgiae
684 3885 718 3940 X.
734 3884 795 3940 Kal.
812 3885 894 3941 lunii.

744 4121 817 4134 ιιι-
