3002 4794
479 400 571 448 LIBER
592 399 703 448 NONUS.
715 417 754 430 ·-
764 399 915 448 bristout
936 401 979 449 111.
1238 389 1251 447 l

176 543 344 638 praesenti
362 542 463 629 fides,
477 543 643 637 praeteriti
657 543 822 639 temporis
835 543 993 639 opinione
1006 543 1253 616 laborantibus.

178 671 379 763 importune
396 671 486 740 fores
507 666 646 739 obsidet
665 667 787 738 amica:
808 674 845 737 et
866 666 992 760 saepius
1010 670 1110 760 pulsa
1136 689 1255 739 rever-

180 793 271 878 titur,
294 801 402 886 atque
419 791 554 864 insidiis
571 811 707 885 pernox
719 792 814 861 latet:
828 789 922 861 iures
935 791 1090 862 caelibem
1104 799 1138 862 te
1151 813 1255 884 agere

179 917 286 988 vitam
305 918 415 998 velle3
435 917 614 1009 praelatam
642 913 707 985 sibi
732 915 876 984 alteram
903 914 1035 998 credet,
1070 923 1109 984 ut
1141 914 1196 986 cui
1220 925 1255 985 et

149 1111 162 1128 ‚
179 1039 376 1131 incognitus
396 1037 587 1116 caelibatus,
610 1045 645 1107 et
661 1057 870 1131 persuasum
893 1035 938 1106 sit
954 1045 987 1107 te
1008 1035 1081 1107 vita
1098 1035 1201 1107 simul
1220 1047 1255 1107 et

181 1160 318 1232 feminac
348 1159 522 1232 consortio
554 1159 752 1231 cariturum.
788 1157 937 1230 Comites
978 1157 1107 1251 antiqui
1151 1158 1255 1230 limen

179 1293 362 1356 assuetum
387 1285 525 1376 agmine
545 1285 633 1354 lacto
649 1282 887 1367 circumstant,
910 1290 1068 1366 evocant,
1091 1281 1255 1378 interpet-

179 1411 265 1492 lant‚
287 1407 381 1479 diem
398 1408 523 1477 festum
543 1415 578 1476 et
598 1413 808 1477 conventum
835 1404 1002 1476 nobilium
1020 1417 1255 1477 matronarum

179 1530 286 1602 alacri
306 1532 456 1600 clamore
474 1528 691 1599 denunciant.
709 1528 913 1621 Respondes
932 1537 964 1599 te
982 1529 1063 1601 talia
1079 1551 1147 1600 non
1161 1550 1256 1602 ama-

179 1656 241 1724 re?
258 1652 414 1723 Primum
432 1650 564 1723 attoniti
585 1651 765 1736 mirantur,
788 1674 872 1722 mox
897 1651 1055 1738 irrident,
1077 1664 1113 1724 ot
1131 1652 1256 1724 iniecta

179 1797 286 1846 manu
305 1775 513 1870 protrahunt
531 1795 601 1867 quo
620 1775 725 1860 nolis,
753 1786 791 1846 ut
810 1775 870 1868 qui
889 1785 1040 1847 mutatos
1057 1775 1200 1848 allectus
1221 1785 1256 1848 et

178 1897 377 1990 proximam
399 1905 624 1982 senectutem,
650 1919 756 1989 quam
781 1898 817 1967 in
843 1919 882 1969 se
907 1898 1116 1970 iuvenilibus
1142 1901 1256 1974 adhuc

178 2019 304 2090 animis
318 2043 389 2092 non
401 2019 596 2105 advertunt,
609 2020 716 2091 necin
731 2020 917 2092 coaetaneis
932 2021 1158 2114 suspicantur.
1172 2024 1256 2095 Pro-

179 2153 356 2214 curatores
377 2154 413 2213 et
432 2142 481 2214 rei
506 2142 706 2214 domesticae
724 2141 870 2213 ministri
883 2142 1019 2213 damnis
1032 2142 1112 2214 hino
1125 2143 1256 2214 instan-

181 2263 276 2334 tibus
295 2264 558 2347 accurrcndum,
580 2262 660 2334 hinc
680 2263 863 2357 praeteritis
886 2262 1155 2334 succurrendum
1173 2283 1256 2334 con-

182 2389 311 2457 sulunt.
329 2387 525 2480 Ingererem
546 2387 630 2458 illud
650 2384 884 2478 Anaxagorae:
908 2384 986 2455 Nou
1004 2407 1103 2455 essem
1120 2409 1176 2480 epo
1189 2389 1255 2456 sol-

181 2533 255 2594 vus,
282 2511 349 2580 or'si
371 2513 434 2581 isto
456 2511 645 2604 periissent
670 2516 730 2580 aut
752 2507 989 2582 simulatorem
1012 2519 1073 2581 aut
1093 2511 1254 2582 insanum

179 2642 310 2727 putant.
331 2631 442 2704 Amici
468 2632 590 2725 partim
617 2632 768 2704 residem
796 2631 977 2704 sollicitant
1002 2641 1037 2703 et
1061 2633 1152 2704 mille
1177 2633 1254 2706 vias

181 2755 375 2828 ambitionis
389 2765 492 2849 atque
505 2756 661 2829 avaritiae
681 2755 881 2827 ostendunt:
902 2756 1067 2827 utendum
1087 2766 1251 2850 tempore,

180 2891 216 2951 et
234 2879 450 2952 occasionem
474 2882 620 2952 fortunae
645 2880 791 2973 impigre
816 2879 1026 2972 rapiendam.
1054 2879 1253 2952 Testantem

181 3023 327 3096 superos
344 3001 445 3074 bonis
465 3003 611 3097 propriis
633 3011 831 3074 contentum
851 3023 943 3086 esse,
965 3023 1046 3097 pars
1067 3003 1252 3076 vecordem

180 3125 347 3218 nihilique
372 3125 547 3198 hominem
571 3124 713 3210 fastidit,
741 3146 821 3219 pars
851 3125 962 3196 fronte
991 3123 1172 3196 consilium
1197 3147 1252 3198 oc-

180 3249 310 3319 cultare
329 3249 469 3342 nequis
489 3247 556 3320 sibi
576 3257 694 3342 pectus
715 3247 919 3320 monstranti
938 3256 1096 3340 quaestus
1122 3258 1254 3341 partem

183 3369 317 3462 eripiat,
340 3371 561 3442 arbitrantur.
584 3370 676 3455 Quid
695 3371 885 3442 maioribus
908 3370 1043 3456 insisto,
1062 3393 1141 3446 cum
1155 3373 1256 3444 mini-

182 3512 316 3564 morum
348 3493 538 3586 indignatio
563 3517 632 3566 non
656 3494 770 3566 desit?
798 3495 927 3567 Sartori
965 3495 1144 3589 sutorique
1176 3517 1254 3573 meo

107 3673 112 3685 ,
181 3615 394 3706 persuadere
411 3639 481 3688 non
501 3639 644 3710 possum
665 3615 744 3689 ullis
765 3617 908 3703 artibus,
926 3640 983 3689 me
1009 3617 1178 3689 laxiorem
1191 3638 1255 3687 ve

180 3746 270 3808 stem
289 3746 325 3808 et
344 3739 498 3810 calceum
524 3740 613 3810 velle
638 3761 744 3831 quam
766 3743 870 3812 soleo.
892 3741 1018 3812 Putant
1043 3761 1099 3809 me
1124 3736 1254 3829 fingere

177 3859 361 3932 modestiae
393 3882 548 3947 causam,
581 3871 617 3934 et
648 3886 728 3935 cum
762 3865 869 3934 multa
900 3861 1152 3955 promiserunt,
1185 3885 1254 3934 non

178 3981 336 4076 petitioni
355 4003 456 4066 meae,
476 3984 540 4056 sed
558 3985 709 4078 opinioni
730 4005 804 4056 suae
829 3983 1079 4076 obsequuntur.
1106 3985 1162 4058 Sic
1185 3986 1254 4061 iam
1288 4055 1289 4064 ,

179 4126 284 4176 senes
304 4105 566 4178 adolescentum
587 4108 687 4180 malis
712 4106 915 4200 premimnr;
937 4109 1163 4202 versantique
1181 4109 1255 4182 ani-

179 4248 238 4300 mo
255 4228 340 4322 quid
361 4229 418 4300 hic
437 4229 581 4303 remedii
600 4252 680 4305 esse
701 4229 820 4324 possit,
848 4253 917 4304 una
943 4241 1074 4305 tantum
1096 4231 1141 4306 ad
1162 4234 1255 4305 salu-
