3002 4794
468 337 561 386 crena
582 336 911 388 nouos—srrsronu
932 340 973 388 ur.
1222 327 1261 388 35

171 454 328 538 habebis
346 453 407 546 qui
425 463 623 524 consortem
645 463 678 524 te
699 463 806 524 tantae
825 455 874 525 rei
895 456 1032 527 fecerim
1049 480 1056 539 ;
1075 455 1139 528 etsi
1158 460 1260 552 plane

171 577 308 649 videam
328 597 437 669 quam
459 575 617 646 incautus
632 576 712 661 sim,
729 576 787 668 qui
805 577 895 648 duos
913 580 999 648 tales
1016 578 1113 650 viros
1132 581 1258 663 uniam,

170 721 319 790 quorum
340 696 564 769 conuersatio
581 709 616 769 et
634 709 753 768 mutua
772 697 913 769 virtutis
932 699 1114 771 admiratio
1134 703 1262 772 utrius-

169 841 235 912 que
256 820 303 892 de
329 841 387 889 me
408 819 574 891 iudicium
601 819 761 891 fortassis
783 819 974 890 imminuat.
997 819 1066 889 Sed
1086 822 1189 894 modo
1215 843 1260 892 ue

171 961 268 1012 amor
299 941 551 1011 detrimentum
582 939 723 1024 sentiat,
753 937 852 1010 cuius
887 941 1001 1032 magis
1035 951 1260 1032 augmentum

171 1071 284 1159 spero',
307 1062 354 1132 de
375 1061 503 1134 iudicio
530 1072 567 1134 ut
593 1062 684 1134 libet.
712 1061 809 1134 Tanti
835 1072 890 1133 est
915 1061 1014 1134 fides.
1040 1064 1137 1135 Vale.

310 1207 454 1276 Mantuae,
470 1205 525 1261 1111
540 1205 604 1261 Kal.
620 1207 695 1261 Julii.

681 1381 760 1390 --—-

604 1579 782 1646 EPISTULA
803 1581 836 1644 X.

350 1761 545 1830 insunuans
563 1777 733 1828 rnruunoa
754 1777 857 1826 sciro
880 1776 939 1834 suo
961 1777 987 1826 s,
1008 1778 1036 1826 r.
1058 1778 1088 1826 u.

211 1942 374 2014 singularia
388 1941 516 2013 quaedam
530 1941 565 1996 de
580 1957 657 1997 coena
671 1940 723 1997 sibi
736 1947 848 2014 parata;
866 1945 894 1996 et
908 1940 989 1995 arnici
1003 1939 1217 1996 commendatio.

270 2176 359 2246 Laeli
379 2177 573 2262 carissime,
598 2177 626 2248 si
650 2177 767 2278 scires(
781 2174 919 2269 quaudo
940 2185 975 2245 et
996 2173 1056 2245 ubi
1077 2175 1155 2246 haec
1176 2171 1261 2244 scri-

175 2297 229 2383 bo,
252 2299 330 2392 ipsa
356 2299 519 2392 temporis
537 2321 578 2372 ac
598 2299 662 2371 loci
684 2298 789 2368 facies
811 2299 982 2368 calamum
1004 2304 1204 2379 excusaret,
1226 2302 1262 2365 et

177 2420 235 2490 tibi
260 2420 330 2490 mei
357 2442 496 2514 semper
522 2422 594 2493 voti
620 2429 744 2513 sponte
769 2417 939 2490 oblivioso
965 2420 1077 2490 caicar
1103 2417 1259 2489 adderet.

177 2543 387 2635 intempesta
406 2552 566 2628 nonest,
588 2565 653 2634 ego
675 2552 791 2614 autem
812 2540 983 2612 Luciariae
1005 2562 1098 2624 sum,
1119 2560 1191 2631 quo
1216 2536 1259 2608 ad

175 2686 359 2758 vesperam
381 2664 463 2737 veni
483 2666 624 2736 Mantua
644 2665 828 2756 digressus
849 2672 1018 2755 vergente
1044 2663 1112 2733 iam
1133 2662 1178 2732 ad
1203 2683 1262 2732 oc-

176 2809 295 2857 casum
319 2787 387 2858 die.
414 2788 532 2859 AEstas
554 2788 634 2859 anni
656 2796 733 2871 est;
758 2797 794 2858 et
818 2786 907 2857 leoni
934 2807 1059 2856 cancer
1079 2784 1261 2877 pharetra-

178 2919 247 2980 tum
281 2911 454 3004 hospitem
482 2909 619 2984 mittere
646 2911 785 3005 cogitat.
813 2912 898 2980 Tum
932 2908 1027 3000 quod
1060 2905 1257 2988 miraberis,
1295 2991 1297 3000 Ι

176 3029 278 3102 flante
304 3045 367 3124 per
391 3032 457 3104 hos
483 3032 558 3104 dies
577 3042 705 3117 austro,
726 3031 919 3124 solutisque
942 3027 1082 3100 nivibus
1104 3025 1258 3136 Alpium,

178 3153 339 3224 tumentis
364 3175 549 3248 parumper
573 3156 659 3226 Padi
680 3154 807 3226 vicinia
827 3174 926 3248 paene
951 3151 1052 3224 uobis
1073 3151 1261 3222 inaccessi-

178 3273 254 3346 bilis
275 3279 372 3348 locus
393 3277 466 3347 fuit.
484 3277 606 3348 Omnia
627 3277 756 3348 circum
783 3276 864 3346 iimo
884 3274 1019 3347 obsita:
1040 3271 1181 3367 quando
1202 3295 1261 3342 su-

178 3407 295 3491 specta
315 3399 419 3468 etiam
447 3397 614 3470 scatebris
636 3397 693 3468 via
713 3406 787 3481 est,
807 3395 887 3466 inde
905 3396 968 3465 vix
993 3415 1104 3487 equos
1130 3391 1261 3465 auulsi-

178 3541 264 3590 mus.
287 3519 350 3592 Hic
366 3542 452 3592 vero
474 3542 580 3613 supra
599 3543 705 3613 quam
727 3518 801 3592 fieri
821 3539 927 3613 posse
947 3517 1118 3601 videatur,
1138 3516 1259 3586 iucun-

177 3639 322 3716 dissime
342 3644 507 3737 excipior.
529 3643 683 3714 Nuucius
705 3640 924 3713 dominorum
947 3662 1002 3709 me
1023 3644 1256 3732 praevenerat,

178 3783 324 3854 quorum
347 3785 442 3858 saepe
463 3763 732 3856 magnificentiae
756 3763 832 3857 ipsa
852 3785 968 3834 rerum
989 3770 1113 3832 natura
1134 3780 1258 3830 succu-

178 3884 260 3957 buit.
282 3884 458 3981 Apparata
479 3888 619 3980 opipare
640 3906 739 3958 coena
760 3895 845 3955 erat.
865 3886 1021 3954 Externa
1042 3880 1137 3966 uina,
1158 3903 1258 3975 pere·

179 4008 288 4098 grinae
307 4010 435 4102 epuiae,
454 4009 654 4103 obsequiosi
671 4007 843 4103 hospites,
866 4004 935 4078 raeti
956 4006 1087 4090 vultus,
1110 4005 1259 4098 denique

180 4130 312 4203 urbana
341 4131 456 4202 omnia
488 4141 617 4225 praeter
651 4132 777 4214 locum,
810 4129 869 4221 qui
897 4129 1009 4222 qualis
1039 4127 1166 4224 hyeme
1199 4126 1257 4206 sit,
