3078 4798
245 327 302 389 332
589 341 629 388 ns
653 341 753 389 nunus
775 339 997 394 rnurtmruaus

245 481 301 551 illa
321 480 526 550 extremitas
560 478 654 550 orbis
688 478 799 550 nostri
831 490 866 550 et
899 485 1001 549 extra
1033 476 1153 549 orbem
1176 478 1328 574 proiecta

244 601 419 674 Britannia
441 599 538 671 bellis
561 621 656 694 saepe
677 601 847 694 gravibus
874 612 1107 676 attenuantur.
1129 604 1326 687 Germania,

245 745 313 796 non
334 723 449 800 minus
469 743 576 815 quam
598 722 705 805 ltalia,
734 723 906 794 intestinis
928 708 1081 796 motibus
1098 737 1267 818 aegrotat,
1294 736 1330 798 et

245 843 393 939 propriis
413 842 562 915 flammis
583 844 692 916 ardet.
712 846 888 938 Hispaniae
905 868 1009 938 reges
1028 847 1062 918 in
1081 869 1118 920 se
1135 870 1233 921 arma
1251 871 1328 920 ver-

246 975 375 1049 terunt;
397 967 551 1038 Balearis
577 967 688 1039 maior
714 989 834 1059 regem
862 991 964 1040 suum
992 992 1102 1064 nuper
1128 972 1270 1042 exulem
1294 982 1329 1042 et

246 1112 329 1163 mox
350 1089 593 1160 miserabiliter
613 1089 856 1163 obtruncatum
879 1091 978 1163 triste
996 1092 1149 1165 cadaver
1168 1094 1328 1186 aspexit;

246 1211 402 1281 Sardinia
423 1218 459 1282 et
479 1211 555 1284 coeli
577 1211 796 1285 inclementia
820 1222 855 1286 et
881 1213 972 1306 turpi
1000 1203 1145 1286 servitio
1173 1215 1329 1298 laborat;

247 1333 387 1406 Corsica
420 1333 566 1404 horrens
600 1346 635 1405 et
667 1336 841 1429 squalida:
871 1336 1095 1430 minoresque
1120 1338 1197 1408 aliae
1222 1339 1331 1410 nostri

246 1455 354 1530 maris
381 1457 507 1528 insulae
532 1457 724 1551 piratarum
744 1457 942 1532 incursibus
969 1459 1115 1533 infames
1141 1471 1256 1554 atque'
1273 1484 1332 1533 su-

248 1591 379 1676 spectae
397 1590 499 1651 suut:
521 1580 696 1653 Trinacria
715 1590 784 1652 tota
802 1581 915 1654 AEtnae
933 1583 1056 1655 similis
1078 1584 1241 1656 aestuanti
1260 1605 1333 1654 ma·

168 1752 172 1760 ·
248 1705 325 1796 gnis
347 1703 505 1774 odiorum
527 1703 677 1774 dammis
697 1705 821 1788 uritur,
843 1713 942 1776 etan
965 1704 1046 1776 itala
1065 1727 1147 1778 esse
1168 1706 1264 1778 malit
1288 1728 1330 1778 an

249 1827 396 1920 hispana
416 1825 628 1910 deliberans,
652 1826 789 1897 interim
811 1835 935 1898 neutra
951 1837 1007 1898 est
1023 1828 1218 1900 animorum
1241 1838 1333 1901 statu

248 1947 366 2031 dubio,
391 1948 561 2019 servitute
582 1957 677 2019 certa
697 1957 734 2019 et
754 1948 912 2041 indigua,
936 1951 1004 2022 nisi
1022 1952 1104 2044 qnia
1126 1951 1260 2023 servire
1280 1951 1333 2023 di·
1417 2015 1421 2020 .

249 2092 340 2163 gnus
361 2071 495 2164 estqui
518 2069 605 2142 liber
624 2093 705 2142 esse
726 2093 795 2142 non
816 2074 902 2145 vult.
924 2072 1067 2146 Rhodus
1090 2073 1169 2146 fidei
1189 2077 1333 2169 clypeus

250 2194 325 2266 sine
338 2197 483 2265 vulnere
501 2194 589 2266 iacet
607 2194 790 2287 inglorius:
809 2196 909 2267 Creta
926 2205 1029 2267 vetus
1048 2196 1333 2289 superstitionum

249 2319 389 2403 domus,
412 2318 490 2388 aliis
511 2317 614 2400 vivit;
635 2319 769 2390 Graecia
791 2317 854 2388 sibi
876 2327 963 2403 arat,
987 2318 1053 2389 sibi
1070 2327 1244 2414 amputat,
1268 2317 1333 2390 sibi

129 2523 136 2536 ι
250 2441 400 2525 triturat,
417 2439 482 2511 sibi
496 2441 620 2534 pascit,
636 2441 822 2540 cibumque
838 2437 961 2512 salutis
977 2441 1065 2512 male
1078 2441 1259 2511 ruminans
1272 2461 1335 2510 no

251 2572 362 2633 strum
380 2582 539 2658 praesepe
554 2561 721 2634 deseruit.
741 2562 778 2632 ln
801 2560 944 2654 reliquis
964 2562 1114 2656 Europae
1132 2560 1333 2654 regionibns

251 2683 411 2757 Christus
424 2687 482 2754 vel
499 2685 696 2777 incognitus
715 2687 773 2755 vel
789 2683 926 2754 invisus
943 2693 1009 2754 est.
1029 2685 1165 2779 Cyprus
1179 2683 1261 2777 quia
1278 2705 1335 2754 ar-

251 2818 344 2880 mato
354 2809 455 2879 hoste
467 2829 599 2891 careus,
611 2807 732 2878 inermi
747 2806 909 2899 mollique
923 2807 1006 2892 oti0‚
1022 2808 1216 2899 voluptate,
1232 2808 1335 2898 luxu-

252 2932 311 3016 ria,
328 2931 428 3001 malis
446 2927 607 3001 hostibus
626 2940 860 3022 oppugnatur,
877 2926 953 2998 viro
967 2928 1045 2998 lorti
1064 2928 1166 3002 sedes
1181 2926 1333 3010 inabilis;

253 3051 365 3121 minor
375 3048 540 3119 Armenia
553 3047 707 3141 undique
719 3048 834 3120 crucis
849 3047 894 3118 ab
907 3047 1068 3120 hostibus
1083 3048 1230 3121 obsessa
1244 3047 1335 3143 inter

253 3171 451 3268 temporalis
462 3180 498 3243 et
510 3179 654 3244 aeternae
667 3172 788 3244 mortis
804 3169 993 3264 periculum
1007 3170 1160 3244 lluctuat.
1175 3171 1281 3243 Ortus
1296 3192 1336 3242 ac

253 3295 474 3390 sepulchrum
492 3293 626 3366 Domini
643 3292 774 3387 duplex
792 3293 1067 3366 Christianorum
1086 3306 1205 3387 portus
1224 3315 1264 3366 ac
1281 3314 1338 3364 re-

253 3417 370 3512 quies,
386 3437 512 3488 cannm
529 3415 677 3512 pedibus
699 3417 954 3502 conculcantur,
970 3437 1034 3488 nec
1056 3425 1151 3488 tutus
1169 3426 1231 3488 ant
1250 3414 1337 3486 liber

254 3563 296 3613 ea
316 3543 390 3612 loca
410 3538 606 3632 petentibus
626 3559 791 3610 accessus
813 3547 916 3630 patet.
938 3539 1063 3631 lugens
1085 3537 1206 3610 saeculi
1227 3533 1337 3607 nostri

255 3663 385 3733 crimen
406 3661 586 3756 pudorque
606 3672 812 3756 perpetuus;
834 3682 913 3731 uam
933 3658 1000 3731 nisi
1018 3661 1144 3732 mortui
1161 3679 1351 3748 essemus„

255 3804 349 3854 mors
376 3783 455 3856 huic
480 3783 679 3875 ignominiae
706 3780 920 3875 praeferenda
945 3788 1052 3853 esset.
1080 3782 1192 3852 Taceo
1217 3777 1337 3850 Asiam

255 3915 359 3976 totam
374 3913 480 3998 atque
492 3904 660 3989 Africam,
680 3924 761 3998 quae
778 3902 854 3974 lice't
871 3903 1093 3975 historiarum
1112 3901 1183 3975 fide
1198 3883 1240 3974 ac
1258 3923 1339 3974 san·

254 4033 387 4098 cturum
410 4027 606 4098 testimonio
628 4024 817 4119 probentur
838 4024 965 4097 Christi
986 4024 1069 4116 iugo
1089 4025 1200 4096 luisse
1222 4022 1340 4095 subie-

255 4158 331 4242 ctae,
355 4148 521 4218 damnum
535 4159 650 4218 tamen
665 4157 775 4218 tractu
797 4148 962 4240 temporis
977 4147 1010 4215 in
1024 4145 1338 4218 dissimulationem
