<?xml version="1.0" encoding="UTF-8"?>
<!DOCTYPE html PUBLIC "-//W3C//DTD XHTML 1.0 Transitional//EN"
    "http://www.w3.org/TR/xhtml1/DTD/xhtml1-transitional.dtd">
<html xmlns="http://www.w3.org/1999/xhtml" xml:lang="en" lang="en">
 <head>
  <title>
</title>
<meta http-equiv="Content-Type" content="text/html;charset=utf-8" />
  <meta name='ocr-system' content='tesseract 3.04.00' />
  <meta name='ocr-capabilities' content='ocr_page ocr_carea ocr_par ocr_line ocrx_word'/>
</head>
<body>
  <div class='ocr_page' id='page_1' title='image "./franciscipetrar01fracgoog_0281.png"; bbox 0 0 2958 4804; ppageno 0'>
   <div class='ocr_carea' id='block_1_1' title="bbox 271 373 1014 434">
    <p class='ocr_par' dir='ltr' id='par_1_1' title="bbox 271 373 1014 434">
     <span class='ocr_line' id='line_1_1' title="bbox 271 373 1014 434; baseline -0.003 -2"><span class='ocrx_word' id='word_1_1' title='bbox 271 373 330 434; x_wconf 68' lang='lat' dir='ltr'>lltl</span> <span class='ocrx_word' id='word_1_2' title='bbox 608 385 649 431; x_wconf 83' lang='lat' dir='ltr'>nn</span> <span class='ocrx_word' id='word_1_3' title='bbox 671 383 771 432; x_wconf 84' lang='lat' dir='ltr'>nunus</span> <span class='ocrx_word' id='word_1_4' title='bbox 793 383 1014 431; x_wconf 80' lang='lat' dir='ltr'>rnnrnmninus</span> 
     </span>
    </p>
   </div>
   <div class='ocr_carea' id='block_1_2' title="bbox 271 516 1445 609">
    <p class='ocr_par' dir='ltr' id='par_1_2' title="bbox 271 516 1445 609">
     <span class='ocr_line' id='line_1_2' title="bbox 271 516 1445 609; baseline -0.003 -19"><span class='ocrx_word' id='word_1_5' title='bbox 271 522 407 590; x_wconf 91' lang='lat' dir='ltr'>fervore</span> <span class='ocrx_word' id='word_1_6' title='bbox 424 525 564 587; x_wconf 88' lang='lat' dir='ltr'>actuum</span> <span class='ocrx_word' id='word_1_7' title='bbox 586 525 728 608; x_wconf 89' lang='lat' dir='ltr'>torpens</span> <span class='ocrx_word' id='word_1_8' title='bbox 746 537 850 609; x_wconf 93' lang='lat' dir='ltr'>sopor</span> <span class='ocrx_word' id='word_1_9' title='bbox 867 516 1063 600; x_wconf 88' lang='lat' dir='ltr'>intervenit,</span> <span class='ocrx_word' id='word_1_10' title='bbox 1082 525 1118 587; x_wconf 94' lang='lat' dir='ltr'>et</span> <span class='ocrx_word' id='word_1_11' title='bbox 1135 517 1353 589; x_wconf 90' lang='lat' dir='ltr'>modestissi-</span> <span class='ocrx_word' id='word_1_12' title='bbox 1442 601 1445 608; x_wconf 17' lang='grc' dir='ltr'>λ</span> 
     </span>
    </p>
   </div>
   <div class='ocr_carea' id='block_1_3' title="bbox 273 638 1464 734">
    <p class='ocr_par' dir='ltr' id='par_1_3' title="bbox 273 638 1464 734">
     <span class='ocr_line' id='line_1_3' title="bbox 273 638 1464 734; baseline 0.008 -26"><span class='ocrx_word' id='word_1_13' title='bbox 273 641 327 724; x_wconf 89' lang='lat' dir='ltr'>mi,</span> <span class='ocrx_word' id='word_1_14' title='bbox 347 639 454 709; x_wconf 83' lang='lat' dir='ltr'>velint</span> <span class='ocrx_word' id='word_1_15' title='bbox 473 639 587 722; x_wconf 83' lang='lat' dir='ltr'>nolint,</span> <span class='ocrx_word' id='word_1_16' title='bbox 610 638 730 709; x_wconf 89' lang='lat' dir='ltr'>laetitia</span> <span class='ocrx_word' id='word_1_17' title='bbox 756 639 926 729; x_wconf 74' lang='lat' dir='ltr'>gestiente</span> <span class='ocrx_word' id='word_1_18' title='bbox 948 638 1146 709; x_wconf 91' lang='lat' dir='ltr'>turbantur:</span> <span class='ocrx_word' id='word_1_19' title='bbox 1173 649 1352 734; x_wconf 90' lang='lat' dir='ltr'>postremo</span> <span class='ocrx_word' id='word_1_20' title='bbox 1463 657 1464 718; x_wconf 86' lang='lat' dir='ltr'>l</span> 
     </span>
    </p>
   </div>
   <div class='ocr_carea' id='block_1_4' title="bbox 202 734 1393 4290">
    <p class='ocr_par' dir='ltr' id='par_1_4' title="bbox 202 734 1393 4290">
     <span class='ocr_line' id='line_1_4' title="bbox 271 734 1352 854; baseline 0.002 -22"><span class='ocrx_word' id='word_1_21' title='bbox 271 734 373 834; x_wconf 75' lang='lat' dir='ltr'>etian⁰1</span> <span class='ocrx_word' id='word_1_22' title='bbox 395 761 430 830; x_wconf 96' lang='lat' dir='ltr'>in</span> <span class='ocrx_word' id='word_1_23' title='bbox 451 761 583 832; x_wconf 92' lang='lat' dir='ltr'>deliciis</span> <span class='ocrx_word' id='word_1_24' title='bbox 605 770 700 832; x_wconf 90' lang='lat' dir='ltr'>actos</span> <span class='ocrx_word' id='word_1_25' title='bbox 726 762 802 832; x_wconf 92' lang='lat' dir='ltr'>dies</span> <span class='ocrx_word' id='word_1_26' title='bbox 830 771 992 832; x_wconf 88' lang='lat' dir='ltr'>senectus</span> <span class='ocrx_word' id='word_1_27' title='bbox 1019 762 1210 854; x_wconf 88' lang='lat' dir='ltr'>improvisa</span> <span class='ocrx_word' id='word_1_28' title='bbox 1230 785 1352 834; x_wconf 90' lang='lat' dir='ltr'>conse-</span> 
     </span>
     <span class='ocr_line' id='line_1_5' title="bbox 272 883 1349 978; baseline -0.001 -22"><span class='ocrx_word' id='word_1_29' title='bbox 272 886 401 978; x_wconf 91' lang='lat' dir='ltr'>quitur,</span> <span class='ocrx_word' id='word_1_30' title='bbox 425 897 459 955; x_wconf 92' lang='lat' dir='ltr'>et</span> <span class='ocrx_word' id='word_1_31' title='bbox 484 895 660 977; x_wconf 87' lang='lat' dir='ltr'>gemmato</span> <span class='ocrx_word' id='word_1_32' title='bbox 685 885 789 956; x_wconf 87' lang='lat' dir='ltr'>etiam</span> <span class='ocrx_word' id='word_1_33' title='bbox 817 883 939 955; x_wconf 87' lang='lat' dir='ltr'>vertici</span> <span class='ocrx_word' id='word_1_34' title='bbox 960 899 1058 954; x_wconf 89' lang='lat' dir='ltr'>mors</span> <span class='ocrx_word' id='word_1_35' title='bbox 1081 885 1235 956; x_wconf 91' lang='lat' dir='ltr'>insultat.</span> <span class='ocrx_word' id='word_1_36' title='bbox 1261 887 1349 957; x_wconf 81' lang='lat' dir='ltr'>Nulli</span> 
     </span>
     <span class='ocr_line' id='line_1_6' title="bbox 271 1006 1351 1102; baseline 0.001 -24"><span class='ocrx_word' id='word_1_37' title='bbox 271 1008 442 1099; x_wconf 86' lang='lat' dir='ltr'>parcitur,</span> <span class='ocrx_word' id='word_1_38' title='bbox 476 1007 560 1078; x_wconf 94' lang='lat' dir='ltr'>nulli</span> <span class='ocrx_word' id='word_1_39' title='bbox 590 1006 685 1078; x_wconf 86' lang='lat' dir='ltr'>leriae</span> <span class='ocrx_word' id='word_1_40' title='bbox 714 1009 881 1078; x_wconf 92' lang='lat' dir='ltr'>malorum</span> <span class='ocrx_word' id='word_1_41' title='bbox 922 1018 1024 1089; x_wconf 77' lang='lat' dir='ltr'>sunt,</span> <span class='ocrx_word' id='word_1_42' title='bbox 1061 1006 1168 1078; x_wconf 85' lang='lat' dir='ltr'>babet</span> <span class='ocrx_word' id='word_1_43' title='bbox 1202 1011 1351 1102; x_wconf 87' lang='lat' dir='ltr'>quisque</span> 
     </span>
     <span class='ocr_line' id='line_1_7' title="bbox 271 1126 1352 1222; baseline 0 -20"><span class='ocrx_word' id='word_1_44' title='bbox 271 1129 366 1202; x_wconf 92' lang='lat' dir='ltr'>domi</span> <span class='ocrx_word' id='word_1_45' title='bbox 388 1151 463 1200; x_wconf 88' lang='lat' dir='ltr'>suae</span> <span class='ocrx_word' id='word_1_46' title='bbox 480 1129 573 1221; x_wconf 93' lang='lat' dir='ltr'>quod</span> <span class='ocrx_word' id='word_1_47' title='bbox 593 1128 720 1213; x_wconf 92' lang='lat' dir='ltr'>doleat,</span> <span class='ocrx_word' id='word_1_48' title='bbox 743 1128 838 1222; x_wconf 88' lang='lat' dir='ltr'>quod</span> <span class='ocrx_word' id='word_1_49' title='bbox 854 1128 977 1214; x_wconf 89' lang='lat' dir='ltr'>oderit,</span> <span class='ocrx_word' id='word_1_50' title='bbox 997 1126 1091 1222; x_wconf 89' lang='lat' dir='ltr'>quod</span> <span class='ocrx_word' id='word_1_51' title='bbox 1108 1133 1239 1222; x_wconf 90' lang='lat' dir='ltr'>lugeat,</span> <span class='ocrx_word' id='word_1_52' title='bbox 1258 1131 1352 1222; x_wconf 91' lang='lat' dir='ltr'>quod</span> 
     </span>
     <span class='ocr_line' id='line_1_8' title="bbox 272 1251 1352 1347; baseline 0 -23"><span class='ocrx_word' id='word_1_53' title='bbox 272 1263 448 1346; x_wconf 90' lang='lat' dir='ltr'>queratur.</span> <span class='ocrx_word' id='word_1_54' title='bbox 475 1255 566 1324; x_wconf 86' lang='lat' dir='ltr'>Raro</span> <span class='ocrx_word' id='word_1_55' title='bbox 592 1251 763 1324; x_wconf 88' lang='lat' dir='ltr'>adversus</span> <span class='ocrx_word' id='word_1_56' title='bbox 790 1253 866 1324; x_wconf 79' lang='lat' dir='ltr'>haee</span> <span class='ocrx_word' id='word_1_57' title='bbox 891 1254 1019 1346; x_wconf 89' lang='lat' dir='ltr'>proluit</span> <span class='ocrx_word' id='word_1_58' title='bbox 1041 1262 1080 1340; x_wconf 90' lang='lat' dir='ltr'>et</span> <span class='ocrx_word' id='word_1_59' title='bbox 1108 1275 1204 1347; x_wconf 88' lang='lat' dir='ltr'>saepe</span> <span class='ocrx_word' id='word_1_60' title='bbox 1236 1253 1352 1324; x_wconf 92' lang='lat' dir='ltr'>nocuit</span> 
     </span>
     <span class='ocr_line' id='line_1_9' title="bbox 273 1375 1351 1468; baseline 0.002 -22"><span class='ocrx_word' id='word_1_61' title='bbox 273 1375 481 1446; x_wconf 81' lang='lat' dir='ltr'>eminentior</span> <span class='ocrx_word' id='word_1_62' title='bbox 494 1377 647 1446; x_wconf 86' lang='lat' dir='ltr'>fortuna:</span> <span class='ocrx_word' id='word_1_63' title='bbox 663 1376 812 1468; x_wconf 90' lang='lat' dir='ltr'>apertior</span> <span class='ocrx_word' id='word_1_64' title='bbox 824 1387 892 1460; x_wconf 88' lang='lat' dir='ltr'>est,</span> <span class='ocrx_word' id='word_1_65' title='bbox 908 1386 943 1447; x_wconf 92' lang='lat' dir='ltr'>et</span> <span class='ocrx_word' id='word_1_66' title='bbox 955 1376 1082 1448; x_wconf 90' lang='lat' dir='ltr'>idcirco</span> <span class='ocrx_word' id='word_1_67' title='bbox 1103 1376 1214 1468; x_wconf 90' lang='lat' dir='ltr'>magis</span> <span class='ocrx_word' id='word_1_68' title='bbox 1236 1399 1351 1450; x_wconf 90' lang='lat' dir='ltr'>rernm</span> 
     </span>
     <span class='ocr_line' id='line_1_10' title="bbox 271 1498 1350 1594; baseline 0 -24"><span class='ocrx_word' id='word_1_69' title='bbox 271 1499 431 1594; x_wconf 90' lang='lat' dir='ltr'>procellis</span> <span class='ocrx_word' id='word_1_70' title='bbox 457 1499 628 1592; x_wconf 84' lang='lat' dir='ltr'>exposita.</span> <span class='ocrx_word' id='word_1_71' title='bbox 651 1498 762 1570; x_wconf 91' lang='lat' dir='ltr'>Habet</span> <span class='ocrx_word' id='word_1_72' title='bbox 786 1510 821 1570; x_wconf 90' lang='lat' dir='ltr'>et</span> <span class='ocrx_word' id='word_1_73' title='bbox 847 1521 930 1569; x_wconf 86' lang='lat' dir='ltr'>suas</span> <span class='ocrx_word' id='word_1_74' title='bbox 953 1501 1128 1570; x_wconf 85' lang='lat' dir='ltr'>molestias</span> <span class='ocrx_word' id='word_1_75' title='bbox 1150 1508 1263 1570; x_wconf 88' lang='lat' dir='ltr'>status</span> <span class='ocrx_word' id='word_1_76' title='bbox 1285 1500 1350 1570; x_wconf 92' lang='lat' dir='ltr'>bu-</span> 
     </span>
     <span class='ocr_line' id='line_1_11' title="bbox 273 1620 1350 1715; baseline 0.001 -24"><span class='ocrx_word' id='word_1_77' title='bbox 273 1622 397 1706; x_wconf 89' lang='lat' dir='ltr'>milior,</span> <span class='ocrx_word' id='word_1_78' title='bbox 426 1631 461 1692; x_wconf 91' lang='lat' dir='ltr'>et</span> <span class='ocrx_word' id='word_1_79' title='bbox 490 1621 610 1692; x_wconf 89' lang='lat' dir='ltr'>urticis</span> <span class='ocrx_word' id='word_1_80' title='bbox 639 1620 821 1691; x_wconf 90' lang='lat' dir='ltr'>urentibus</span> <span class='ocrx_word' id='word_1_81' title='bbox 847 1632 1032 1714; x_wconf 83' lang='lat' dir='ltr'>paupertas</span> <span class='ocrx_word' id='word_1_82' title='bbox 1059 1623 1195 1715; x_wconf 89' lang='lat' dir='ltr'>premit.</span> <span class='ocrx_word' id='word_1_83' title='bbox 1221 1623 1350 1694; x_wconf 90' lang='lat' dir='ltr'>Verum</span> 
     </span>
     <span class='ocr_line' id='line_1_12' title="bbox 273 1727 1351 1839; baseline 0.001 -25"><span class='ocrx_word' id='word_1_84' title='bbox 273 1743 405 1839; x_wconf 87' lang='lat' dir='ltr'>divitiae</span> <span class='ocrx_word' id='word_1_85' title='bbox 430 1743 538 1836; x_wconf 91' lang='lat' dir='ltr'>spinis</span> <span class='ocrx_word' id='word_1_86' title='bbox 560 1743 751 1814; x_wconf 80' lang='lat' dir='ltr'>acrioribus</span> <span class='ocrx_word' id='word_1_87' title='bbox 778 1743 968 1828; x_wconf 85' lang='lat' dir='ltr'>abundant,</span> <span class='ocrx_word' id='word_1_88' title='bbox 992 1756 1027 1816; x_wconf 93' lang='lat' dir='ltr'>et</span> <span class='ocrx_word' id='word_1_89' title='bbox 1044 1727 1194 1839; x_wconf 85' lang='lat' dir='ltr'>potentia</span> <span class='ocrx_word' id='word_1_90' title='bbox 1221 1757 1351 1838; x_wconf 89' lang='lat' dir='ltr'>ternpo-</span> 
     </span>
     <span class='ocr_line' id='line_1_13' title="bbox 273 1864 1351 1961; baseline 0.004 -27"><span class='ocrx_word' id='word_1_91' title='bbox 273 1864 355 1934; x_wconf 94' lang='lat' dir='ltr'>ralis</span> <span class='ocrx_word' id='word_1_92' title='bbox 386 1885 513 1958; x_wconf 91' lang='lat' dir='ltr'>vepres</span> <span class='ocrx_word' id='word_1_93' title='bbox 553 1864 656 1937; x_wconf 92' lang='lat' dir='ltr'>habet</span> <span class='ocrx_word' id='word_1_94' title='bbox 687 1867 909 1960; x_wconf 90' lang='lat' dir='ltr'>asperrimos.</span> <span class='ocrx_word' id='word_1_95' title='bbox 942 1868 1047 1938; x_wconf 87' lang='lat' dir='ltr'>Novit</span> <span class='ocrx_word' id='word_1_96' title='bbox 1075 1868 1123 1938; x_wconf 89' lang='lat' dir='ltr'>ita</span> <span class='ocrx_word' id='word_1_97' title='bbox 1148 1890 1229 1939; x_wconf 87' lang='lat' dir='ltr'>esse</span> <span class='ocrx_word' id='word_1_98' title='bbox 1255 1867 1351 1961; x_wconf 89' lang='lat' dir='ltr'>quis-</span> 
     </span>
     <span class='ocr_line' id='line_1_14' title="bbox 275 1988 1351 2084; baseline 0.002 -26"><span class='ocrx_word' id='word_1_99' title='bbox 275 1988 354 2080; x_wconf 91' lang='lat' dir='ltr'>quis</span> <span class='ocrx_word' id='word_1_100' title='bbox 372 1996 556 2080; x_wconf 87' lang='lat' dir='ltr'>utramque</span> <span class='ocrx_word' id='word_1_101' title='bbox 572 1990 748 2059; x_wconf 85' lang='lat' dir='ltr'>fortunam</span> <span class='ocrx_word' id='word_1_102' title='bbox 764 1990 883 2060; x_wconf 90' lang='lat' dir='ltr'>sensit.</span> <span class='ocrx_word' id='word_1_103' title='bbox 899 1992 964 2074; x_wconf 86' lang='lat' dir='ltr'>Tu,</span> <span class='ocrx_word' id='word_1_104' title='bbox 979 1991 1087 2075; x_wconf 90' lang='lat' dir='ltr'>Pater,</span> <span class='ocrx_word' id='word_1_105' title='bbox 1104 1991 1169 2062; x_wconf 91' lang='lat' dir='ltr'>nisi</span> <span class='ocrx_word' id='word_1_106' title='bbox 1183 2002 1351 2084; x_wconf 87' lang='lat' dir='ltr'>quantum</span> 
     </span>
     <span class='ocr_line' id='line_1_15' title="bbox 273 2110 1352 2208; baseline 0.005 -30"><span class='ocrx_word' id='word_1_107' title='bbox 273 2110 563 2206; x_wconf 86' lang='lat' dir='ltr'>inexperientiam</span> <span class='ocrx_word' id='word_1_108' title='bbox 582 2111 720 2203; x_wconf 87' lang='lat' dir='ltr'>ingenio</span> <span class='ocrx_word' id='word_1_109' title='bbox 741 2115 891 2208; x_wconf 74' lang='lat' dir='ltr'>supples</span> <span class='ocrx_word' id='word_1_110' title='bbox 914 2114 1037 2185; x_wconf 92' lang='lat' dir='ltr'>horum</span> <span class='ocrx_word' id='word_1_111' title='bbox 1058 2111 1168 2184; x_wconf 82' lang='lat' dir='ltr'>iudex</span> <span class='ocrx_word' id='word_1_112' title='bbox 1184 2135 1266 2184; x_wconf 86' lang='lat' dir='ltr'>esse</span> <span class='ocrx_word' id='word_1_113' title='bbox 1285 2135 1352 2184; x_wconf 91' lang='lat' dir='ltr'>non</span> 
     </span>
     <span class='ocr_line' id='line_1_16' title="bbox 276 2234 1351 2329; baseline 0.003 -24"><span class='ocrx_word' id='word_1_114' title='bbox 276 2246 397 2329; x_wconf 83' lang='lat' dir='ltr'>potes3</span> <span class='ocrx_word' id='word_1_115' title='bbox 424 2234 458 2303; x_wconf 95' lang='lat' dir='ltr'>in</span> <span class='ocrx_word' id='word_1_116' title='bbox 484 2234 696 2327; x_wconf 89' lang='lat' dir='ltr'>amplissima</span> <span class='ocrx_word' id='word_1_117' title='bbox 720 2235 813 2306; x_wconf 89' lang='lat' dir='ltr'>enirn</span> <span class='ocrx_word' id='word_1_118' title='bbox 841 2235 943 2305; x_wconf 91' lang='lat' dir='ltr'>simul</span> <span class='ocrx_word' id='word_1_119' title='bbox 964 2235 1228 2329; x_wconf 87' lang='lat' dir='ltr'>clarissimaque</span> <span class='ocrx_word' id='word_1_120' title='bbox 1248 2236 1351 2308; x_wconf 92' lang='lat' dir='ltr'>domo</span> 
     </span>
     <span class='ocr_line' id='line_1_17' title="bbox 274 2357 1349 2450; baseline 0.004 -22"><span class='ocrx_word' id='word_1_121' title='bbox 274 2357 426 2450; x_wconf 90' lang='lat' dir='ltr'>genitus,</span> <span class='ocrx_word' id='word_1_122' title='bbox 457 2359 547 2428; x_wconf 88' lang='lat' dir='ltr'>inter</span> <span class='ocrx_word' id='word_1_123' title='bbox 577 2379 725 2449; x_wconf 91' lang='lat' dir='ltr'>magnas</span> <span class='ocrx_word' id='word_1_124' title='bbox 754 2359 895 2431; x_wconf 91' lang='lat' dir='ltr'>divitias</span> <span class='ocrx_word' id='word_1_125' title='bbox 925 2381 966 2429; x_wconf 92' lang='lat' dir='ltr'>ac</span> <span class='ocrx_word' id='word_1_126' title='bbox 997 2359 1146 2432; x_wconf 44' lang='lat' dir='ltr'>delicias*</span> <span class='ocrx_word' id='word_1_127' title='bbox 1168 2361 1349 2443; x_wconf 90' lang='lat' dir='ltr'>educatus,</span> 
     </span>
     <span class='ocr_line' id='line_1_18' title="bbox 274 2479 1352 2575; baseline 0.002 -25"><span class='ocrx_word' id='word_1_128' title='bbox 274 2501 428 2571; x_wconf 89' lang='lat' dir='ltr'>praeesse</span> <span class='ocrx_word' id='word_1_129' title='bbox 454 2479 575 2550; x_wconf 90' lang='lat' dir='ltr'>solitus</span> <span class='ocrx_word' id='word_1_130' title='bbox 603 2501 755 2573; x_wconf 82' lang='lat' dir='ltr'>semper,</span> <span class='ocrx_word' id='word_1_131' title='bbox 784 2480 929 2551; x_wconf 90' lang='lat' dir='ltr'>subesse</span> <span class='ocrx_word' id='word_1_132' title='bbox 960 2501 1046 2551; x_wconf 87' lang='lat' dir='ltr'>vero</span> <span class='ocrx_word' id='word_1_133' title='bbox 1071 2502 1265 2573; x_wconf 90' lang='lat' dir='ltr'>nunquam,</span> <span class='ocrx_word' id='word_1_134' title='bbox 1292 2503 1352 2575; x_wconf 92' lang='lat' dir='ltr'>per</span> 
     </span>
     <span class='ocr_line' id='line_1_19' title="bbox 273 2585 1393 2695; baseline 0.003 -24"><span class='ocrx_word' id='word_1_135' title='bbox 273 2622 394 2672; x_wconf 88' lang='lat' dir='ltr'>omnes</span> <span class='ocrx_word' id='word_1_136' title='bbox 420 2603 492 2672; x_wconf 88' lang='lat' dir='ltr'>sere</span> <span class='ocrx_word' id='word_1_137' title='bbox 523 2601 731 2693; x_wconf 82' lang='lat' dir='ltr'>dignitatum</span> <span class='ocrx_word' id='word_1_138' title='bbox 763 2603 894 2694; x_wconf 83' lang='lat' dir='ltr'>gradus</span> <span class='ocrx_word' id='word_1_139' title='bbox 921 2602 966 2673; x_wconf 92' lang='lat' dir='ltr'>ad</span> <span class='ocrx_word' id='word_1_140' title='bbox 992 2585 1129 2672; x_wconf 87' lang='lat' dir='ltr'>summo</span> <span class='ocrx_word' id='word_1_141' title='bbox 1155 2603 1350 2695; x_wconf 84' lang='lat' dir='ltr'>proximum</span> <span class='ocrx_word' id='word_1_142' title='bbox 1388 2599 1393 2617; x_wconf 90' lang='lat'><em>&#39;</em></span> 
     </span>
     <span class='ocr_line' id='line_1_20' title="bbox 274 2723 1350 2808; baseline 0.003 -15"><span class='ocrx_word' id='word_1_143' title='bbox 274 2724 354 2795; x_wconf 95' lang='lat' dir='ltr'>hinc</span> <span class='ocrx_word' id='word_1_144' title='bbox 370 2723 512 2807; x_wconf 86' lang='lat' dir='ltr'>virtute,</span> <span class='ocrx_word' id='word_1_145' title='bbox 534 2724 614 2795; x_wconf 91' lang='lat' dir='ltr'>hinc</span> <span class='ocrx_word' id='word_1_146' title='bbox 634 2725 767 2796; x_wconf 91' lang='lat' dir='ltr'>coelesti</span> <span class='ocrx_word' id='word_1_147' title='bbox 790 2725 994 2796; x_wconf 89' lang='lat' dir='ltr'>sublevante</span> <span class='ocrx_word' id='word_1_148' title='bbox 1013 2724 1206 2808; x_wconf 87' lang='lat' dir='ltr'>clementia,</span> <span class='ocrx_word' id='word_1_149' title='bbox 1226 2725 1350 2796; x_wconf 86' lang='lat' dir='ltr'>felicis-</span> 
     </span>
     <span class='ocr_line' id='line_1_21' title="bbox 276 2845 1350 2919; baseline -0.001 -1"><span class='ocrx_word' id='word_1_150' title='bbox 276 2847 362 2918; x_wconf 91' lang='lat' dir='ltr'>sime</span> <span class='ocrx_word' id='word_1_151' title='bbox 381 2845 626 2918; x_wconf 87' lang='lat' dir='ltr'>conscendisti.</span> <span class='ocrx_word' id='word_1_152' title='bbox 648 2846 784 2918; x_wconf 76' lang='lat' dir='ltr'>Non&#39;es</span> <span class='ocrx_word' id='word_1_153' title='bbox 805 2848 951 2919; x_wconf 91' lang='lat' dir='ltr'>idoneus</span> <span class='ocrx_word' id='word_1_154' title='bbox 977 2851 1124 2919; x_wconf 68' lang='lat' dir='ltr'>fortunae</span> <span class='ocrx_word' id='word_1_155' title='bbox 1145 2846 1350 2919; x_wconf 90' lang='lat' dir='ltr'>submissio-</span> 
     </span>
     <span class='ocr_line' id='line_1_22' title="bbox 275 2962 1350 3062; baseline 0 -23"><span class='ocrx_word' id='word_1_156' title='bbox 275 2972 323 3040; x_wconf 92' lang='lat' dir='ltr'>ris</span> <span class='ocrx_word' id='word_1_157' title='bbox 345 2968 495 3039; x_wconf 89' lang='lat' dir='ltr'>arbiter:</span> <span class='ocrx_word' id='word_1_158' title='bbox 514 2962 644 3039; x_wconf 84' lang='lat' dir='ltr'>altioris</span> <span class='ocrx_word' id='word_1_159' title='bbox 663 2980 778 3038; x_wconf 89' lang='lat' dir='ltr'>autern</span> <span class='ocrx_word' id='word_1_160' title='bbox 804 2989 907 3040; x_wconf 90' lang='lat' dir='ltr'>nemo</span> <span class='ocrx_word' id='word_1_161' title='bbox 928 2971 1049 3061; x_wconf 75' lang='lat' dir='ltr'>magis</span> <span class='ocrx_word' id='word_1_162' title='bbox 1073 2970 1149 3040; x_wconf 91' lang='lat' dir='ltr'>sive</span> <span class='ocrx_word' id='word_1_163' title='bbox 1170 2971 1350 3062; x_wconf 86' lang='lat' dir='ltr'>experien-</span> 
     </span>
     <span class='ocr_line' id='line_1_23' title="bbox 273 3091 1349 3184; baseline 0.003 -25"><span class='ocrx_word' id='word_1_164' title='bbox 273 3091 320 3160; x_wconf 88' lang='lat' dir='ltr'>tia</span> <span class='ocrx_word' id='word_1_165' title='bbox 350 3091 516 3181; x_wconf 90' lang='lat' dir='ltr'>magistra</span> <span class='ocrx_word' id='word_1_166' title='bbox 544 3111 661 3161; x_wconf 92' lang='lat' dir='ltr'>rerum</span> <span class='ocrx_word' id='word_1_167' title='bbox 690 3091 834 3184; x_wconf 86' lang='lat' dir='ltr'>optima,</span> <span class='ocrx_word' id='word_1_168' title='bbox 868 3092 944 3164; x_wconf 89' lang='lat' dir='ltr'>sive</span> <span class='ocrx_word' id='word_1_169' title='bbox 974 3093 1173 3165; x_wconf 89' lang='lat' dir='ltr'>observatio</span> <span class='ocrx_word' id='word_1_170' title='bbox 1202 3092 1349 3184; x_wconf 90' lang='lat' dir='ltr'>diligens</span> 
     </span>
     <span class='ocr_line' id='line_1_24' title="bbox 273 3215 1349 3310; baseline 0.003 -26"><span class='ocrx_word' id='word_1_171' title='bbox 273 3237 314 3286; x_wconf 91' lang='lat' dir='ltr'>ac</span> <span class='ocrx_word' id='word_1_172' title='bbox 335 3215 501 3298; x_wconf 89' lang='lat' dir='ltr'>studium,</span> <span class='ocrx_word' id='word_1_173' title='bbox 526 3215 601 3286; x_wconf 91' lang='lat' dir='ltr'>sive</span> <span class='ocrx_word' id='word_1_174' title='bbox 626 3217 681 3286; x_wconf 93' lang='lat' dir='ltr'>vis</span> <span class='ocrx_word' id='word_1_175' title='bbox 708 3216 836 3308; x_wconf 90' lang='lat' dir='ltr'>ingenii</span> <span class='ocrx_word' id='word_1_176' title='bbox 862 3218 1031 3310; x_wconf 85' lang='lat' dir='ltr'>quaeritur</span> <span class='ocrx_word' id='word_1_177' title='bbox 1056 3241 1096 3290; x_wconf 93' lang='lat' dir='ltr'>ac</span> <span class='ocrx_word' id='word_1_178' title='bbox 1120 3219 1280 3288; x_wconf 89' lang='lat' dir='ltr'>celeritas</span> <span class='ocrx_word' id='word_1_179' title='bbox 1301 3220 1349 3289; x_wconf 89' lang='lat' dir='ltr'>in·</span> 
     </span>
     <span class='ocr_line' id='line_1_25' title="bbox 273 3313 1347 3430; baseline 0.004 -22"><span class='ocrx_word' id='word_1_180' title='bbox 273 3340 441 3410; x_wconf 90' lang='lat' dir='ltr'>tellectus.</span> <span class='ocrx_word' id='word_1_181' title='bbox 468 3340 517 3410; x_wconf 83' lang='lat' dir='ltr'>lle</span> <span class='ocrx_word' id='word_1_182' title='bbox 543 3338 608 3408; x_wconf 93' lang='lat' dir='ltr'>hoc</span> <span class='ocrx_word' id='word_1_183' title='bbox 633 3360 718 3430; x_wconf 90' lang='lat' dir='ltr'>ergo</span> <span class='ocrx_word' id='word_1_184' title='bbox 742 3339 808 3410; x_wconf 87' lang='lat' dir='ltr'>etsi</span> <span class='ocrx_word' id='word_1_185' title='bbox 834 3344 942 3426; x_wconf 79' lang='lat' dir='ltr'>multa</span> <span class='ocrx_word' id='word_1_186' title='bbox 966 3313 1130 3425; x_wconf 83' lang='lat' dir='ltr'>dixerim,</span> <span class='ocrx_word' id='word_1_187' title='bbox 1159 3341 1276 3412; x_wconf 86' lang='lat' dir='ltr'>adbuc</span> <span class='ocrx_word' id='word_1_188' title='bbox 1303 3351 1347 3412; x_wconf 91' lang='lat' dir='ltr'>ta-</span> 
     </span>
     <span class='ocr_line' id='line_1_26' title="bbox 272 3459 1347 3553; baseline -0.001 -22"><span class='ocrx_word' id='word_1_189' title='bbox 272 3483 351 3532; x_wconf 89' lang='lat' dir='ltr'>men</span> <span class='ocrx_word' id='word_1_190' title='bbox 377 3483 445 3532; x_wconf 92' lang='lat' dir='ltr'>non</span> <span class='ocrx_word' id='word_1_191' title='bbox 468 3473 575 3552; x_wconf 89' lang='lat' dir='ltr'>pauca</span> <span class='ocrx_word' id='word_1_192' title='bbox 597 3459 724 3544; x_wconf 88' lang='lat' dir='ltr'>dicere,</span> <span class='ocrx_word' id='word_1_193' title='bbox 747 3472 782 3531; x_wconf 90' lang='lat' dir='ltr'>et</span> <span class='ocrx_word' id='word_1_194' title='bbox 801 3461 845 3533; x_wconf 93' lang='lat' dir='ltr'>de</span> <span class='ocrx_word' id='word_1_195' title='bbox 867 3484 904 3532; x_wconf 87' lang='lat' dir='ltr'>re</span> <span class='ocrx_word' id='word_1_196' title='bbox 927 3460 985 3531; x_wconf 90' lang='lat' dir='ltr'>tibi</span> <span class='ocrx_word' id='word_1_197' title='bbox 1007 3463 1115 3531; x_wconf 94' lang='lat' dir='ltr'>multo</span> <span class='ocrx_word' id='word_1_198' title='bbox 1141 3483 1243 3553; x_wconf 89' lang='lat' dir='ltr'>quam</span> <span class='ocrx_word' id='word_1_199' title='bbox 1267 3461 1347 3532; x_wconf 91' lang='lat' dir='ltr'>mibi</span> 
     </span>
     <span class='ocr_line' id='line_1_27' title="bbox 273 3561 1347 3676; baseline 0 -25"><span class='ocrx_word' id='word_1_200' title='bbox 273 3581 395 3653; x_wconf 88' lang='lat' dir='ltr'>melius</span> <span class='ocrx_word' id='word_1_201' title='bbox 423 3591 502 3653; x_wconf 91' lang='lat' dir='ltr'>nota</span> <span class='ocrx_word' id='word_1_202' title='bbox 529 3591 659 3666; x_wconf 90' lang='lat' dir='ltr'>tecum,</span> <span class='ocrx_word' id='word_1_203' title='bbox 685 3583 752 3653; x_wconf 89' lang='lat' dir='ltr'>nisi</span> <span class='ocrx_word' id='word_1_204' title='bbox 777 3583 929 3675; x_wconf 90' lang='lat' dir='ltr'>respuis,</span> <span class='ocrx_word' id='word_1_205' title='bbox 958 3561 1177 3655; x_wconf 87' lang='lat' dir='ltr'>nuncetiam</span> <span class='ocrx_word' id='word_1_206' title='bbox 1202 3581 1347 3676; x_wconf 92' lang='lat' dir='ltr'>colloqui</span> 
     </span>
     <span class='ocr_line' id='line_1_28' title="bbox 273 3705 1345 3799; baseline -0.003 -23"><span class='ocrx_word' id='word_1_207' title='bbox 273 3728 371 3777; x_wconf 90' lang='lat' dir='ltr'>mens</span> <span class='ocrx_word' id='word_1_208' title='bbox 388 3716 454 3778; x_wconf 90' lang='lat' dir='ltr'>est.</span> <span class='ocrx_word' id='word_1_209' title='bbox 473 3707 607 3791; x_wconf 84' lang='lat' dir='ltr'>Dicam,</span> <span class='ocrx_word' id='word_1_210' title='bbox 627 3715 724 3799; x_wconf 87' lang='lat' dir='ltr'>puto,</span> <span class='ocrx_word' id='word_1_211' title='bbox 744 3727 824 3798; x_wconf 87' lang='lat' dir='ltr'>quae</span> <span class='ocrx_word' id='word_1_212' title='bbox 851 3715 887 3776; x_wconf 89' lang='lat' dir='ltr'>tu</span> <span class='ocrx_word' id='word_1_213' title='bbox 914 3729 995 3778; x_wconf 89' lang='lat' dir='ltr'>vera</span> <span class='ocrx_word' id='word_1_214' title='bbox 1017 3705 1193 3789; x_wconf 80' lang='lat' dir='ltr'>fateberis,</span> <span class='ocrx_word' id='word_1_215' title='bbox 1221 3715 1257 3776; x_wconf 88' lang='lat' dir='ltr'>et</span> <span class='ocrx_word' id='word_1_216' title='bbox 1283 3717 1345 3776; x_wconf 84' lang='lat' dir='ltr'>tarn</span> 
     </span>
     <span class='ocr_line' id='line_1_29' title="bbox 270 3816 1345 3924; baseline 0.002 -28"><span class='ocrx_word' id='word_1_217' title='bbox 270 3827 314 3897; x_wconf 91' lang='lat' dir='ltr'>de</span> <span class='ocrx_word' id='word_1_218' title='bbox 337 3828 452 3900; x_wconf 90' lang='lat' dir='ltr'>medio</span> <span class='ocrx_word' id='word_1_219' title='bbox 471 3838 623 3924; x_wconf 83' lang='lat' dir='ltr'>sumpta,</span> <span class='ocrx_word' id='word_1_220' title='bbox 644 3840 681 3899; x_wconf 91' lang='lat' dir='ltr'>ut</span> <span class='ocrx_word' id='word_1_221' title='bbox 698 3829 764 3899; x_wconf 94' lang='lat' dir='ltr'>nisi</span> <span class='ocrx_word' id='word_1_222' title='bbox 784 3850 840 3898; x_wconf 92' lang='lat' dir='ltr'>me</span> <span class='ocrx_word' id='word_1_223' title='bbox 865 3816 1002 3912; x_wconf 73' lang='lat' dir='ltr'>nosses</span> <span class='ocrx_word' id='word_1_224' title='bbox 1020 3851 1149 3923; x_wconf 91' lang='lat' dir='ltr'>posses</span> <span class='ocrx_word' id='word_1_225' title='bbox 1175 3839 1345 3920; x_wconf 87' lang='lat' dir='ltr'>potentem</span> 
     </span>
     <span class='ocr_line' id='line_1_30' title="bbox 271 3950 1347 4044; baseline 0.003 -25"><span class='ocrx_word' id='word_1_226' title='bbox 271 3950 413 4043; x_wconf 91' lang='lat' dir='ltr'>opinari.</span> <span class='ocrx_word' id='word_1_227' title='bbox 435 3951 587 4021; x_wconf 91' lang='lat' dir='ltr'>Primum</span> <span class='ocrx_word' id='word_1_228' title='bbox 608 3951 734 4042; x_wconf 87' lang='lat' dir='ltr'>igitur:</span> <span class='ocrx_word' id='word_1_229' title='bbox 755 3962 922 4043; x_wconf 90' lang='lat' dir='ltr'>quantum</span> <span class='ocrx_word' id='word_1_230' title='bbox 943 3951 1188 4044; x_wconf 80' lang='lat' dir='ltr'>indignationis</span> <span class='ocrx_word' id='word_1_231' title='bbox 1213 3973 1255 4022; x_wconf 89' lang='lat' dir='ltr'>ac</span> <span class='ocrx_word' id='word_1_232' title='bbox 1281 3961 1347 4022; x_wconf 86' lang='lat' dir='ltr'>sto·</span> 
     </span>
     <span class='ocr_line' id='line_1_31' title="bbox 202 4072 1346 4168; baseline 0.004 -29"><span class='ocrx_word' id='word_1_233' title='bbox 202 4116 208 4119; x_wconf 92' lang='lat'><em>-</em></span> <span class='ocrx_word' id='word_1_234' title='bbox 273 4073 397 4156; x_wconf 88' lang='lat' dir='ltr'>machi,</span> <span class='ocrx_word' id='word_1_235' title='bbox 427 4093 561 4165; x_wconf 86' lang='lat' dir='ltr'>quaeso,</span> <span class='ocrx_word' id='word_1_236' title='bbox 591 4073 696 4145; x_wconf 88' lang='lat' dir='ltr'>habet</span> <span class='ocrx_word' id='word_1_237' title='bbox 728 4072 901 4145; x_wconf 81' lang='lat' dir='ltr'>excelsior</span> <span class='ocrx_word' id='word_1_238' title='bbox 926 4085 1054 4161; x_wconf 78' lang='lat' dir='ltr'>statuS,</span> <span class='ocrx_word' id='word_1_239' title='bbox 1081 4077 1165 4148; x_wconf 92' lang='lat' dir='ltr'>dum</span> <span class='ocrx_word' id='word_1_240' title='bbox 1191 4084 1346 4168; x_wconf 90' lang='lat' dir='ltr'>potentes</span> 
     </span>
     <span class='ocr_line' id='line_1_32' title="bbox 272 4192 1346 4290; baseline 0.009 -32"><span class='ocrx_word' id='word_1_241' title='bbox 272 4192 502 4284; x_wconf 89' lang='lat' dir='ltr'>impotentiam</span> <span class='ocrx_word' id='word_1_242' title='bbox 527 4219 623 4267; x_wconf 88' lang='lat' dir='ltr'>suam</span> <span class='ocrx_word' id='word_1_243' title='bbox 646 4197 786 4282; x_wconf 86' lang='lat' dir='ltr'>deflent,</span> <span class='ocrx_word' id='word_1_244' title='bbox 809 4206 844 4266; x_wconf 92' lang='lat' dir='ltr'>et</span> <span class='ocrx_word' id='word_1_245' title='bbox 865 4219 958 4290; x_wconf 88' lang='lat' dir='ltr'>saepe</span> <span class='ocrx_word' id='word_1_246' title='bbox 979 4202 1036 4270; x_wconf 92' lang='lat' dir='ltr'>vel</span> <span class='ocrx_word' id='word_1_247' title='bbox 1053 4199 1273 4270; x_wconf 92' lang='lat' dir='ltr'>minimarum</span> <span class='ocrx_word' id='word_1_248' title='bbox 1296 4219 1346 4269; x_wconf 90' lang='lat' dir='ltr'>re-</span> 
     </span>
    </p>
   </div>
   <div class='ocr_carea' id='block_1_5' title="bbox 0 0 1484 4804">
    <p class='ocr_par' dir='ltr' id='par_1_5' title="bbox 0 0 1484 4804">
     <span class='ocr_line' id='line_1_33' title="bbox 0 0 1484 4804; baseline 0 0"><span class='ocrx_word' id='word_1_249' title='bbox 0 0 1484 4804; x_wconf 95' lang='lat' dir='ltr'> </span> 
     </span>
    </p>
   </div>
  </div>
 </body>
</html>
