3002 4794
430 409 521 456 Llsssn
542 407 870 458 NONUS-EPISTULA
893 410 932 457 lv.

140 552 327 646 respondet
348 553 479 624 altera:

178 725 317 802 Namque
334 726 453 784 ecastor
469 737 556 784 amor
573 727 602 783 et
619 721 708 784 melle
727 731 755 784 et
769 723 835 786 ielle
853 729 897 785 est
914 723 1174 788 fecundissimus:

181 819 285 887 Gustu·
298 823 350 885 dat
368 822 463 896 dulce,
480 836 620 884 amarum
637 823 674 886 ad
691 821 860 884 satietatem
876 837 975 900 usque
996 823 1121 899 oggerit.

142 981 209 1053 Sed
230 983 379 1052 sortasse
397 978 489 1049 dieat
509 978 633 1072 aliquis
654 977 720 1050 hoo
737 979 839 1050 sexui
859 979 1024 1051 tributum
1042 979 1097 1050 cui
1112 979 1222 1072 impar

142 1126 224 1174 curn
241 1101 462 1196 passionibus
480 1099 586 1172 animi
603 1104 695 1172 lucta
711 1109 777 1172 est.
791 1098 881 1174 Audi
895 1124 980 1196 erge
993 1102 1077 1196 quid
1093 1101 1221 1174 ibidem

143 1222 616 1320 paucis-interiectisvalidior
625 1245 735 1296 sexus
748 1221 853 1296 dieat:
867 1224 980 1297 Credo
991 1247 1067 1317 ege,
1083 1214 1220 1318 inquit,¹

158 1387 245 1446 Credo
257 1402 310 1460 eqo
322 1399 446 1444 amorem
460 1386 578 1456 pomum
592 1385 666 1457 apud
676 1386 803 1444 homines
814 1383 1004 1446 carnificinam
1016 1395 1219 1446 commentum:

159 1477 236 1535 lianc
251 1492 303 1549 eqo
318 1477 353 1534 de
369 1491 413 1534 mc
427 1476 614 1534 coniecturam
626 1476 700 1533 demi
716 1475 795 1547 facie,
811 1491 845 1534 ne
858 1476 925 1534 loris
938 1491 1071 1548 queram,

160 1567 212 1635 Qui
227 1581 327 1624 omnes
343 1567 469 1624 hemines
484 1579 584 1637 supere
599 1574 682 1637 atquc
695 1567 803 1624 antideo
818 1565 1064 1624 cruciabilitatibus
1079 1565 1172 1622 animi.

157 1655 260 1728 Iactor,
277 1657 400 1726 crucier,
416 1656 517 1728 agitor,
534 1653 675 1726 stimulor,
692 1669 790 1714 verser
804 1656 833 1712 in
847 1655 951 1713 amoris
964 1663 1026 1712 rota
1038 1651 1136 1725 miser,

157 1745 322 1813 Exanimem
337 1745 420 1814 feror,
435 1743 557 1813 diiierer,
573 1744 722 1816 distrahor,
737 1746 861 1818 diripiet,
877 1748 915 1804 ita
930 1745 1055 1804 nubilam
1069 1751 1193 1804 mentem

158 1831 250 1890 Animi
265 1832 368 1888 habeo:
385 1831 431 1888 ubi
447 1846 509 1890 sum
525 1830 562 1886 ibi
577 1846 632 1888 non
644 1848 721 1902 sum,
738 1834 784 1890 ubi
798 1849 854 1891 nen
867 1849 929 1892 sum
945 1833 981 1890 lbi
996 1841 1037 1890 est
1052 1833 1169 1892 animus.

156 1919 197 1977 lta
212 1933 258 1976 me
273 1933 353 1976 amor
368 1917 473 1975 lassum
488 1917 573 1974 animi
588 1918 728 1990 ludificat,
745 1921 834 1994 lugat,
851 1921 924 1994 agit,
940 1923 1059 1994 appetit,

157 2010 270 2081 Rapiat,
286 2008 400 2078 retinet,
416 2008 511 2077 iactat,
528 2007 658 2081 largitur,
675 2011 750 2082 qued
765 2010 812 2069 dat
826 2025 883 2069 non
897 2011 956 2082 dat,
973 2011 1095 2081 deludit,

159 2099 237 2157 ldodo
251 2097 326 2169 qued
337 2097 424 2154 suasit
436 2097 589 2169 dissuadet,
605 2098 680 2170 qued
694 2098 825 2160 dissuasit
839 2101 868 2158 ld
882 2108 1010 2160 ostentat.

142 2265 188 2334 Et
203 2266 281 2335 haee
303 2263 444 2357 quidem
475 2263 540 2334 ille.
575 2261 668 2348 Quid
697 2267 838 2336 autem‘l
867 2264 990 2335 haecne
1020 2264 1081 2335 tibi
1113 2264 1224 2335 verba

146 2387 322 2480 tranquilli
339 2387 443 2458 animi
463 2387 647 2458 videntur?
673 2387 783 2459 Crede
807 2387 900 2471 mihi,
920 2387 979 2479 qui
1001 2387 1051 2459 sio
1072 2387 1224 2479 loquitur

144 2512 234 2582 male
251 2510 349 2582 iacet.
369 2510 439 2581 Sed
459 2511 525 2581 hoe
545 2510 664 2582 fictum
686 2531 706 2582 a
731 2521 833 2605 poeta
858 2511 949 2583 dicat
974 2511 1111 2605 aliquis
1138 2511 1223 2593 Quis

143 2632 209 2704 hoo
226 2632 359 2703 nescit?
378 2630 424 2702 At
444 2632 528 2703 nihil
548 2633 616 2704 nisi
633 2644 767 2705 naturae
785 2645 1054 2706 consentaneum
1070 2636 1129 2705 lex
1142 2656 1224 2728 pee-

145 2755 210 2828 tiea
230 2755 316 2847 fingi
338 2755 435 2827 sivit:
458 2756 577 2828 etheo
598 2778 684 2848 erge
705 2757 830 2828 iterum
848 2757 956 2828 erede
969 2766 1124 2852 experte,
1139 2755 1223 2826 nihil

145 2875 228 2971 fingi
248 2878 455 2964 naturalius,
478 2879 563 2949 nihil
581 2879 646 2952 hee
660 2879 780 2950 verius
794 2879 861 2951 dici
875 2900 989 2973 pesse.
1005 2880 1124 2972 Itaque
1137 2900 1225 2972 que-

145 3003 250 3088 niam,
285 3011 324 3074 ut
353 3025 477 3074 verum
507 3004 629 3087 fatear,
657 3002 829 3074 inescatos
863 2979 986 3075 hames
1012 3002 1158 3096 gutturi,
1185 3024 1225 3074 ac

147 3148 274 3199 suaves
291 3127 436 3200 aeribus
454 3127 613 3198 Sirenum
636 3134 759 3198 cantus
784 3134 820 3198 et
843 3129 1029 3222 perplexos
1057 3125 1125 3198 tuis
1164 3147 1225 3220 pe-

147 3251 248 3323 dibus
269 3254 413 3345 laqueos
434 3259 629 3345 permetue,
652 3271 774 3342 quaese
795 3260 841 3334 te,
857 3249 1080 3342 obtesterque
1094 3272 1155 3345 per
1169 3271 1226 3320 sa-

147 3373 253 3443 lutem
270 3382 366 3446 tuam
387 3384 425 3445 ut
444 3373 518 3468 ipse
540 3374 601 3444 libi
621 3375 800 3456 consulas,
827 3373 941 3465 deque
972 3373 1084 3443 aliena
1111 3372 1226 3465 perni-

148 3495 212 3580 cie,
234 3519 408 3588 quaecum
429 3505 548 3567 nostra
569 3495 734 3568 moestitia
754 3497 870 3567 iuncta
892 3505 959 3581 est,
974 3497 1148 3591 propriam
1164 3492 1226 3563 tihi

149 3616 307 3692 conficias
324 3619 535 3705 cautionem,
559 3642 683 3711 magne
698 3641 720 3690 e
737 3620 828 3690 malo
845 3619 910 3690 hec
928 3620 1051 3690 saltem
1069 3617 1150 3687 boni
1163 3614 1225 3686 eli-

149 3741 255 3827 ciens,
277 3744 495 3836 exemplum,
517 3763 586 3836 que
601 3752 638 3814 ut
651 3743 783 3812 nullum
796 3741 939 3824 tristius,
956 3740 1004 3811 sic
1017 3740 1149 3808 nullum
1163 3758 1224 3832 pe-

151 3869 326 3934 toratesse
341 3862 573 3958 conspectius.
592 3860 806 3934 Ardeatibus
820 3861 925 3933 vicini
938 3859 1084 3943 aedibus,
1099 3880 1223 3951 aquam

151 3985 216 4055 tuis
236 3987 399 4059 iniectare
429 4009 473 4057 ne
501 3985 657 4068 differam
691 3983 823 4054 lubrica
856 3983 996 4055 ilamma
1027 3993 1095 4066 est3
1126 3984 1224 4055 facile

151 4109 255 4203 serpit
274 4109 487 4195 incendium,
511 4107 738 4204 ubipmaxime
760 4106 855 4177 venti
888 4106 984 4192 liant,
1012 4104 1105 4198 quod
1130 4107 1165 4176 in
1190 4113 1223 4174 te

241 4253 449 4307 'dctllsel
