2988 4800
237 389 293 451 tlt
571 399 611 446 on
633 397 732 447 naeus
755 397 976 446 snrumsnmus

237 542 350 612 sisse?
370 540 461 610 Heu!
486 538 621 631 quoties
644 535 825 628 Augustus
847 536 978 619 Caesar,
1002 545 1039 605 ut
1060 537 1162 606 unico
1182 547 1218 606 et
1237 559 1308 608 om-

235 665 329 734 nium
351 663 520 734 altissimo
554 661 618 731 sim
651 670 835 732 contentus
867 660 1041 750 exemplo,
1078 660 1216 751 quoties
1248 659 1311 730 hao

236 787 349 858 aetatis
370 797 483 881 parte,
506 807 609 878 qnam
632 807 723 856 nuno
744 784 858 875 degis,
881 791 920 854 ut
939 781 1094 853 laborem
1114 783 1308 865 dimitteret,

235 911 280 982 de
301 907 505 982 dimittendo
522 908 667 1000 imperio
684 905 865 998 cogitavit!
883 907 1044 976 Testatur
1061 906 1223 999 quaedam
1236 905 1310 976 eius

235 1035 380 1126 epistola
401 1033 446 1105 ad
474 1043 631 1104 senatum
653 1030 776 1114 missa,
800 1031 835 1100 in
863 1052 932 1122 qua
959 1037 1047 1114 erat,
1076 1042 1114 1100 ut
1139 1029 1309 1124 privatam

234 1179 339 1248 agere
358 1154 424 1227 sibi
445 1156 545 1226 lioeat
578 1164 612 1224 et
646 1154 788 1225 liberam
811 1162 1035 1238 senectutem,
1067 1176 1170 1246 quam
1192 1154 1309 1247 procul

235 1279 279 1350 ab
296 1279 352 1349 illo
372 1277 511 1369 fastigio
531 1277 736 1348 honoratam
760 1277 826 1348 sibi
844 1278 1016 1370 spondere
1033 1300 1102 1349 non
1119 1277 1309 1348 dubitabat.
1387 1275 1389 1277 ’

236 1405 286 1472 Tu
307 1424 385 1472 cum
406 1401 597 1472 honoratus
618 1421 718 1472 esses
736 1410 771 1471 et
788 1401 941 1493 quietus,
965 1401 1187 1494 omniumque
1206 1400 1312 1472 liber-

234 1527 344 1625 rimus
369 1545 456 1617 qnos
482 1547 548 1616 ego
573 1546 727 1608 nossem,
750 1525 840 1595 ultro
858 1526 1011 1596 laborem
1028 1537 1063 1597 et
1079 1526 1310 1597 voluntariam

236 1649 438 1722 servitutem
460 1648 611 1718 subiisti:
630 1648 714 1719 dum
731 1647 874 1719 nodosis
892 1659 996 1742 atque
1013 1648 1310 1720 inextricabilibus

234 1783 270 1843 et
290 1794 311 1842 a
331 1773 414 1843 falce
435 1769 722 1863 repullulantibus
741 1773 880 1862 plenum
907 1772 1000 1842 curis
1018 1770 1253 1864 pontificatum
1270 1793 1309 1842 es

236 1898 430 1987 amplexus
446 1915 592 1986 prorsus
606 1915 733 1985 magno
750 1893 865 1964 animo
877 1903 913 1964 et
923 1897 1072 1979 excelso,
1087 1894 1148 1988 qui
1162 1893 1309 1986 propriae

235 2019 343 2112 quieti
374 2028 409 2088 et
434 2017 897 2118 honestissimae'voluptati
927 2027 996 2090 tuae
1029 2017 1209 2090 utilitatem
1246 2041 1310 2111 pu-

236 2143 360 2214 blicam
383 2141 574 2237 praetulisti.
591 2141 772 2233 Proposito
794 2141 898 2234 igitur
917 2150 977 2214 tuo
994 2145 1159 2234 gratulor,
1173 2163 1311 2235 compa-

235 2268 373 2360 tiorque
394 2270 553 2349 sortunae,
573 2275 677 2359 atque
697 2264 781 2336 illud
801 2265 920 2336 hortor
944 2265 978 2334 in
1003 2263 1136 2359 primis,
1159 2274 1199 2335 ut
1217 2265 1310 2358 quod

234 2390 343 2462 invito
364 2392 478 2462 animo
496 2389 696 2480 suscepisti,
715 2390 891 2461 indefessa
908 2388 1100 2459 constantia
1120 2409 1310 2481 prosequa-

235 2513 298 2597 ris,
322 2512 464 2604 gloriam
482 2513 518 2582 in
536 2513 650 2596 terris,
671 2512 705 2582 in
722 2515 808 2584 ooelo
826 2520 942 2582 autem
959 2510 1134 2582 stabiliora
1146 2510 1308 2603 quaedam

235 2635 457 2729 praemiorum
471 2655 599 2724 genera
617 2633 815 2705 meriturus.
834 2635 917 2706 Haeo
936 2633 995 2704 tibi
1013 2633 1137 2728 raptim
1156 2632 1308 2704 scribere

234 2756 349 2828 visum
364 2767 428 2842 est,
442 2767 647 2850 expectante
661 2757 795 2842 nuncio,
809 2780 888 2829 oum
902 2758 996 2829 aliud
1012 2756 1107 2850 quod
1121 2756 1308 2828 scriberem

233 2903 302 2951 non
332 2881 514 2966 haberem,
549 2879 745 2973 praesertim
772 2890 810 2950 ut
830 2879 938 2951 scires
974 2880 1114 2951 ubinam
1138 2889 1306 2950 terrarum

234 3024 322 3073 sum.
344 3001 399 3075 Ad
419 3004 527 3097 ripam
548 3002 706 3074 Rhodani
726 3023 849 3074 rursus
872 3025 928 3074 me
948 3004 1111 3095 compulit
1128 3004 1219 3087 sois,
1242 3003 1307 3073 uti-

232 3147 324 3208 nam,
347 3136 531 3218 antequam
554 3135 646 3197 roter
663 3126 806 3212 iterum,
829 3137 862 3198 te
885 3123 1061 3198 visurum!
1087 3127 1137 3198 Tu
1155 3127 1237 3199 vive
1257 3128 1308 3197 le·
1350 3163 1355 3174 =

200 3349 203 3358 Ι
233 3246 354 3334 liciter,
376 3257 411 3318 et
431 3251 522 3334 vale,
542 3249 650 3319 nostri
669 3271 812 3320 memor.

374 3385 530 3464 Avenione,
546 3394 580 3449 X.
597 3393 659 3448 Kal.
674 3393 845 3450 Novembris.
