2958 4804
330 385 422 434 bucula
445 383 729 435 uucluusruurlus.
741 403 781 418 ·-·
793 335 945 435 Eb'lS'l'OLd
967 385 1007 434 lx.
1147 371 1206 434 253

122 522 279 608 actibus,
301 531 333 596 te
351 531 499 605 tacente,
514 523 637 606 fateor,
660 519 798 594 abunde
814 519 898 592 mihi
920 541 1125 622 responsum
1145 545 1210 618 pu·

123 655 208 717 tem.
231 645 304 717 Nec
323 645 416 716 enim
434 646 557 737 loquor
574 652 613 715 ιιι
629 653 664 715 te
681 643 726 716 ad
744 641 953 736 loquendum
975 641 1130 729 alliciam,
1149 643 1210 737 qui

124 777 309 840 oratorum
329 777 580 860 poetarumque
605 787 681 838 mos
706 777 773 852 est,
802 767 866 840 sed
891 776 930 838 ut
954 767 1067 858 igneae
1091 764 1210 837 virtuti

125 902 200 963 tuae
221 888 535 982 ardentissimoque
567 889 680 961 animo
714 889 871 962 flammas
901 889 1019 972 etiam,
1043 888 1073 958 si
1093 887 1211 958 afflatu

126 1035 209 1086 meo
235 1010 312 1084 lieri
332 1011 458 1106 possit,
481 1011 655 1084 adiiciam:
677 1012 828 1105 alioquin
849 1013 938 1084 male
960 1031 1015 1082 me
1043 1011 1088 1082 de
1109 1031 1210 1104 repu-

129 1136 220 1208 blica
242 1134 404 1206 meritum
421 1155 492 1206 nou
508 1133 660 1226 negabo,
684 1135 714 1206 si
735 1146 770 1206 te
790 1133 835 1207 ab
854 1132 1032 1206 altissimis
1048 1143 1084 1204 et
1101 1133 1211 1204 utilis-

131 1258 231 1332 simis
250 1256 342 1330 curis
363 1257 409 1330 ad
425 1256 503 1330 haec
522 1259 590 1329 tuis
611 1257 793 1330 humiliora
817 1254 1014 1330 detraxero.
1037 1255 1213 1328 Generosa

130 1381 273 1476 quidem
294 1380 420 1453 mentis
453 1379 595 1452 intentio
628 1378 814 1474 aliquando
843 1379 1028 1473 gloriosius
1050 1400 1212 1473 requam

134 1504 254 1578 verbis
273 1503 490 1597 exprimitur.
515 1503 648 1576 Morem
670 1503 775 1596 igitur
793 1513 890 1576 tuum
912 1521 1027 1586 serva,
1049 1501 1214 1594 quodque

134 1627 251 1700 animo
267 1626 438 1718 cogitasti,
457 1626 555 1698 lactis
571 1629 749 1719 eloquere,
765 1647 926 1722 sequens,
948 1633 985 1696 ut
1001 1623 1035 1694 in
1056 1624 1211 1717 reliquis,

135 1751 170 1821 in
192 1752 259 1823 boc
280 1771 420 1844 quoque
440 1749 673 1822 Romanorum
691 1751 823 1844 priscos
845 1771 973 1834 mores,
996 1745 1089 1844 apud
1108 1768 1213 1842 quos,

137 1882 174 1945 ut
193 1873 242 1946 ait
267 1873 339 1956 ille,
360 1871 514 1965 optimus
539 1871 688 1965 quisque
708 1874 821 1944 lacere
840 1893 946 1965 quam
967 1869 1083 1944 dicere
1108 1872 1216 1942 male·
1279 1919 1281 1922 -

138 1995 205 2068 bat.
226 1994 396 2079 Quamvis
417 1994 509 2089 apud
530 2015 591 2066 eos
617 1995 712 2088 ipsos
733 1994 889 2088 plerique
910 1993 1143 2066 actuosissimi
1170 1995 1218 2065 si·

140 2119 209 2190 mul
222 2139 263 2189 ιο
278 2116 498 2191 disertissimi
516 2117 706 2199 evaserint3
725 2117 818 2189 uude
834 2126 890 2187 est
907 2125 952 2200 ut,
971 2115 1065 2209 quod
1085 2116 1215 2187 Statius

139 2239 299 2334 Papinius
325 2238 518 2311 Domitiano
542 2238 687 2333 principi
713 2237 898 2321 blanditur,
918 2259 1041 2310 verum
1063 2237 1109 2308 sit
1128 2257 1219 2330 prae·

139 2363 275 2435 conium
293 2365 498 2446 multorum,
523 2371 561 2433 ut
581 2360 712 2435 scilicet
731 2361 859 2434 ducum
877 2383 918 2433 ιο
936 2369 1053 2434 vatum
1075 2361 1217 2433 frondes

140 2485 173 2558 in
191 2508 260 2558 una
277 2487 389 2557 fronte
409 2483 606 2570 videamus,
626 2484 785 2579 interque
804 2484 993 2557 dictaturas
1014 2485 1217 2557 consulatus

141 2617 175 2680 et
192 2608 336 2704 imperia
355 2608 553 2680 habitantes
574 2610 706 2696 Musas,
728 2617 764 2679 et
783 2608 873 2680 inter
890 2608 1082 2680 litterarum
1104 2606 1218 2679 studia

142 2731 301 2804 victrices
337 2734 473 2804 laureas
506 2731 683 2804 miremur.
717 2731 752 2802 Si
781 2731 922 2824 quando
942 2730 1047 2823 igilur
1066 2751 1217 2802 vacuum

142 2863 277 2950 tempus
294 2853 470 2947 obtigerit,
486 2863 536 2938 ut,
552 2854 645 2947 quod
663 2877 754 2927 nunc
770 2853 891 2939 fecisti,
906 2852 1067 2946 gloriosis
1083 2849 1218 2923 actibus

141 2977 236 3070 paria
256 2976 366 3049 verba
386 2977 612 3074 permisceas,
640 2976 822 3071 utriusque
843 2976 1015 3050 Caesareae
1032 2974 1145 3048 laudis
1163 2995 1220 3046 or-

142 3107 305 3170 namenta
315 3099 520 3185 mereberis;
538 3110 585 3185 ut,
606 3099 694 3173 sicut
710 3099 817 3172 animi
833 3099 957 3172 robore
971 3098 1222 3194 prestantissi-

142 3241 236 3292 mum
259 3231 293 3292 le
314 3221 491 3308 novimus
514 3222 564 3295 sic
586 3245 654 3295 non
678 3222 783 3294 modo
800 3222 992 3294 militariter
1016 3221 1219 3306 facundum,

67 3391 73 3402 ι
144 3341 206 3414 sed
237 3343 344 3415 etiarn
377 3343 598 3417 artificiosius
630 3347 864 3439 eloquentem,
900 3344 1042 3437 insuper
1077 3352 1113 3415 et
1151 3343 1223 3438 pri-

143 3479 223 3540 vata
248 3469 343 3562 loqui
374 3468 522 3543 docilem
552 3490 794 3564 agnoscamus.
821 3468 852 3540 Α
876 3465 1103 3560 scriptoribus
1128 3465 1219 3536 enim

144 3612 259 3662 rerum
282 3599 467 3685 utrumque
491 3593 576 3664 lulio
603 3591 734 3665 Caesari
755 3613 858 3664 suum
891 3611 932 3662 ιο
962 3588 1133 3683 peculiare
1161 3590 1221 3660 tri-

144 3712 277 3787 buitur:
295 3724 331 3786 et
343 3715 423 3788 licet
442 3716 517 3812 ipse
535 3738 604 3788 non
621 3716 670 3788 sis
685 3716 815 3799 Caesar,
835 3712 914 3805 quis
930 3720 1047 3783 tamen
1065 3707 1223 3803 prohibet

145 3837 343 3911 Caesareum
360 3839 512 3911 animum
530 3839 675 3924 babere,
691 3841 870 3911 Caesareos
883 3857 1013 3922 mores,
1027 3836 1219 3907 Caesaream

145 3958 351 4035 industriam
379 3962 528 4036 imitari?
556 3962 726 4058 Equidem
754 3982 843 4055 quas
871 3968 909 4031 tu
941 3958 1026 4030 mihi
1051 3979 1115 4053 pro
1134 3957 1221 4029 aridi

145 4083 319 4179 ieiuniquo
333 4085 502 4158 sermonis
516 4085 628 4182 inopia
641 4085 758 4178 egisti,
773 4093 904 4179 quanto
920 4105 986 4177 ego
1004 4082 1064 4154 tibi
1081 4080 1220 4175 dignius

145 4227 205 4300 pro
225 4209 398 4301 locuplete
414 4208 562 4302 epistola
582 4219 700 4302 grates
717 4231 832 4303 agam,
854 4229 987 4306 proque
1003 4229 1046 4281 eo
1067 4207 1223 4280 nomina-
