<?xml version="1.0" encoding="UTF-8"?>
<!DOCTYPE html PUBLIC "-//W3C//DTD XHTML 1.0 Transitional//EN"
    "http://www.w3.org/TR/xhtml1/DTD/xhtml1-transitional.dtd">
<html xmlns="http://www.w3.org/1999/xhtml" xml:lang="en" lang="en">
 <head>
  <title>
</title>
<meta http-equiv="Content-Type" content="text/html;charset=utf-8" />
  <meta name='ocr-system' content='tesseract 3.04.00' />
  <meta name='ocr-capabilities' content='ocr_page ocr_carea ocr_par ocr_line ocrx_word'/>
</head>
<body>
  <div class='ocr_page' id='page_1' title='image "./franciscipetrar01fracgoog_0407.png"; bbox 0 0 3062 4798; ppageno 0'>
   <div class='ocr_carea' id='block_1_1' title="bbox 280 191 288 228">
    <p class='ocr_par' dir='ltr' id='par_1_1' title="bbox 280 191 288 228">
     <span class='ocr_line' id='line_1_1' title="bbox 280 191 288 228; baseline 0 0"><span class='ocrx_word' id='word_1_1' title='bbox 280 191 288 228; x_wconf 85' lang='lat' dir='ltr'><strong>l</strong></span> 
     </span>
    </p>
   </div>
   <div class='ocr_carea' id='block_1_2' title="bbox 266 332 1009 395">
    <p class='ocr_par' dir='ltr' id='par_1_2' title="bbox 266 332 1009 395">
     <span class='ocr_line' id='line_1_2' title="bbox 266 332 1009 395; baseline 0.003 -3"><span class='ocrx_word' id='word_1_2' title='bbox 266 332 324 392; x_wconf 79' lang='lat' dir='ltr'><strong>ooo</strong></span> <span class='ocrx_word' id='word_1_3' title='bbox 600 344 641 392; x_wconf 83' lang='lat' dir='ltr'><strong>nu</strong></span> <span class='ocrx_word' id='word_1_4' title='bbox 663 345 764 395; x_wconf 82' lang='lat' dir='ltr'><strong>nunus</strong></span> <span class='ocrx_word' id='word_1_5' title='bbox 785 345 1009 395; x_wconf 72' lang='lat' dir='ltr'><strong>annuutiamus</strong></span> 
     </span>
    </p>
   </div>
   <div class='ocr_carea' id='block_1_3' title="bbox 220 479 1345 2538">
    <p class='ocr_par' dir='ltr' id='par_1_3' title="bbox 220 479 1345 2538">
     <span class='ocr_line' id='line_1_3' title="bbox 261 479 1343 574; baseline 0.006 -26"><span class='ocrx_word' id='word_1_6' title='bbox 261 479 475 571; x_wconf 80' lang='lat' dir='ltr'>provehatur</span> <span class='ocrx_word' id='word_1_7' title='bbox 496 479 704 574; x_wconf 89' lang='lat' dir='ltr'><strong>occurrere),</strong></span> <span class='ocrx_word' id='word_1_8' title='bbox 733 481 844 574; x_wconf 86' lang='lat' dir='ltr'>ipsam</span> <span class='ocrx_word' id='word_1_9' title='bbox 870 501 955 572; x_wconf 81' lang='lat' dir='ltr'><strong>ergo</strong></span> <span class='ocrx_word' id='word_1_10' title='bbox 976 501 1081 572; x_wconf 93' lang='lat' dir='ltr'><strong>quam</strong></span> <span class='ocrx_word' id='word_1_11' title='bbox 1103 480 1191 573; x_wconf 81' lang='lat' dir='ltr'><strong>legis</strong></span> <span class='ocrx_word' id='word_1_12' title='bbox 1211 482 1343 574; x_wconf 52' lang='lat' dir='ltr'><strong>episto*</strong></span> 
     </span>
     <span class='ocr_line' id='line_1_4' title="bbox 261 601 1343 698; baseline 0.004 -26"><span class='ocrx_word' id='word_1_13' title='bbox 261 605 328 674; x_wconf 92' lang='lat' dir='ltr'><strong>lam</strong></span> <span class='ocrx_word' id='word_1_14' title='bbox 351 604 408 674; x_wconf 89' lang='lat' dir='ltr'><strong>vel</strong></span> <span class='ocrx_word' id='word_1_15' title='bbox 428 603 551 695; x_wconf 76' lang='lat' dir='ltr'><strong>legisti,</strong></span> <span class='ocrx_word' id='word_1_16' title='bbox 572 604 605 672; x_wconf 93' lang='lat' dir='ltr'><strong>in</strong></span> <span class='ocrx_word' id='word_1_17' title='bbox 627 603 684 674; x_wconf 92' lang='lat' dir='ltr'><strong>illa</strong></span> <span class='ocrx_word' id='word_1_18' title='bbox 704 601 932 674; x_wconf 87' lang='lat' dir='ltr'><strong>devotissima</strong></span> <span class='ocrx_word' id='word_1_19' title='bbox 953 623 1070 675; x_wconf 91' lang='lat' dir='ltr'><strong>eremo</strong></span> <span class='ocrx_word' id='word_1_20' title='bbox 1089 613 1291 698; x_wconf 76' lang='lat' dir='ltr'><strong>conceptam</strong></span> <span class='ocrx_word' id='word_1_21' title='bbox 1308 615 1343 676; x_wconf 87' lang='lat' dir='ltr'><strong>et</strong></span> 
     </span>
     <span class='ocr_line' id='line_1_5' title="bbox 261 725 1341 828; baseline 0.005 -33"><span class='ocrx_word' id='word_1_22' title='bbox 261 736 340 817; x_wconf 91' lang='lat' dir='ltr'><strong>post</strong></span> <span class='ocrx_word' id='word_1_23' title='bbox 358 725 434 797; x_wconf 90' lang='lat' dir='ltr'><strong>dies</strong></span> <span class='ocrx_word' id='word_1_24' title='bbox 456 747 585 818; x_wconf 91' lang='lat' dir='ltr'><strong>paucos</strong></span> <span class='ocrx_word' id='word_1_25' title='bbox 607 725 642 795; x_wconf 94' lang='lat' dir='ltr'><strong>in</strong></span> <span class='ocrx_word' id='word_1_26' title='bbox 665 725 826 828; x_wconf 86' lang='lat' dir='ltr'><strong>Helicone</strong></span> <span class='ocrx_word' id='word_1_27' title='bbox 842 735 962 796; x_wconf 87' lang='lat' dir='ltr'><strong>nostro</strong></span> <span class='ocrx_word' id='word_1_28' title='bbox 983 725 1088 796; x_wconf 80' lang='lat' dir='ltr'><strong>scribi</strong></span> <span class='ocrx_word' id='word_1_29' title='bbox 1105 736 1255 822; x_wconf 88' lang='lat' dir='ltr'><strong>coeptam</strong></span> <span class='ocrx_word' id='word_1_30' title='bbox 1277 725 1341 801; x_wconf 92' lang='lat' dir='ltr'><strong>hoc</strong></span> 
     </span>
     <span class='ocr_line' id='line_1_6' title="bbox 240 847 1341 946; baseline 0.008 -31"><span class='ocrx_word' id='word_1_31' title='bbox 240 865 243 868; x_wconf 86' lang='lat'>·</span> <span class='ocrx_word' id='word_1_32' title='bbox 261 847 338 940; x_wconf 92' lang='lat' dir='ltr'><strong>ipso</strong></span> <span class='ocrx_word' id='word_1_33' title='bbox 357 848 430 934; x_wconf 83' lang='lat' dir='ltr'><strong>die,</strong></span> <span class='ocrx_word' id='word_1_34' title='bbox 453 848 504 920; x_wconf 94' lang='lat' dir='ltr'><strong>sic</strong></span> <span class='ocrx_word' id='word_1_35' title='bbox 523 849 631 942; x_wconf 82' lang='lat' dir='ltr'>quieti</span> <span class='ocrx_word' id='word_1_36' title='bbox 655 851 792 922; x_wconf 79' lang='lat' dir='ltr'><strong>fortuna</strong></span> <span class='ocrx_word' id='word_1_37' title='bbox 812 849 965 933; x_wconf 89' lang='lat' dir='ltr'><strong>invidet,</strong></span> <span class='ocrx_word' id='word_1_38' title='bbox 992 849 1028 918; x_wconf 92' lang='lat' dir='ltr'><strong>in</strong></span> <span class='ocrx_word' id='word_1_39' title='bbox 1050 849 1230 946; x_wconf 79' lang='lat' dir='ltr'>Babylone</span> <span class='ocrx_word' id='word_1_40' title='bbox 1248 874 1341 924; x_wconf 90' lang='lat' dir='ltr'><strong>com·</strong></span> 
     </span>
     <span class='ocr_line' id='line_1_7' title="bbox 261 970 1339 1064; baseline 0.004 -24"><span class='ocrx_word' id='word_1_41' title='bbox 261 970 362 1064; x_wconf 84' lang='lat' dir='ltr'><strong>plevi,</strong></span> <span class='ocrx_word' id='word_1_42' title='bbox 384 993 454 1063; x_wconf 93' lang='lat' dir='ltr'><strong>quo</strong></span> <span class='ocrx_word' id='word_1_43' title='bbox 474 971 603 1043; x_wconf 92' lang='lat' dir='ltr'><strong>nudius</strong></span> <span class='ocrx_word' id='word_1_44' title='bbox 625 971 746 1043; x_wconf 85' lang='lat' dir='ltr'><strong>tertius</strong></span> <span class='ocrx_word' id='word_1_45' title='bbox 776 971 871 1057; x_wconf 87' lang='lat' dir='ltr'><strong>redii,</strong></span> <span class='ocrx_word' id='word_1_46' title='bbox 900 980 939 1042; x_wconf 90' lang='lat' dir='ltr'><strong>ut</strong></span> <span class='ocrx_word' id='word_1_47' title='bbox 966 971 1174 1044; x_wconf 88' lang='lat' dir='ltr'><strong>irrediturus</strong></span> <span class='ocrx_word' id='word_1_48' title='bbox 1204 974 1339 1045; x_wconf 88' lang='lat' dir='ltr'><strong>abeam.</strong></span> 
     </span>
     <span class='ocr_line' id='line_1_8' title="bbox 260 1094 1341 1186; baseline 0.001 -20"><span class='ocrx_word' id='word_1_49' title='bbox 260 1096 458 1167; x_wconf 77' lang='lat' dir='ltr'><strong>praemissis</strong></span> <span class='ocrx_word' id='word_1_50' title='bbox 479 1095 571 1165; x_wconf 90' lang='lat' dir='ltr'><strong>enim</strong></span> <span class='ocrx_word' id='word_1_51' title='bbox 595 1116 718 1165; x_wconf 91' lang='lat' dir='ltr'><strong>rursus</strong></span> <span class='ocrx_word' id='word_1_52' title='bbox 741 1096 774 1164; x_wconf 94' lang='lat' dir='ltr'><strong>in</strong></span> <span class='ocrx_word' id='word_1_53' title='bbox 797 1094 929 1166; x_wconf 90' lang='lat' dir='ltr'><strong>ltaliam</strong></span> <span class='ocrx_word' id='word_1_54' title='bbox 950 1096 1232 1186; x_wconf 73' lang='lat' dir='ltr'><strong>exploratoribus</strong></span> <span class='ocrx_word' id='word_1_55' title='bbox 1254 1119 1341 1167; x_wconf 89' lang='lat' dir='ltr'><strong>nun-</strong></span> 
     </span>
     <span class='ocr_line' id='line_1_9' title="bbox 262 1195 1338 1312; baseline 0 -24"><span class='ocrx_word' id='word_1_56' title='bbox 262 1219 317 1290; x_wconf 92' lang='lat' dir='ltr'><strong>tiis</strong></span> <span class='ocrx_word' id='word_1_57' title='bbox 343 1219 456 1302; x_wconf 89' lang='lat' dir='ltr'><strong>venio,</strong></span> <span class='ocrx_word' id='word_1_58' title='bbox 487 1217 553 1288; x_wconf 89' lang='lat' dir='ltr'><strong>etsi</strong></span> <span class='ocrx_word' id='word_1_59' title='bbox 583 1195 644 1286; x_wconf 82' lang='lat' dir='ltr'><strong>nil¹</strong></span> <span class='ocrx_word' id='word_1_60' title='bbox 664 1229 812 1311; x_wconf 80' lang='lat' dir='ltr'>usquam</span> <span class='ocrx_word' id='word_1_61' title='bbox 839 1227 975 1290; x_wconf 89' lang='lat' dir='ltr'><strong>constet</strong></span> <span class='ocrx_word' id='word_1_62' title='bbox 1004 1240 1085 1289; x_wconf 92' lang='lat' dir='ltr'><strong>esse</strong></span> <span class='ocrx_word' id='word_1_63' title='bbox 1107 1219 1338 1312; x_wconf 89' lang='lat' dir='ltr'><strong>tranquillum,</strong></span> 
     </span>
     <span class='ocr_line' id='line_1_10' title="bbox 261 1337 1340 1437; baseline -0.002 -24"><span class='ocrx_word' id='word_1_64' title='bbox 261 1341 411 1434; x_wconf 88' lang='lat' dir='ltr'>aliquam</span> <span class='ocrx_word' id='word_1_65' title='bbox 435 1350 548 1411; x_wconf 90' lang='lat' dir='ltr'><strong>tamen</strong></span> <span class='ocrx_word' id='word_1_66' title='bbox 569 1337 656 1411; x_wconf 88' lang='lat' dir='ltr'><strong>fisus</strong></span> <span class='ocrx_word' id='word_1_67' title='bbox 677 1341 787 1412; x_wconf 89' lang='lat' dir='ltr'><strong>votivi</strong></span> <span class='ocrx_word' id='word_1_68' title='bbox 806 1350 929 1437; x_wconf 90' lang='lat' dir='ltr'><strong>portus</strong></span> <span class='ocrx_word' id='word_1_69' title='bbox 946 1341 1096 1433; x_wconf 80' lang='lat' dir='ltr'><strong>effigiem</strong></span> <span class='ocrx_word' id='word_1_70' title='bbox 1114 1363 1183 1412; x_wconf 91' lang='lat' dir='ltr'><strong>non</strong></span> <span class='ocrx_word' id='word_1_71' title='bbox 1204 1341 1340 1414; x_wconf 87' lang='lat' dir='ltr'><strong>deesse.</strong></span> 
     </span>
     <span class='ocr_line' id='line_1_11' title="bbox 259 1463 1341 1558; baseline -0.002 -22"><span class='ocrx_word' id='word_1_72' title='bbox 259 1464 437 1558; x_wconf 89' lang='lat' dir='ltr'><strong>Quidquid</strong></span> <span class='ocrx_word' id='word_1_73' title='bbox 457 1465 524 1535; x_wconf 90' lang='lat' dir='ltr'><strong>erit</strong></span> <span class='ocrx_word' id='word_1_74' title='bbox 549 1465 669 1548; x_wconf 88' lang='lat' dir='ltr'><strong>leram,</strong></span> <span class='ocrx_word' id='word_1_75' title='bbox 692 1463 776 1535; x_wconf 94' lang='lat' dir='ltr'><strong>dum</strong></span> <span class='ocrx_word' id='word_1_76' title='bbox 799 1464 990 1536; x_wconf 82' lang='lat' dir='ltr'><strong>meminero</strong></span> <span class='ocrx_word' id='word_1_77' title='bbox 1011 1474 1082 1534; x_wconf 89' lang='lat' dir='ltr'><strong>toto</strong></span> <span class='ocrx_word' id='word_1_78' title='bbox 1103 1463 1188 1536; x_wconf 92' lang='lat' dir='ltr'><strong>orbe</strong></span> <span class='ocrx_word' id='word_1_79' title='bbox 1209 1465 1255 1534; x_wconf 92' lang='lat' dir='ltr'><strong>nil</strong></span> <span class='ocrx_word' id='word_1_80' title='bbox 1276 1464 1341 1534; x_wconf 82' lang='lat' dir='ltr'><strong>Ba·</strong></span> 
     </span>
     <span class='ocr_line' id='line_1_12' title="bbox 261 1585 1341 1684; baseline -0.002 -26"><span class='ocrx_word' id='word_1_81' title='bbox 261 1587 388 1684; x_wconf 80' lang='lat' dir='ltr'><strong>bylone</strong></span> <span class='ocrx_word' id='word_1_82' title='bbox 409 1586 590 1670; x_wconf 91' lang='lat' dir='ltr'><strong>turbidius,</strong></span> <span class='ocrx_word' id='word_1_83' title='bbox 612 1588 656 1656; x_wconf 95' lang='lat' dir='ltr'><strong>nil</strong></span> <span class='ocrx_word' id='word_1_84' title='bbox 675 1586 785 1680; x_wconf 89' lang='lat' dir='ltr'><strong>peius;</strong></span> <span class='ocrx_word' id='word_1_85' title='bbox 803 1587 903 1657; x_wconf 93' lang='lat' dir='ltr'><strong>cuius</strong></span> <span class='ocrx_word' id='word_1_86' title='bbox 920 1607 962 1658; x_wconf 90' lang='lat' dir='ltr'><strong>ea</strong></span> <span class='ocrx_word' id='word_1_87' title='bbox 979 1587 1209 1681; x_wconf 87' lang='lat' dir='ltr'><strong>procellarum</strong></span> <span class='ocrx_word' id='word_1_88' title='bbox 1227 1585 1341 1657; x_wconf 87' lang='lat' dir='ltr'><strong>rabies</strong></span> 
     </span>
     <span class='ocr_line' id='line_1_13' title="bbox 220 1707 1343 1804; baseline 0 -24"><span class='ocrx_word' id='word_1_89' title='bbox 220 1709 226 1732; x_wconf 88' lang='lat'><em>&#39;</em></span> <span class='ocrx_word' id='word_1_90' title='bbox 260 1717 323 1793; x_wconf 90' lang='lat' dir='ltr'><strong>est,</strong></span> <span class='ocrx_word' id='word_1_91' title='bbox 348 1720 384 1779; x_wconf 93' lang='lat' dir='ltr'><strong>ut</strong></span> <span class='ocrx_word' id='word_1_92' title='bbox 404 1709 487 1778; x_wconf 92' lang='lat' dir='ltr'><strong>nihil</strong></span> <span class='ocrx_word' id='word_1_93' title='bbox 510 1708 720 1792; x_wconf 88' lang='lat' dir='ltr'><strong>incircuitu,</strong></span> <span class='ocrx_word' id='word_1_94' title='bbox 742 1730 783 1779; x_wconf 90' lang='lat' dir='ltr'><strong>ne</strong></span> <span class='ocrx_word' id='word_1_95' title='bbox 804 1709 968 1780; x_wconf 89' lang='lat' dir='ltr'><strong>Helicona</strong></span> <span class='ocrx_word' id='word_1_96' title='bbox 988 1708 1129 1803; x_wconf 92' lang='lat' dir='ltr'><strong>quidem</strong></span> <span class='ocrx_word' id='word_1_97' title='bbox 1151 1707 1265 1802; x_wconf 91' lang='lat' dir='ltr'><strong>ipsum</strong></span> <span class='ocrx_word' id='word_1_98' title='bbox 1284 1729 1343 1804; x_wconf 86' lang='lat' dir='ltr'><strong>pa·</strong></span> 
     </span>
     <span class='ocr_line' id='line_1_14' title="bbox 261 1829 1341 1922; baseline -0.003 -20"><span class='ocrx_word' id='word_1_99' title='bbox 261 1843 373 1902; x_wconf 92' lang='lat' dir='ltr'><strong>catum</strong></span> <span class='ocrx_word' id='word_1_100' title='bbox 398 1830 509 1900; x_wconf 85' lang='lat' dir='ltr'><strong>sinat:</strong></span> <span class='ocrx_word' id='word_1_101' title='bbox 531 1829 609 1900; x_wconf 84' lang='lat' dir='ltr'><strong>haec</strong></span> <span class='ocrx_word' id='word_1_102' title='bbox 630 1830 771 1922; x_wconf 93' lang='lat' dir='ltr'><strong>inquam</strong></span> <span class='ocrx_word' id='word_1_103' title='bbox 786 1853 993 1917; x_wconf 73' lang='lat' dir='ltr'><strong>memorans</strong></span> <span class='ocrx_word' id='word_1_104' title='bbox 1010 1831 1113 1902; x_wconf 91' lang='lat' dir='ltr'><strong>modo</strong></span> <span class='ocrx_word' id='word_1_105' title='bbox 1127 1830 1208 1902; x_wconf 92' lang='lat' dir='ltr'><strong>binc</strong></span> <span class='ocrx_word' id='word_1_106' title='bbox 1219 1830 1341 1914; x_wconf 90' lang='lat' dir='ltr'><strong>absim,</strong></span> 
     </span>
     <span class='ocr_line' id='line_1_15' title="bbox 260 1951 1343 2048; baseline 0.001 -24"><span class='ocrx_word' id='word_1_107' title='bbox 260 1973 481 2046; x_wconf 90' lang='lat' dir='ltr'><strong>quocumque</strong></span> <span class='ocrx_word' id='word_1_108' title='bbox 500 1962 606 2046; x_wconf 89' lang='lat' dir='ltr'><strong>caput</strong></span> <span class='ocrx_word' id='word_1_109' title='bbox 626 1951 692 2023; x_wconf 92' lang='lat' dir='ltr'><strong>boc</strong></span> <span class='ocrx_word' id='word_1_110' title='bbox 713 1972 790 2024; x_wconf 91' lang='lat' dir='ltr'><strong>sors</strong></span> <span class='ocrx_word' id='word_1_111' title='bbox 811 1954 1000 2048; x_wconf 91' lang='lat' dir='ltr'><strong>imperiosa</strong></span> <span class='ocrx_word' id='word_1_112' title='bbox 1019 1953 1196 2039; x_wconf 76' lang='lat' dir='ltr'><strong>rotaverit,</strong></span> <span class='ocrx_word' id='word_1_113' title='bbox 1210 1977 1271 2042; x_wconf 60' lang='lat' dir='ltr'><strong>‚me</strong></span> <span class='ocrx_word' id='word_1_114' title='bbox 1288 1975 1343 2025; x_wconf 89' lang='lat' dir='ltr'><strong>so-</strong></span> 
     </span>
     <span class='ocr_line' id='line_1_16' title="bbox 261 2075 1344 2159; baseline -0.001 -12"><span class='ocrx_word' id='word_1_115' title='bbox 261 2076 368 2148; x_wconf 91' lang='lat' dir='ltr'><strong>labor.</strong></span> <span class='ocrx_word' id='word_1_116' title='bbox 391 2075 482 2159; x_wconf 86' lang='lat' dir='ltr'><strong>Quid</strong></span> <span class='ocrx_word' id='word_1_117' title='bbox 500 2078 638 2148; x_wconf 81' lang='lat' dir='ltr'><strong>autem?</strong></span> <span class='ocrx_word' id='word_1_118' title='bbox 655 2075 843 2148; x_wconf 84' lang='lat' dir='ltr'><strong>Fortunam</strong></span> <span class='ocrx_word' id='word_1_119' title='bbox 860 2077 985 2148; x_wconf 91' lang='lat' dir='ltr'><strong>ueloci</strong></span> <span class='ocrx_word' id='word_1_120' title='bbox 1003 2086 1171 2148; x_wconf 89' lang='lat' dir='ltr'><strong>mutatam</strong></span> <span class='ocrx_word' id='word_1_121' title='bbox 1194 2075 1283 2148; x_wconf 89' lang='lat' dir='ltr'><strong>reris</strong></span> <span class='ocrx_word' id='word_1_122' title='bbox 1300 2099 1344 2148; x_wconf 86' lang='lat' dir='ltr'><strong>an</strong></span> 
     </span>
     <span class='ocr_line' id='line_1_17' title="bbox 261 2198 1345 2294; baseline 0.001 -23"><span class='ocrx_word' id='word_1_123' title='bbox 261 2205 441 2273; x_wconf 81' lang='lat' dir='ltr'><strong>nostram?</strong></span> <span class='ocrx_word' id='word_1_124' title='bbox 466 2221 641 2294; x_wconf 90' lang='lat' dir='ltr'><strong>nunquam</strong></span> <span class='ocrx_word' id='word_1_125' title='bbox 671 2221 727 2270; x_wconf 90' lang='lat' dir='ltr'><strong>me</strong></span> <span class='ocrx_word' id='word_1_126' title='bbox 760 2199 816 2272; x_wconf 90' lang='lat' dir='ltr'><strong>hic</strong></span> <span class='ocrx_word' id='word_1_127' title='bbox 846 2203 947 2272; x_wconf 81' lang='lat' dir='ltr'><strong>laetus</strong></span> <span class='ocrx_word' id='word_1_128' title='bbox 979 2221 1101 2271; x_wconf 91' lang='lat' dir='ltr'><strong>rumor</strong></span> <span class='ocrx_word' id='word_1_129' title='bbox 1123 2198 1257 2272; x_wconf 85' lang='lat' dir='ltr'><strong>invenit</strong></span> <span class='ocrx_word' id='word_1_130' title='bbox 1281 2221 1345 2272; x_wconf 91' lang='lat' dir='ltr'><strong>nec</strong></span> 
     </span>
     <span class='ocr_line' id='line_1_18' title="bbox 262 2317 1344 2424; baseline -0.003 -27"><span class='ocrx_word' id='word_1_131' title='bbox 262 2326 363 2397; x_wconf 84' lang='lat' dir='ltr'><strong>saciet</strong></span> <span class='ocrx_word' id='word_1_132' title='bbox 388 2323 542 2424; x_wconf 89' lang='lat' dir='ltr'><strong>quidem.</strong></span> <span class='ocrx_word' id='word_1_133' title='bbox 569 2317 757 2394; x_wconf 71' lang='lat' dir='ltr'><strong>confestim</strong></span> <span class='ocrx_word' id='word_1_134' title='bbox 784 2323 889 2414; x_wconf 85' lang='lat' dir='ltr'><strong>igitur</strong></span> <span class='ocrx_word' id='word_1_135' title='bbox 915 2333 954 2394; x_wconf 94' lang='lat' dir='ltr'><strong>ut</strong></span> <span class='ocrx_word' id='word_1_136' title='bbox 980 2323 1047 2394; x_wconf 92' lang='lat' dir='ltr'><strong>boc</strong></span> <span class='ocrx_word' id='word_1_137' title='bbox 1077 2322 1205 2394; x_wconf 78' lang='lat' dir='ltr'><strong>infame</strong></span> <span class='ocrx_word' id='word_1_138' title='bbox 1239 2321 1344 2394; x_wconf 85' lang='lat' dir='ltr'><strong>limen</strong></span> 
     </span>
     <span class='ocr_line' id='line_1_19' title="bbox 262 2444 1343 2538; baseline -0.002 -20"><span class='ocrx_word' id='word_1_139' title='bbox 262 2447 369 2538; x_wconf 82' lang='lat' dir='ltr'><strong>attigi,</strong></span> <span class='ocrx_word' id='word_1_140' title='bbox 388 2447 527 2537; x_wconf 83' lang='lat' dir='ltr'><strong>gemino</strong></span> <span class='ocrx_word' id='word_1_141' title='bbox 545 2445 648 2516; x_wconf 93' lang='lat' dir='ltr'><strong>simul</strong></span> <span class='ocrx_word' id='word_1_142' title='bbox 667 2445 739 2517; x_wconf 91' lang='lat' dir='ltr'><strong>acri</strong></span> <span class='ocrx_word' id='word_1_143' title='bbox 758 2445 878 2516; x_wconf 89' lang='lat' dir='ltr'><strong>nuntio</strong></span> <span class='ocrx_word' id='word_1_144' title='bbox 891 2465 1090 2538; x_wconf 89' lang='lat' dir='ltr'><strong>percussus,</strong></span> <span class='ocrx_word' id='word_1_145' title='bbox 1107 2444 1212 2517; x_wconf 92' lang='lat' dir='ltr'><strong>didici</strong></span> <span class='ocrx_word' id='word_1_146' title='bbox 1224 2467 1343 2517; x_wconf 90' lang='lat' dir='ltr'><strong>casum</strong></span> 
     </span>
    </p>
   </div>
   <div class='ocr_carea' id='block_1_4' title="bbox 144 2563 1344 2662">
    <p class='ocr_par' dir='ltr' id='par_1_4' title="bbox 144 2563 1344 2662">
     <span class='ocr_line' id='line_1_20' title="bbox 144 2563 1344 2662; baseline -0.001 -23"><span class='ocrx_word' id='word_1_147' title='bbox 144 2579 145 2583; x_wconf 75' lang='grc'>’</span> <span class='ocrx_word' id='word_1_148' title='bbox 256 2563 426 2653; x_wconf 77' lang='lat' dir='ltr'><strong>tuomet</strong></span> <span class='ocrx_word' id='word_1_149' title='bbox 449 2569 540 2640; x_wconf 88' lang='lat' dir='ltr'><strong>illius</strong></span> <span class='ocrx_word' id='word_1_150' title='bbox 566 2568 631 2639; x_wconf 87' lang='lat' dir='ltr'><strong>viri</strong></span> <span class='ocrx_word' id='word_1_151' title='bbox 658 2567 776 2662; x_wconf 87' lang='lat' dir='ltr'><strong>optimi</strong></span> <span class='ocrx_word' id='word_1_152' title='bbox 802 2568 980 2640; x_wconf 88' lang='lat' dir='ltr'><strong>iacturam.</strong></span> <span class='ocrx_word' id='word_1_153' title='bbox 1008 2568 1119 2640; x_wconf 87' lang='lat' dir='ltr'><strong>Video</strong></span> <span class='ocrx_word' id='word_1_154' title='bbox 1145 2569 1231 2661; x_wconf 88' lang='lat' dir='ltr'><strong>quid</strong></span> <span class='ocrx_word' id='word_1_155' title='bbox 1265 2569 1344 2639; x_wconf 87' lang='lat' dir='ltr'><strong>huic</strong></span> 
     </span>
    </p>
   </div>
   <div class='ocr_carea' id='block_1_5' title="bbox 260 2690 1345 4127">
    <p class='ocr_par' dir='ltr' id='par_1_5' title="bbox 260 2690 1345 4127">
     <span class='ocr_line' id='line_1_21' title="bbox 261 2690 1345 2794; baseline -0.006 -30"><span class='ocrx_word' id='word_1_156' title='bbox 261 2693 393 2764; x_wconf 90' lang='lat' dir='ltr'><strong>calamo</strong></span> <span class='ocrx_word' id='word_1_157' title='bbox 406 2690 561 2794; x_wconf 85' lang='lat' dir='ltr'><strong>debitum</strong></span> <span class='ocrx_word' id='word_1_158' title='bbox 577 2717 584 2760; x_wconf 92' lang='lat'>:</span> <span class='ocrx_word' id='word_1_159' title='bbox 600 2691 664 2761; x_wconf 89' lang='lat' dir='ltr'><strong>sed</strong></span> <span class='ocrx_word' id='word_1_160' title='bbox 680 2691 925 2785; x_wconf 87' lang='lat' dir='ltr'><strong>occupationes</strong></span> <span class='ocrx_word' id='word_1_161' title='bbox 942 2690 1103 2774; x_wconf 88' lang='lat' dir='ltr'><strong>officiunt,</strong></span> <span class='ocrx_word' id='word_1_162' title='bbox 1125 2691 1237 2773; x_wconf 86' lang='lat' dir='ltr'><strong>locus,</strong></span> <span class='ocrx_word' id='word_1_163' title='bbox 1257 2700 1345 2760; x_wconf 88' lang='lat' dir='ltr'><strong>tem-</strong></span> 
     </span>
     <span class='ocr_line' id='line_1_22' title="bbox 263 2811 1341 2907; baseline -0.004 -22"><span class='ocrx_word' id='word_1_164' title='bbox 263 2835 338 2907; x_wconf 78' lang='lat' dir='ltr'><strong>pus</strong></span> <span class='ocrx_word' id='word_1_165' title='bbox 353 2814 526 2906; x_wconf 79' lang='lat' dir='ltr'><strong>angustiae</strong></span> <span class='ocrx_word' id='word_1_166' title='bbox 539 2835 579 2884; x_wconf 91' lang='lat' dir='ltr'><strong>ac</strong></span> <span class='ocrx_word' id='word_1_167' title='bbox 593 2811 694 2883; x_wconf 83' lang='lat' dir='ltr'><strong>turba</strong></span> <span class='ocrx_word' id='word_1_168' title='bbox 707 2817 925 2904; x_wconf 84' lang='lat' dir='ltr'><strong>negotiorum</strong></span> <span class='ocrx_word' id='word_1_169' title='bbox 940 2812 1130 2905; x_wconf 83' lang='lat' dir='ltr'><strong>lugientem</strong></span> <span class='ocrx_word' id='word_1_170' title='bbox 1142 2811 1341 2904; x_wconf 90' lang='lat' dir='ltr'><strong>insequens,</strong></span> 
     </span>
     <span class='ocr_line' id='line_1_23' title="bbox 262 2933 1343 3028; baseline -0.004 -21"><span class='ocrx_word' id='word_1_171' title='bbox 262 2958 435 3028; x_wconf 92' lang='lat' dir='ltr'><strong>nusquam</strong></span> <span class='ocrx_word' id='word_1_172' title='bbox 457 2945 629 3005; x_wconf 90' lang='lat' dir='ltr'><strong>terrarum</strong></span> <span class='ocrx_word' id='word_1_173' title='bbox 657 2933 739 3004; x_wconf 91' lang='lat' dir='ltr'><strong>alibi</strong></span> <span class='ocrx_word' id='word_1_174' title='bbox 765 2933 857 3006; x_wconf 90' lang='lat' dir='ltr'><strong>dulci</strong></span> <span class='ocrx_word' id='word_1_175' title='bbox 885 2935 936 3006; x_wconf 88' lang='lat' dir='ltr'><strong>sic</strong></span> <span class='ocrx_word' id='word_1_176' title='bbox 957 2956 1098 3005; x_wconf 90' lang='lat' dir='ltr'><strong>manum</strong></span> <span class='ocrx_word' id='word_1_177' title='bbox 1119 2934 1277 3006; x_wconf 91' lang='lat' dir='ltr'><strong>iniiciens</strong></span> <span class='ocrx_word' id='word_1_178' title='bbox 1303 2934 1343 3003; x_wconf 89' lang='lat' dir='ltr'><strong>li-</strong></span> 
     </span>
     <span class='ocr_line' id='line_1_24' title="bbox 264 3056 1343 3148; baseline -0.001 -20"><span class='ocrx_word' id='word_1_179' title='bbox 264 3057 408 3138; x_wconf 88' lang='lat' dir='ltr'><strong>bertati;</strong></span> <span class='ocrx_word' id='word_1_180' title='bbox 430 3056 494 3124; x_wconf 89' lang='lat' dir='ltr'><strong>iter</strong></span> <span class='ocrx_word' id='word_1_181' title='bbox 513 3076 666 3148; x_wconf 90' lang='lat' dir='ltr'><strong>quoque,</strong></span> <span class='ocrx_word' id='word_1_182' title='bbox 697 3056 792 3148; x_wconf 93' lang='lat' dir='ltr'><strong>quod</strong></span> <span class='ocrx_word' id='word_1_183' title='bbox 813 3056 903 3127; x_wconf 90' lang='lat' dir='ltr'><strong>duce</strong></span> <span class='ocrx_word' id='word_1_184' title='bbox 924 3057 995 3129; x_wconf 86' lang='lat' dir='ltr'><strong>Deo</strong></span> <span class='ocrx_word' id='word_1_185' title='bbox 1015 3077 1100 3128; x_wconf 86' lang='lat' dir='ltr'><strong>mcx</strong></span> <span class='ocrx_word' id='word_1_186' title='bbox 1123 3069 1160 3128; x_wconf 90' lang='lat' dir='ltr'><strong>ut</strong></span> <span class='ocrx_word' id='word_1_187' title='bbox 1181 3056 1269 3129; x_wconf 86' lang='lat' dir='ltr'><strong>banc</strong></span> <span class='ocrx_word' id='word_1_188' title='bbox 1289 3056 1343 3127; x_wconf 90' lang='lat' dir='ltr'><strong>lit-</strong></span> 
     </span>
     <span class='ocr_line' id='line_1_25' title="bbox 263 3177 1343 3271; baseline 0.004 -25"><span class='ocrx_word' id='word_1_189' title='bbox 263 3179 408 3248; x_wconf 89' lang='lat' dir='ltr'><strong>terulam</strong></span> <span class='ocrx_word' id='word_1_190' title='bbox 430 3177 630 3270; x_wconf 83' lang='lat' dir='ltr'><strong>implevero,</strong></span> <span class='ocrx_word' id='word_1_191' title='bbox 654 3179 751 3249; x_wconf 90' lang='lat' dir='ltr'><strong>velut</strong></span> <span class='ocrx_word' id='word_1_192' title='bbox 768 3177 798 3248; x_wconf 91' lang='lat' dir='ltr'><strong>is</strong></span> <span class='ocrx_word' id='word_1_193' title='bbox 817 3177 877 3271; x_wconf 92' lang='lat' dir='ltr'><strong>qui</strong></span> <span class='ocrx_word' id='word_1_194' title='bbox 893 3199 1069 3250; x_wconf 90' lang='lat' dir='ltr'><strong>carcerem</strong></span> <span class='ocrx_word' id='word_1_195' title='bbox 1086 3179 1184 3270; x_wconf 81' lang='lat' dir='ltr'><strong>fugit,</strong></span> <span class='ocrx_word' id='word_1_196' title='bbox 1202 3177 1343 3250; x_wconf 82' lang='lat' dir='ltr'><strong>festina-</strong></span> 
     </span>
     <span class='ocr_line' id='line_1_26' title="bbox 263 3294 1344 3394; baseline -0.002 -23"><span class='ocrx_word' id='word_1_197' title='bbox 263 3300 402 3372; x_wconf 90' lang='lat' dir='ltr'><strong>bundus</strong></span> <span class='ocrx_word' id='word_1_198' title='bbox 420 3300 606 3393; x_wconf 90' lang='lat' dir='ltr'><strong>arripiam:</strong></span> <span class='ocrx_word' id='word_1_199' title='bbox 624 3300 702 3372; x_wconf 88' lang='lat' dir='ltr'><strong>baec</strong></span> <span class='ocrx_word' id='word_1_200' title='bbox 719 3302 834 3373; x_wconf 92' lang='lat' dir='ltr'><strong>omnia</strong></span> <span class='ocrx_word' id='word_1_201' title='bbox 851 3322 908 3371; x_wconf 91' lang='lat' dir='ltr'><strong>me</strong></span> <span class='ocrx_word' id='word_1_202' title='bbox 924 3294 1037 3372; x_wconf 81' lang='lat' dir='ltr'><strong>amice</strong></span> <span class='ocrx_word' id='word_1_203' title='bbox 1055 3301 1208 3373; x_wconf 91' lang='lat' dir='ltr'><strong>scribere</strong></span> <span class='ocrx_word' id='word_1_204' title='bbox 1227 3300 1344 3394; x_wconf 89' lang='lat' dir='ltr'><strong>probi-</strong></span> 
     </span>
     <span class='ocr_line' id='line_1_27' title="bbox 262 3421 1344 3517; baseline -0.004 -19"><span class='ocrx_word' id='word_1_205' title='bbox 262 3421 366 3511; x_wconf 83' lang='lat' dir='ltr'><strong>bent,</strong></span> <span class='ocrx_word' id='word_1_206' title='bbox 405 3449 474 3498; x_wconf 93' lang='lat' dir='ltr'><strong>non</strong></span> <span class='ocrx_word' id='word_1_207' title='bbox 511 3426 640 3496; x_wconf 89' lang='lat' dir='ltr'><strong>dolere.</strong></span> <span class='ocrx_word' id='word_1_208' title='bbox 674 3427 770 3497; x_wconf 89' lang='lat' dir='ltr'><strong>More</strong></span> <span class='ocrx_word' id='word_1_209' title='bbox 808 3434 923 3497; x_wconf 89' lang='lat' dir='ltr'><strong>autem</strong></span> <span class='ocrx_word' id='word_1_210' title='bbox 962 3447 1040 3496; x_wconf 93' lang='lat' dir='ltr'><strong>meo</strong></span> <span class='ocrx_word' id='word_1_211' title='bbox 1080 3427 1222 3517; x_wconf 89' lang='lat' dir='ltr'><strong>antiquo</strong></span> <span class='ocrx_word' id='word_1_212' title='bbox 1263 3423 1344 3494; x_wconf 88' lang='lat' dir='ltr'><strong>hinc</strong></span> 
     </span>
     <span class='ocr_line' id='line_1_28' title="bbox 260 3547 1340 3643; baseline -0.005 -22"><span class='ocrx_word' id='word_1_213' title='bbox 260 3547 443 3643; x_wconf 82' lang='lat' dir='ltr'><strong>digressus</strong></span> <span class='ocrx_word' id='word_1_214' title='bbox 470 3550 504 3619; x_wconf 93' lang='lat' dir='ltr'><strong>in</strong></span> <span class='ocrx_word' id='word_1_215' title='bbox 526 3549 712 3621; x_wconf 89' lang='lat' dir='ltr'><strong>solitudine</strong></span> <span class='ocrx_word' id='word_1_216' title='bbox 732 3571 810 3620; x_wconf 89' lang='lat' dir='ltr'><strong>mea</strong></span> <span class='ocrx_word' id='word_1_217' title='bbox 832 3547 1035 3634; x_wconf 87' lang='lat' dir='ltr'><strong>subsistam,</strong></span> <span class='ocrx_word' id='word_1_218' title='bbox 1058 3548 1087 3620; x_wconf 97' lang='lat' dir='ltr'><strong>si</strong></span> <span class='ocrx_word' id='word_1_219' title='bbox 1109 3547 1234 3621; x_wconf 92' lang='lat' dir='ltr'><strong>diebus</strong></span> <span class='ocrx_word' id='word_1_220' title='bbox 1255 3557 1340 3628; x_wconf 83' lang='lat' dir='ltr'><strong>octo,</strong></span> 
     </span>
     <span class='ocr_line' id='line_1_29' title="bbox 261 3669 1344 3765; baseline -0.007 -20"><span class='ocrx_word' id='word_1_221' title='bbox 261 3695 331 3745; x_wconf 91' lang='lat' dir='ltr'><strong>non</strong></span> <span class='ocrx_word' id='word_1_222' title='bbox 365 3671 531 3765; x_wconf 90' lang='lat' dir='ltr'><strong>pluribus.</strong></span> <span class='ocrx_word' id='word_1_223' title='bbox 564 3672 632 3742; x_wconf 89' lang='lat' dir='ltr'><strong>lter</strong></span> <span class='ocrx_word' id='word_1_224' title='bbox 657 3671 722 3741; x_wconf 89' lang='lat' dir='ltr'><strong>hoc</strong></span> <span class='ocrx_word' id='word_1_225' title='bbox 747 3669 907 3764; x_wconf 87' lang='lat' dir='ltr'><strong>equidem</strong></span> <span class='ocrx_word' id='word_1_226' title='bbox 937 3670 986 3741; x_wconf 85' lang='lat' dir='ltr'><strong>sic</strong></span> <span class='ocrx_word' id='word_1_227' title='bbox 1010 3671 1124 3741; x_wconf 88' lang='lat' dir='ltr'><strong>auimo</strong></span> <span class='ocrx_word' id='word_1_228' title='bbox 1152 3669 1281 3764; x_wconf 89' lang='lat' dir='ltr'><strong>partior</strong></span> <span class='ocrx_word' id='word_1_229' title='bbox 1307 3677 1344 3740; x_wconf 88' lang='lat' dir='ltr'><strong>ut</strong></span> 
     </span>
     <span class='ocr_line' id='line_1_30' title="bbox 263 3793 1342 3888; baseline -0.003 -24"><span class='ocrx_word' id='word_1_230' title='bbox 263 3795 343 3866; x_wconf 91' lang='lat' dir='ltr'><strong>hinc</strong></span> <span class='ocrx_word' id='word_1_231' title='bbox 366 3793 555 3865; x_wconf 90' lang='lat' dir='ltr'><strong>emersisse</strong></span> <span class='ocrx_word' id='word_1_232' title='bbox 582 3793 724 3866; x_wconf 91' lang='lat' dir='ltr'><strong>dimidia</strong></span> <span class='ocrx_word' id='word_1_233' title='bbox 751 3793 977 3887; x_wconf 91' lang='lat' dir='ltr'><strong>etamplius,</strong></span> <span class='ocrx_word' id='word_1_234' title='bbox 1004 3815 1116 3888; x_wconf 88' lang='lat' dir='ltr'><strong>eaque</strong></span> <span class='ocrx_word' id='word_1_235' title='bbox 1142 3793 1342 3865; x_wconf 89' lang='lat' dir='ltr'><strong>difficillima</strong></span> 
     </span>
     <span class='ocr_line' id='line_1_31' title="bbox 264 3912 1342 4012; baseline -0.004 -25"><span class='ocrx_word' id='word_1_236' title='bbox 264 3917 348 3988; x_wconf 91' lang='lat' dir='ltr'><strong>mibi</strong></span> <span class='ocrx_word' id='word_1_237' title='bbox 381 3917 452 3988; x_wconf 84' lang='lat' dir='ltr'><strong>viae</strong></span> <span class='ocrx_word' id='word_1_238' title='bbox 490 3938 572 4010; x_wconf 92' lang='lat' dir='ltr'><strong>pars</strong></span> <span class='ocrx_word' id='word_1_239' title='bbox 611 3917 793 3990; x_wconf 91' lang='lat' dir='ltr'><strong>videatur:</strong></span> <span class='ocrx_word' id='word_1_240' title='bbox 833 3926 958 3988; x_wconf 85' lang='lat' dir='ltr'><strong>caetera</strong></span> <span class='ocrx_word' id='word_1_241' title='bbox 990 3916 1110 3990; x_wconf 87' lang='lat' dir='ltr'><strong>brevia</strong></span> <span class='ocrx_word' id='word_1_242' title='bbox 1130 3912 1282 4012; x_wconf 73' lang='lat' dir='ltr'><strong>&#39;prorsus</strong></span> <span class='ocrx_word' id='word_1_243' title='bbox 1307 3922 1342 3984; x_wconf 91' lang='lat' dir='ltr'><strong>et</strong></span> 
     </span>
     <span class='ocr_line' id='line_1_32' title="bbox 263 4037 589 4127; baseline 0.012 -23"><span class='ocrx_word' id='word_1_244' title='bbox 263 4056 371 4127; x_wconf 92' lang='lat' dir='ltr'><strong>prona</strong></span> <span class='ocrx_word' id='word_1_245' title='bbox 393 4037 471 4110; x_wconf 91' lang='lat' dir='ltr'><strong>siut.</strong></span> <span class='ocrx_word' id='word_1_246' title='bbox 492 4037 589 4109; x_wconf 89' lang='lat' dir='ltr'><strong>Vale.</strong></span> 
     </span>
    </p>
   </div>
   <div class='ocr_carea' id='block_1_6' title="bbox 405 4175 985 4250">
    <p class='ocr_par' dir='ltr' id='par_1_6' title="bbox 405 4175 985 4250">
     <span class='ocr_line' id='line_1_33' title="bbox 405 4175 985 4250; baseline 0.012 -17"><span class='ocrx_word' id='word_1_247' title='bbox 405 4181 560 4250; x_wconf 76' lang='lat' dir='ltr'><strong>babylone,</strong></span> <span class='ocrx_word' id='word_1_248' title='bbox 576 4181 621 4236; x_wconf 86' lang='lat' dir='ltr'><strong>Ill.</strong></span> <span class='ocrx_word' id='word_1_249' title='bbox 639 4183 777 4238; x_wconf 87' lang='lat' dir='ltr'><strong>Kalendas</strong></span> <span class='ocrx_word' id='word_1_250' title='bbox 792 4185 884 4239; x_wconf 89' lang='lat' dir='ltr'><strong>Maias.</strong></span> <span class='ocrx_word' id='word_1_251' title='bbox 982 4175 985 4180; x_wconf 64' lang='grc'>’</span> 
     </span>
    </p>
   </div>
   <div class='ocr_carea' id='block_1_7' title="bbox 0 0 1538 4798">
    <p class='ocr_par' dir='ltr' id='par_1_7' title="bbox 0 0 1538 4798">
     <span class='ocr_line' id='line_1_34' title="bbox 0 0 1538 4798; baseline 0 0"><span class='ocrx_word' id='word_1_252' title='bbox 0 0 1538 4798; x_wconf 95' lang='lat' dir='ltr'><strong> </strong></span> 
     </span>
    </p>
   </div>
  </div>
 </body>
</html>
