3078 4798
393 409 484 456 LIBER
507 407 988 458 sustusuuctuus—-Ertsrouu
1011 411 1050 458 lll.
1212 400 1265 460 381

189 553 352 626 tremum,
375 542 434 634 qui
455 563 577 612 omnes
600 553 632 612 te
653 561 759 632 aegro,
780 541 854 612 sani
872 562 953 612 esse
981 560 1047 610 noo
1069 562 1268 633 possumus.

187 664 276 748 Quis
301 664 393 734 enim
420 685 574 768 unquam
610 674 678 733 tam
711 684 856 755 corpore
879 666 1002 734 valens
1027 663 1105 746 tuit,
1136 669 1172 736 u't
1198 665 1270 734 lao-

188 795 320 878 guente
340 785 470 868 auimo,
500 806 607 854 sanus
627 786 747 856 asset?
767 785 963 866 Delectatus
986 807 1062 856 sum
1085 807 1272 880 parumper

190 907 405 979 mollioribus
425 906 544 978 verbis
567 906 623 990 uti,
646 920 681 978 et
700 927 788 1001 pene
813 907 896 977 mihi
917 907 1077 978 lacrimas
1105 907 1178 1000 ipsa
1201 908 1272 1000 pie-

190 1041 244 1098 tas
265 1027 389 1098 elicuit.
409 1027 494 1098 Hirro
516 1028 583 1097 iam
604 1026 746 1097 viriliter
767 1027 1006 1099 admonendus
1021 1049 1075 1111 eS,
1094 1039 1130 1098 ut
1150 1028 1271 1098 memi-

151 1227 157 1234 ,
189 1150 286 1221 neris
313 1173 373 1244 per·
408 1151 578 1244 teipsum
613 1151 770 1220 mortalia
800 1151 889 1221 terre
922 1159 1027 1243 atque
1053 1153 1122 1222 alto
1156 1151 1270 1221 animo

190 1271 386 1366 despicere,
422 1275 555 1344 calcare
589 1272 785 1365 praesentia,
822 1295 964 1365 sperare
997 1274 1151 1358 meliora,
1187 1273 1269 1344 nihil

190 1393 323 1463 mundo
344 1391 452 1464 fidere
473 1393 554 1485 quia
575 1394 681 1462 fallar
701 1402 777 1462 est:
801 1403 832 1464 te
854 1395 968 1486 ipsum
988 1403 1172 1485 sortesque
1193 1404 1271 1466 tuas

190 1514 264 1585 Deo
285 1516 440 1600 credere,
470 1517 504 1585 iu
529 1515 625 1585 illum
648 1536 728 1608 spes
754 1535 926 1606 curasque
947 1515 1087 1600 iactare,
1113 1515 1200 1586 seire
1225 1537 1272 1587 ex

190 1639 334 1730 quodie
353 1639 386 1708 in
408 1641 496 1709 bano
519 1637 780 1709 vitam'irrtrasti
803 1645 835 1708 te
855 1657 924 1706 non
946 1637 990 1708 ad
1008 1639 1130 1731 epulas
1146 1637 1211 1721 sed
1228 1636 1272 1708 ad

190 1760 350 1853 proelium
372 1761 521 1844 venisse,
538 1761 582 1831 ad
597 1760 752 1844 morbos,
772 1759 817 1831 ad
844 1761 1030 1845 molestias,
1050 1760 1094 1831 ad
1115 1759 1270 1832 labores:

191 1883 360 1976 quidquid
375 1893 487 1954 tamen
502 1883 673 1968 acciderit,
695 1893 726 1952 te
749 1882 915 1954 victorem
934 1904 1014 1954 esse
1029 1903 1142 1975 posse,
1163 1885 1193 1954 si
1211 1905 1273 1955 va-

191 2007 257 2088 lis;
280 2018 394 2077 tamen
416 2027 460 2076 ne
486 2028 581 2076 arma
602 2003 769 2096 proiioias,
793 2027 883 2076 neve
902 2006 1018 2076 animo
1036 2007 1271 2077 consternoris

191 2140 254 2201 aut
278 2127 453 2210 concidas
475 2138 511 2197 et
536 2127 632 2197 nasci
658 2140 694 2196 et
714 2127 834 2197 vivere
860 2138 895 2197 et
915 2137 1086 2216 aegrotare
1112 2136 1145 2197 et
1172 2148 1272 2197 seue·

193 2271 291 2323 soere
317 2259 351 2320 et
373 2249 459 2319 mori
485 2258 620 2319 naturae
641 2269 744 2320 esse:
771 2259 806 2318 at
831 2249 907 2320 haeo
933 2251 1065 2319 fortiter
1090 2259 1125 2319 ot
1149 2250 1272 2320 eodem

192 2376 292 2446 vultu
318 2382 421 2465 atque
456 2372 570 2442 auimo
603 2373 762 2443 tollerare
788 2371 938 2443 virtutis.
972 2372 1047 2443 Nou
1078 2370 1154 2441 dieo
1179 2371 1273 2464 quod

192 2495 333 2598 quitiam
353 2495 530 2577 dixerunt,
553 2493 642 2564 inter
661 2515 831 2564 summam
848 2493 1060 2587 voluptatem
1075 2502 1109 2564 et
1123 2493 1272 2586 asperri-

195 2639 289 2687 mum
312 2618 464 2688 dolorem
487 2615 570 2686 nihil
592 2616 729 2708 penitus
757 2617 938 2688 interesse.
960 2617 1070 2687 Nimis
1093 2615 1174 2686 mibi
1203 2627 1272 2687 tor-

195 2761 280 2833 pens
294 2750 329 2810 et
342 2739 554 2812 insensibilis
571 2760 613 2810 ea
632 2737 803 2810 sententia
820 2738 973 2822 videtur3
995 2761 1059 2810 uec
1081 2739 1163 2810 illud
1180 2739 1269 2822 dieu,

193 2862 287 2953 quod
303 2861 550 2933 nobilissimam
569 2861 731 2932 familiam
752 2861 942 2934 Stoicorum
962 2862 1190 2933 affirmantem
1211 2883 1275 2932 au-

195 2984 261 3068 dio,
280 2985 433 3056 dolorem
455 2986 609 3077 eorporis
629 2988 756 3057 malum
775 3008 843 3056 uon
861 3007 964 3056 esse:
983 2984 1061 3057 lioet
1078 2975 1180 3056 enimx
1193 3007 1273 3056 ver-

195 3105 249 3176 bis
272 3105 424 3197 probent,
444 3127 486 3174 eo
507 3105 601 3197 quod
622 3109 749 3178 malum
770 3107 855 3177 nihil
875 3109 1013 3202 proprie
1035 3109 1182 3192 dicatur,
1205 3107 1271 3178 nisi

195 3225 290 3319 quod
311 3225 507 3320 oppositum
530 3225 575 3295 sit
596 3225 700 3311 bono,
729 3228 855 3299 bonum
878 3242 991 3302 autem
1015 3233 1126 3302 solum
1149 3229 1270 3307 virtus,

194 3349 250 3420 cui
271 3371 340 3418 non
361 3348 515 3419 dolorem
544 3347 606 3417 sed
632 3348 752 3418 vitium
779 3361 917 3421 constat
936 3352 1075 3443 opponi,
1105 3351 1139 3423 id
1160 3362 1271 3422 tamen

195 3469 300 3540 rebus
320 3469 466 3562 probare
483 3467 730 3540 difficillimum.
751 3471 871 3562 ltaque
888 3471 1070 3562 vulgarius
1089 3473 1181 3563 loqui
1200 3474 1273 3563 pla-

194 3601 250 3661 cet
269 3600 305 3661 et
324 3591 567 3686 Peripateticos
589 3589 709 3662 audire
731 3591 790 3684 qui
811 3590 966 3664 dolorem
989 3594 1116 3663 malum
1139 3603 1269 3685 putant,

195 3713 259 3785 sed
273 3735 339 3815 nou
354 3735 540 3786 summum.
555 3712 752 3799 Quamlibet
769 3735 935 3806 maguum
954 3717 1080 3786 malum
1100 3715 1198 3787 dolor
1216 3717 1269 3799 sit,

195 3834 283 3907 intra
306 3835 467 3908 virtutem
489 3845 565 3906 est:
589 3837 623 3906 in
645 3836 710 3907 hoo
730 3837 943 3909 conveniunt
963 3860 1095 3923 omnes,
1118 3848 1153 3909 et
1178 3849 1271 3910 certe

194 3958 318 4029 clarior
338 3960 414 4030 laus
436 3967 499 4042 est,
519 3981 623 4051 quam
646 3958 816 4053 asperitas
840 3961 946 4031 multa
967 3961 1153 4054 deterserit
1172 3971 1206 4032 et
1222 3964 1271 4032 ta-

195 4101 249 4149 ma
269 4081 422 4151 serenior
435 4101 480 4151 ox
494 4084 630 4153 fortuna
645 4081 855 4154 nubilosioro
869 4084 1090 4175 proveniens.
1109 4085 1271 4170 Quiesce—

195 4222 239 4283 re,
256 4203 418 4292 gaudere,
433 4202 573 4296 epulari,
588 4203 825 4298 voluptatibus
839 4205 981 4278 affluere
995 4219 1119 4281 norunt
1132 4227 1269 4288 omnes3
