3024 4802
236 369 294 430 498
532 366 542 372 ’
577 377 618 424 oa
639 375 742 426 nunus
758 337 986 424 'rauunruuus

236 513 401 598 flendam,
424 533 531 606 quam
547 509 709 606 delphica
726 511 831 582 sedes
845 511 941 603 quod
958 509 1066 594 siluit,
1085 531 1155 603 quo
1170 511 1323 581 Deorum

239 636 408 729 singulari
423 633 575 729 quodam
594 634 686 706 dono
703 644 739 705 at
755 656 826 728 quo
844 635 986 718 nullum,
1007 653 1046 705 se
1068 631 1190 717 iudice,
1210 632 1325 704 maius

239 770 343 844 esset,
362 760 526 829 Lucanus
557 758 724 828 saeculum
763 777 867 828 suum
898 757 1056 828 caruisse
1088 748 1323 848 conqueritul.

239 885 327 968 Quae
349 881 454 953 sedes
480 879 605 951 melius
625 880 718 952 omni
740 889 894 974 tempore
917 879 1085 962 siluisset,
1108 888 1143 948 et
1167 899 1247 948 cum
1272 876 1326 945 in-

239 1009 315 1078 cola
332 1023 398 1077 suo
415 1007 551 1098 penitus
569 1003 804 1074 obmutuisset
819 999 991 1096 Apolline,
1010 1001 1070 1094 qui
1088 1023 1157 1073 non
1174 999 1326 1092 propbe-

241 1137 438 1202 laetantum
458 1126 666 1211 testimonio,
688 1125 852 1218 quoniam
874 1145 985 1194 omnes
1010 1123 1070 1192 Dii
1088 1124 1236 1215 gentium
1257 1121 1326 1192 ἀω-

239 1255 353 1322 monio
371 1262 457 1334 sant,
473 1248 536 1321 sed
549 1249 687 1342 proprio
700 1247 807 1320 etiam
825 1269 886 1319 ore
903 1247 1129 1319 convincitur.
1144 1247 1325 1340 Siquidem

240 1373 466 1464 interroganti
488 1370 625 1444 cuidam
644 1392 750 1464 quem
770 1391 809 1442 se
829 1369 957 1444 faceret
974 1369 1116 1465 (quanta
1133 1370 1208 1441 veri
1225 1367 1323 1463 vicl),

240 1496 437 1568 daemonem
459 1516 498 1566 se
523 1463 611 1566 esse
630 1495 813 1565 confessus
842 1502 909 1566 est.
941 1493 1098 1566 Profecto
1118 1491 1325 1565 damnosius

241 1639 344 1690 nemo
375 1619 559 1710 negaverit
591 1615 683 1688 dulci
717 1615 839 1686 solatio
859 1615 1051 1687 litterarum
1073 1635 1178 1709 quam
1199 1612 1326 1708 perfidi

241 1762 282 1812 ao
303 1739 479 1811 mendacis
500 1739 672 1811 daemonis
698 1737 857 1809 caruisse
889 1729 1071 1832 colloquio.
1103 1737 1172 1810 Sed
1205 1737 1325 1809 relicta

241 1861 420 1957 pereuntis
450 1861 607 1933 scientiae
636 1864 789 1954 querela,
823 1862 868 1934 ad
906 1861 1108 1934 Ciceronem
1140 1873 1237 1933 tuum
1270 1881 1326 1930 re

241 1986 323 2071 deo,
347 2005 416 2078 quo
437 2007 517 2056 cum
538 2006 657 2057 carere
678 1987 803 2058 nollem
825 1996 860 2057 et
893 1986 993 2079 potiri
1022 2008 1085 2078 per
1118 1987 1325 2082 scriptorum

240 2107 416 2202 ignaviam
439 2128 508 2178 non
528 2107 660 2191 liceret,
683 2108 926 2180 deficientibus
947 2109 1114 2191 externis,
1136 2109 1182 2181 ad
1206 2108 1345 2196 dome,

242 2232 328 2304 stica
345 2240 465 2304 vertor
484 2231 625 2315 auxilia,
649 2232 881 2325 fatigatosque
911 2233 975 2303 bos
1003 2234 1136 2326 ⁸digitos
1169 2245 1204 2305 et
1233 2233 1327 2304 hunc

240 2375 387 2425 exesum
406 2364 510 2446 atque
532 2352 687 2424 attritum
712 2355 882 2424 calamum
910 2355 955 2426 ad
980 2377 1068 2449 opus
1094 2354 1255 2450 expedio.
1282 2357 1328 2424 Et

217 2475 335 2570 ‚hune
366 2474 507 2567 quidem
546 2475 581 2544 in
615 2474 801 2546 scribendo
834 2497 966 2547 morem
1001 2477 1112 2561 tenui,
1147 2498 1266 2570 quem,
1296 2477 1327 2548 si

241 2597 326 2690 quid
347 2599 414 2669 tale
431 2600 549 2669 forsan
570 2597 791 2688 aggrediare,
820 2597 881 2669 tibi
902 2621 1042 2691 quoque
1067 2610 1188 2671 notum
1209 2601 1324 2671 velim.

241 2719 332 2790 Nihil
351 2720 420 2810 legi
441 2719 508 2790 nisi
529 2720 613 2790 dum
641 2720 840 2792 scriberem.
863 2721 954 2806 Quid
974 2743 1067 2812 ergo,
1083 2719 1323 2814 dicataliquis,

242 2841 431 2925 scribebas
454 2851 489 2912 et
509 2842 593 2935 quid
616 2842 789 2913 scriberes
816 2842 1028 2934 ignorabas?
1046 2842 1130 2913 Mihi
1148 2853 1263 2915 autem
1281 2843 1327 2916 ab

241 2961 338 3033 initio
358 2963 443 3033 satis
465 2961 528 3032 fuit
549 2981 654 3032 nosse
675 2962 769 3054 quod
790 2964 889 3034 Tullii
911 2985 1000 3058 opus
1018 2973 1127 3046 esset,
1149 2963 1252 3059 idque
1270 2989 1325 3037 ra-

241 3080 434 3151 rissimum:
456 3081 656 3175 procedenti
673 3103 757 3154 vero
778 3106 841 3180 per
862 3085 1019 3178 singulos
1041 3107 1169 3182 passus
1190 3096 1323 3160 tantum

241 3201 434 3276 dulcedinis
461 3205 681 3290 occursabat,
716 3217 882 3302 tantoque
915 3209 1081 3282 trahebar
1113 3211 1258 3302 impetu,
1287 3220 1326 3281 ut

241 3329 363 3420 legens
382 3328 483 3400 simul
502 3349 542 3401 ac
560 3327 718 3402 scribens
735 3331 890 3404 laborem
908 3352 1016 3404 unum
1035 3332 1215 3417 senserim,
1230 3334 1326 3427 quod

242 3460 312 3521 tam
329 3451 507 3536 velociter,
527 3461 566 3522 ut
586 3452 748 3545 optabam
766 3456 920 3526 calamus
941 3477 1009 3526 non
1030 3455 1114 3540 ibat,
1137 3477 1242 3548 quem
1263 3475 1327 3528 ve-

242 3573 346 3646 rebar
369 3571 478 3647 oculis
502 3575 653 3660 anteire,
682 3599 726 3648 ne
755 3578 786 3648 si
812 3579 990 3669 legissem,
1019 3577 1191 3650 scribendi
1221 3575 1327 3650 ardor

242 3697 299 3768 ille
316 3703 520 3790 tepesceret.
539 3696 717 3790 sicigitur
734 3699 869 3772 calamo
886 3700 1043 3772 frenante
1061 3702 1200 3773 oculum
1220 3708 1327 3793 atque

243 3823 342 3893 oculo
375 3803 547 3893 calamum
581 3829 730 3912 urgente
762 3821 997 3913 provehebar,
1028 3832 1160 3894 utnon
1190 3831 1326 3894 tantum

243 3964 348 4034 opere
367 3943 558 4016 delectatus
580 3942 668 4033 sim,
691 3944 754 4015 sed
780 3943 868 4016 inter
894 3943 1116 4018 scribendum
1138 3947 1247 4016 multa
1273 3943 1327 4016 di·

243 4063 384 4134 dieerim
407 4066 656 4158 memoriaeque
687 4065 935 4139 mandaverim.
966 4069 1044 4154 Quo
1073 4068 1164 4140 e'nim
1195 4055 1327 4140 tardior

244 4189 299 4246 est
316 4183 488 4274 scriptura
509 4207 613 4278 quam
635 4188 749 4271 lectio,
778 4209 821 4259 eo
846 4189 946 4260 altior
971 4191 1178 4285 imprimitur
1198 4189 1328 4260 haeret-
