<?xml version="1.0" encoding="UTF-8"?>
<!DOCTYPE html PUBLIC "-//W3C//DTD XHTML 1.0 Transitional//EN"
    "http://www.w3.org/TR/xhtml1/DTD/xhtml1-transitional.dtd">
<html xmlns="http://www.w3.org/1999/xhtml" xml:lang="en" lang="en">
 <head>
  <title>
</title>
<meta http-equiv="Content-Type" content="text/html;charset=utf-8" />
  <meta name='ocr-system' content='tesseract 3.04.00' />
  <meta name='ocr-capabilities' content='ocr_page ocr_carea ocr_par ocr_line ocrx_word'/>
</head>
<body>
  <div class='ocr_page' id='page_1' title='image "./franciscipetrar01fracgoog_0523.png"; bbox 0 0 3024 4802; ppageno 0'>
   <div class='ocr_carea' id='block_1_1' title="bbox 275 344 1016 425">
    <p class='ocr_par' dir='ltr' id='par_1_1' title="bbox 275 344 1016 425">
     <span class='ocr_line' id='line_1_1' title="bbox 275 344 1016 425; baseline 0 -1"><span class='ocrx_word' id='word_1_1' title='bbox 275 363 331 425; x_wconf 73' lang='grc'>511</span> <span class='ocrx_word' id='word_1_2' title='bbox 426 344 428 348; x_wconf 71' lang='grc'><strong>’</strong></span> <span class='ocrx_word' id='word_1_3' title='bbox 611 375 651 423; x_wconf 85' lang='grc'>111</span> <span class='ocrx_word' id='word_1_4' title='bbox 673 374 774 423; x_wconf 82' lang='lat' dir='ltr'>nunus</span> <span class='ocrx_word' id='word_1_5' title='bbox 795 373 1016 424; x_wconf 69' lang='lat' dir='ltr'>sammonicus</span> 
     </span>
    </p>
   </div>
   <div class='ocr_carea' id='block_1_2' title="bbox 271 508 1359 3921">
    <p class='ocr_par' dir='ltr' id='par_1_2' title="bbox 271 508 1359 3921">
     <span class='ocr_line' id='line_1_2' title="bbox 273 508 1358 602; baseline 0.001 -21"><span class='ocrx_word' id='word_1_6' title='bbox 273 510 391 581; x_wconf 88' lang='lat' dir='ltr'>multis</span> <span class='ocrx_word' id='word_1_7' title='bbox 418 508 572 581; x_wconf 90' lang='lat' dir='ltr'>nundum</span> <span class='ocrx_word' id='word_1_8' title='bbox 598 517 803 602; x_wconf 88' lang='lat' dir='ltr'>consumpta</span> <span class='ocrx_word' id='word_1_9' title='bbox 829 508 1035 592; x_wconf 82' lang='lat' dir='ltr'>terroribus,</span> <span class='ocrx_word' id='word_1_10' title='bbox 1063 529 1133 580; x_wconf 89' lang='lat' dir='ltr'>una</span> <span class='ocrx_word' id='word_1_11' title='bbox 1158 511 1256 582; x_wconf 87' lang='lat' dir='ltr'>velut</span> <span class='ocrx_word' id='word_1_12' title='bbox 1281 531 1358 582; x_wconf 88' lang='lat' dir='ltr'>ma-</span> 
     </span>
     <span class='ocr_line' id='line_1_3' title="bbox 273 632 1358 726; baseline 0 -23"><span class='ocrx_word' id='word_1_13' title='bbox 273 634 351 724; x_wconf 84' lang='lat' dir='ltr'>gnis</span> <span class='ocrx_word' id='word_1_14' title='bbox 373 633 408 703; x_wconf 93' lang='lat' dir='ltr'>in</span> <span class='ocrx_word' id='word_1_15' title='bbox 429 632 582 704; x_wconf 89' lang='lat' dir='ltr'>tenebris</span> <span class='ocrx_word' id='word_1_16' title='bbox 610 635 673 702; x_wconf 87' lang='lat' dir='ltr'>lux</span> <span class='ocrx_word' id='word_1_17' title='bbox 705 641 861 724; x_wconf 90' lang='lat' dir='ltr'>apparet,</span> <span class='ocrx_word' id='word_1_18' title='bbox 884 632 1069 703; x_wconf 89' lang='lat' dir='ltr'>irreditura</span> <span class='ocrx_word' id='word_1_19' title='bbox 1087 635 1175 704; x_wconf 83' lang='lat' dir='ltr'>forte</span> <span class='ocrx_word' id='word_1_20' title='bbox 1201 633 1358 726; x_wconf 86' lang='lat' dir='ltr'>sisper-</span> 
     </span>
     <span class='ocr_line' id='line_1_4' title="bbox 272 754 1358 850; baseline -0.001 -23"><span class='ocrx_word' id='word_1_21' title='bbox 272 756 376 827; x_wconf 90' lang='lat' dir='ltr'>nitur.</span> <span class='ocrx_word' id='word_1_22' title='bbox 402 754 527 850; x_wconf 90' lang='lat' dir='ltr'>Arripe</span> <span class='ocrx_word' id='word_1_23' title='bbox 556 756 649 825; x_wconf 89' lang='lat' dir='ltr'>illam</span> <span class='ocrx_word' id='word_1_24' title='bbox 669 755 753 826; x_wconf 92' lang='lat' dir='ltr'>dum</span> <span class='ocrx_word' id='word_1_25' title='bbox 774 775 813 826; x_wconf 86' lang='lat' dir='ltr'>se</span> <span class='ocrx_word' id='word_1_26' title='bbox 838 754 996 840; x_wconf 77' lang='lat' dir='ltr'>exhibet,</span> <span class='ocrx_word' id='word_1_27' title='bbox 1019 765 1059 826; x_wconf 90' lang='lat' dir='ltr'>ut</span> <span class='ocrx_word' id='word_1_28' title='bbox 1077 755 1204 826; x_wconf 83' lang='lat' dir='ltr'>dicaris</span> <span class='ocrx_word' id='word_1_29' title='bbox 1229 755 1358 826; x_wconf 79' lang='lat' dir='ltr'>italloae</span> 
     </span>
     <span class='ocr_line' id='line_1_5' title="bbox 273 876 1357 970; baseline -0.003 -20"><span class='ocrx_word' id='word_1_30' title='bbox 273 880 368 969; x_wconf 83' lang='lat' dir='ltr'>pacis</span> <span class='ocrx_word' id='word_1_31' title='bbox 393 888 527 960; x_wconf 87' lang='lat' dir='ltr'>auctor,</span> <span class='ocrx_word' id='word_1_32' title='bbox 558 898 757 970; x_wconf 83' lang='lat' dir='ltr'>nomenque</span> <span class='ocrx_word' id='word_1_33' title='bbox 785 887 883 950; x_wconf 88' lang='lat' dir='ltr'>tuum</span> <span class='ocrx_word' id='word_1_34' title='bbox 907 899 986 948; x_wconf 89' lang='lat' dir='ltr'>cum</span> <span class='ocrx_word' id='word_1_35' title='bbox 1014 877 1131 948; x_wconf 90' lang='lat' dir='ltr'>multis</span> <span class='ocrx_word' id='word_1_36' title='bbox 1156 885 1193 948; x_wconf 91' lang='lat' dir='ltr'>et</span> <span class='ocrx_word' id='word_1_37' title='bbox 1216 876 1357 968; x_wconf 84' lang='lat' dir='ltr'>magnis</span> 
     </span>
     <span class='ocr_line' id='line_1_6' title="bbox 273 998 1355 1094; baseline -0.003 -22"><span class='ocrx_word' id='word_1_38' title='bbox 273 1001 393 1086; x_wconf 89' lang='lat' dir='ltr'>rebus,</span> <span class='ocrx_word' id='word_1_39' title='bbox 415 1011 485 1072; x_wconf 90' lang='lat' dir='ltr'>tum</span> <span class='ocrx_word' id='word_1_40' title='bbox 504 1000 571 1072; x_wconf 87' lang='lat' dir='ltr'>hac</span> <span class='ocrx_word' id='word_1_41' title='bbox 585 1001 760 1092; x_wconf 88' lang='lat' dir='ltr'>praecipue</span> <span class='ocrx_word' id='word_1_42' title='bbox 778 1001 969 1093; x_wconf 82' lang='lat' dir='ltr'>gloriosum</span> <span class='ocrx_word' id='word_1_43' title='bbox 986 1001 1104 1072; x_wconf 84' lang='lat' dir='ltr'>mittas</span> <span class='ocrx_word' id='word_1_44' title='bbox 1123 998 1167 1071; x_wconf 88' lang='lat' dir='ltr'>ad</span> <span class='ocrx_word' id='word_1_45' title='bbox 1182 1010 1355 1094; x_wconf 87' lang='lat' dir='ltr'>posteros.</span> 
     </span>
     <span class='ocr_line' id='line_1_7' title="bbox 272 1121 1357 1215; baseline -0.003 -21"><span class='ocrx_word' id='word_1_46' title='bbox 272 1122 327 1194; x_wconf 90' lang='lat' dir='ltr'>Nil</span> <span class='ocrx_word' id='word_1_47' title='bbox 348 1121 410 1193; x_wconf 87' lang='lat' dir='ltr'>tihi</span> <span class='ocrx_word' id='word_1_48' title='bbox 431 1121 577 1208; x_wconf 89' lang='lat' dir='ltr'>suadeo,</span> <span class='ocrx_word' id='word_1_49' title='bbox 613 1122 681 1192; x_wconf 90' lang='lat' dir='ltr'>nisi</span> <span class='ocrx_word' id='word_1_50' title='bbox 714 1124 808 1215; x_wconf 91' lang='lat' dir='ltr'>quod</span> <span class='ocrx_word' id='word_1_51' title='bbox 830 1131 928 1194; x_wconf 90' lang='lat' dir='ltr'>tuum</span> <span class='ocrx_word' id='word_1_52' title='bbox 954 1132 1024 1194; x_wconf 89' lang='lat' dir='ltr'>est:</span> <span class='ocrx_word' id='word_1_53' title='bbox 1051 1121 1221 1194; x_wconf 87' lang='lat' dir='ltr'>rationem</span> <span class='ocrx_word' id='word_1_54' title='bbox 1256 1122 1357 1215; x_wconf 88' lang='lat' dir='ltr'>sequi</span> 
     </span>
     <span class='ocr_line' id='line_1_8' title="bbox 271 1243 1357 1352; baseline 0 -40"><span class='ocrx_word' id='word_1_55' title='bbox 271 1264 341 1352; x_wconf 72' lang='lat' dir='ltr'>npn</span> <span class='ocrx_word' id='word_1_56' title='bbox 375 1244 557 1338; x_wconf 85' lang='lat' dir='ltr'>impetum,</span> <span class='ocrx_word' id='word_1_57' title='bbox 585 1253 620 1316; x_wconf 89' lang='lat' dir='ltr'>et</span> <span class='ocrx_word' id='word_1_58' title='bbox 644 1266 771 1316; x_wconf 84' lang='lat' dir='ltr'>cavere</span> <span class='ocrx_word' id='word_1_59' title='bbox 791 1266 836 1315; x_wconf 88' lang='lat' dir='ltr'>ne</span> <span class='ocrx_word' id='word_1_60' title='bbox 857 1246 988 1339; x_wconf 90' lang='lat' dir='ltr'>impetu</span> <span class='ocrx_word' id='word_1_61' title='bbox 1010 1245 1126 1316; x_wconf 87' lang='lat' dir='ltr'>omnia</span> <span class='ocrx_word' id='word_1_62' title='bbox 1145 1243 1357 1339; x_wconf 70' lang='grc' dir='ltr'><strong>11111ωοίρί-</strong></span> 
     </span>
     <span class='ocr_line' id='line_1_9' title="bbox 274 1365 1356 1460; baseline 0.001 -25"><span class='ocrx_word' id='word_1_63' title='bbox 274 1368 360 1438; x_wconf 90' lang='lat' dir='ltr'>tium</span> <span class='ocrx_word' id='word_1_64' title='bbox 380 1378 494 1438; x_wconf 89' lang='lat' dir='ltr'>tecum</span> <span class='ocrx_word' id='word_1_65' title='bbox 517 1367 646 1439; x_wconf 86' lang='lat' dir='ltr'><strong>trahas.</strong></span> <span class='ocrx_word' id='word_1_66' title='bbox 669 1367 754 1438; x_wconf 84' lang='lat' dir='ltr'>Cum</span> <span class='ocrx_word' id='word_1_67' title='bbox 776 1366 868 1437; x_wconf 90' lang='lat' dir='ltr'>enim</span> <span class='ocrx_word' id='word_1_68' title='bbox 893 1366 931 1436; x_wconf 94' lang='lat' dir='ltr'>id</span> <span class='ocrx_word' id='word_1_69' title='bbox 955 1376 1056 1460; x_wconf 83' lang='lat' dir='ltr'>turpe</span> <span class='ocrx_word' id='word_1_70' title='bbox 1080 1365 1258 1451; x_wconf 77' lang='lat' dir='ltr'>omnihuS,</span> <span class='ocrx_word' id='word_1_71' title='bbox 1282 1375 1356 1436; x_wconf 90' lang='lat' dir='ltr'>tum</span> 
     </span>
     <span class='ocr_line' id='line_1_10' title="bbox 276 1473 1358 1584; baseline 0 -24"><span class='ocrx_word' id='word_1_72' title='bbox 276 1489 338 1561; x_wconf 91' lang='lat' dir='ltr'>tihi</span> <span class='ocrx_word' id='word_1_73' title='bbox 360 1473 658 1582; x_wconf 14' lang='lat' dir='ltr'>turpissimum-et</span> <span class='ocrx_word' id='word_1_74' title='bbox 674 1493 811 1584; x_wconf 86' lang='lat' dir='ltr'>penitus</span> <span class='ocrx_word' id='word_1_75' title='bbox 834 1490 984 1560; x_wconf 90' lang='lat' dir='ltr'>alienum</span> <span class='ocrx_word' id='word_1_76' title='bbox 1004 1497 1072 1560; x_wconf 88' lang='lat' dir='ltr'>est.</span> <span class='ocrx_word' id='word_1_77' title='bbox 1090 1489 1175 1560; x_wconf 90' lang='lat' dir='ltr'>Nam</span> <span class='ocrx_word' id='word_1_78' title='bbox 1196 1488 1282 1580; x_wconf 92' lang='lat' dir='ltr'>quid</span> <span class='ocrx_word' id='word_1_79' title='bbox 1301 1490 1358 1560; x_wconf 80' lang='lat' dir='ltr'>hae</span> 
     </span>
     <span class='ocr_line' id='line_1_11' title="bbox 272 1612 1354 1716; baseline 0.001 -33"><span class='ocrx_word' id='word_1_80' title='bbox 272 1613 397 1684; x_wconf 87' lang='lat' dir='ltr'>litterae</span> <span class='ocrx_word' id='word_1_81' title='bbox 415 1614 620 1716; x_wconf 82' lang='lat' dir='ltr'>profuerint,</span> <span class='ocrx_word' id='word_1_82' title='bbox 642 1614 728 1704; x_wconf 91' lang='lat' dir='ltr'>quid</span> <span class='ocrx_word' id='word_1_83' title='bbox 742 1612 859 1684; x_wconf 89' lang='lat' dir='ltr'>studia</span> <span class='ocrx_word' id='word_1_84' title='bbox 878 1613 955 1683; x_wconf 89' lang='lat' dir='ltr'>haec</span> <span class='ocrx_word' id='word_1_85' title='bbox 974 1612 1100 1684; x_wconf 90' lang='lat' dir='ltr'>artium</span> <span class='ocrx_word' id='word_1_86' title='bbox 1120 1612 1354 1698; x_wconf 84' lang='lat' dir='ltr'>honestarum,</span> 
     </span>
     <span class='ocr_line' id='line_1_12' title="bbox 275 1733 1359 1830; baseline 0 -24"><span class='ocrx_word' id='word_1_87' title='bbox 275 1736 402 1830; x_wconf 87' lang='lat' dir='ltr'>quihus</span> <span class='ocrx_word' id='word_1_88' title='bbox 424 1745 458 1805; x_wconf 89' lang='lat' dir='ltr'>te</span> <span class='ocrx_word' id='word_1_89' title='bbox 479 1736 701 1827; x_wconf 88' lang='lat' dir='ltr'>praecunctis</span> <span class='ocrx_word' id='word_1_90' title='bbox 723 1734 838 1806; x_wconf 85' lang='lat' dir='ltr'>aetatis</span> <span class='ocrx_word' id='word_1_91' title='bbox 855 1746 986 1807; x_wconf 89' lang='lat' dir='ltr'>nostrae</span> <span class='ocrx_word' id='word_1_92' title='bbox 1005 1733 1155 1807; x_wconf 87' lang='lat' dir='ltr'>ducibus</span> <span class='ocrx_word' id='word_1_93' title='bbox 1175 1734 1359 1807; x_wconf 88' lang='lat' dir='ltr'>abundan-</span> 
     </span>
     <span class='ocr_line' id='line_1_13' title="bbox 275 1856 1358 1950; baseline -0.001 -21"><span class='ocrx_word' id='word_1_94' title='bbox 275 1859 449 1930; x_wconf 89' lang='lat' dir='ltr'>tissimum</span> <span class='ocrx_word' id='word_1_95' title='bbox 469 1859 561 1929; x_wconf 87' lang='lat' dir='ltr'>sama</span> <span class='ocrx_word' id='word_1_96' title='bbox 580 1857 763 1950; x_wconf 86' lang='lat' dir='ltr'>praedicat‚</span> <span class='ocrx_word' id='word_1_97' title='bbox 778 1879 842 1928; x_wconf 90' lang='lat' dir='ltr'>neo</span> <span class='ocrx_word' id='word_1_98' title='bbox 862 1857 1043 1942; x_wconf 77' lang='lat' dir='ltr'>mentitur,</span> <span class='ocrx_word' id='word_1_99' title='bbox 1063 1856 1098 1928; x_wconf 87' lang='lat' dir='ltr'>si</span> <span class='ocrx_word' id='word_1_100' title='bbox 1117 1879 1196 1928; x_wconf 89' lang='lat' dir='ltr'>cum</span> <span class='ocrx_word' id='word_1_101' title='bbox 1214 1857 1358 1928; x_wconf 89' lang='lat' dir='ltr'>mehora</span> 
     </span>
     <span class='ocr_line' id='line_1_14' title="bbox 272 1979 1357 2075; baseline 0 -24"><span class='ocrx_word' id='word_1_102' title='bbox 272 1981 486 2075; x_wconf 75' lang='lat' dir='ltr'>provideriS,</span> <span class='ocrx_word' id='word_1_103' title='bbox 508 1981 682 2054; x_wconf 80' lang='lat' dir='ltr'>deteriora</span> <span class='ocrx_word' id='word_1_104' title='bbox 699 1981 864 2052; x_wconf 72' lang='lat' dir='ltr'>secteris?</span> <span class='ocrx_word' id='word_1_105' title='bbox 883 1979 985 2051; x_wconf 87' lang='lat' dir='ltr'>Absit</span> <span class='ocrx_word' id='word_1_106' title='bbox 1011 1981 1077 2052; x_wconf 94' lang='lat' dir='ltr'>hoc</span> <span class='ocrx_word' id='word_1_107' title='bbox 1096 1979 1141 2052; x_wconf 87' lang='lat' dir='ltr'>ab</span> <span class='ocrx_word' id='word_1_108' title='bbox 1162 1979 1279 2052; x_wconf 82' lang='lat' dir='ltr'>animo</span> <span class='ocrx_word' id='word_1_109' title='bbox 1298 1988 1357 2051; x_wconf 93' lang='lat' dir='ltr'>tuo</span> 
     </span>
     <span class='ocr_line' id='line_1_15' title="bbox 274 2100 1357 2198; baseline -0.006 -20"><span class='ocrx_word' id='word_1_110' title='bbox 274 2108 401 2192; x_wconf 87' lang='lat' dir='ltr'>scelus,</span> <span class='ocrx_word' id='word_1_111' title='bbox 423 2117 459 2178; x_wconf 91' lang='lat' dir='ltr'>et</span> <span class='ocrx_word' id='word_1_112' title='bbox 483 2116 522 2178; x_wconf 89' lang='lat' dir='ltr'>nt</span> <span class='ocrx_word' id='word_1_113' title='bbox 546 2105 615 2178; x_wconf 90' lang='lat' dir='ltr'>iam</span> <span class='ocrx_word' id='word_1_114' title='bbox 641 2101 849 2198; x_wconf 87' lang='lat' dir='ltr'>loquacioris</span> <span class='ocrx_word' id='word_1_115' title='bbox 870 2125 975 2196; x_wconf 86' lang='lat' dir='ltr'>quam</span> <span class='ocrx_word' id='word_1_116' title='bbox 1000 2100 1168 2197; x_wconf 85' lang='lat' dir='ltr'>putabam</span> <span class='ocrx_word' id='word_1_117' title='bbox 1197 2101 1357 2195; x_wconf 86' lang='lat' dir='ltr'>epistolae</span> 
     </span>
     <span class='ocr_line' id='line_1_16' title="bbox 273 2226 1358 2323; baseline -0.004 -23"><span class='ocrx_word' id='word_1_118' title='bbox 273 2231 399 2302; x_wconf 88' lang='lat' dir='ltr'>modus</span> <span class='ocrx_word' id='word_1_119' title='bbox 422 2230 481 2316; x_wconf 90' lang='lat' dir='ltr'>sit,</span> <span class='ocrx_word' id='word_1_120' title='bbox 500 2251 577 2317; x_wconf 92' lang='lat' dir='ltr'>oro,</span> <span class='ocrx_word' id='word_1_121' title='bbox 596 2251 726 2323; x_wconf 81' lang='lat' dir='ltr'>precor,</span> <span class='ocrx_word' id='word_1_122' title='bbox 739 2227 897 2310; x_wconf 87' lang='lat' dir='ltr'>obsecro,</span> <span class='ocrx_word' id='word_1_123' title='bbox 917 2226 1075 2298; x_wconf 86' lang='lat' dir='ltr'>obtestor</span> <span class='ocrx_word' id='word_1_124' title='bbox 1101 2237 1205 2319; x_wconf 87' lang='lat' dir='ltr'>atque</span> <span class='ocrx_word' id='word_1_125' title='bbox 1235 2226 1358 2297; x_wconf 88' lang='lat' dir='ltr'>adiuro</span> 
     </span>
     <span class='ocr_line' id='line_1_17' title="bbox 273 2346 1355 2444; baseline -0.005 -23"><span class='ocrx_word' id='word_1_126' title='bbox 273 2359 307 2422; x_wconf 91' lang='lat' dir='ltr'>te</span> <span class='ocrx_word' id='word_1_127' title='bbox 327 2371 390 2444; x_wconf 86' lang='lat' dir='ltr'>per</span> <span class='ocrx_word' id='word_1_128' title='bbox 409 2353 550 2426; x_wconf 88' lang='lat' dir='ltr'>virtutis</span> <span class='ocrx_word' id='word_1_129' title='bbox 576 2374 729 2425; x_wconf 85' lang='lat' dir='ltr'>amorem</span> <span class='ocrx_word' id='word_1_130' title='bbox 755 2373 796 2424; x_wconf 88' lang='lat' dir='ltr'>ac</span> <span class='ocrx_word' id='word_1_131' title='bbox 830 2348 1000 2433; x_wconf 91' lang='lat' dir='ltr'>studium,</span> <span class='ocrx_word' id='word_1_132' title='bbox 1032 2369 1102 2442; x_wconf 90' lang='lat' dir='ltr'>quo</span> <span class='ocrx_word' id='word_1_133' title='bbox 1127 2349 1213 2419; x_wconf 92' lang='lat' dir='ltr'>nulli</span> <span class='ocrx_word' id='word_1_134' title='bbox 1241 2346 1355 2432; x_wconf 88' lang='lat' dir='ltr'>cedis,</span> 
     </span>
     <span class='ocr_line' id='line_1_18' title="bbox 272 2477 1358 2569; baseline -0.005 -23"><span class='ocrx_word' id='word_1_135' title='bbox 272 2496 334 2567; x_wconf 89' lang='lat' dir='ltr'>per</span> <span class='ocrx_word' id='word_1_136' title='bbox 352 2477 474 2568; x_wconf 84' lang='lat' dir='ltr'>patriae</span> <span class='ocrx_word' id='word_1_137' title='bbox 494 2477 698 2548; x_wconf 88' lang='lat' dir='ltr'>charitatem</span> <span class='ocrx_word' id='word_1_138' title='bbox 716 2498 786 2569; x_wconf 87' lang='lat' dir='ltr'>qna</span> <span class='ocrx_word' id='word_1_139' title='bbox 798 2484 941 2547; x_wconf 86' lang='lat' dir='ltr'>cunctos</span> <span class='ocrx_word' id='word_1_140' title='bbox 958 2493 1164 2566; x_wconf 70' lang='lat' dir='ltr'>exsuperas</span> <span class='ocrx_word' id='word_1_141' title='bbox 1179 2479 1358 2566; x_wconf 88' lang='lat' dir='ltr'>postremo</span> 
     </span>
     <span class='ocr_line' id='line_1_19' title="bbox 271 2585 1358 2692; baseline -0.006 -24"><span class='ocrx_word' id='word_1_142' title='bbox 271 2621 336 2692; x_wconf 89' lang='lat' dir='ltr'>per</span> <span class='ocrx_word' id='word_1_143' title='bbox 367 2601 519 2692; x_wconf 91' lang='lat' dir='ltr'>quinque</span> <span class='ocrx_word' id='word_1_144' title='bbox 548 2599 676 2670; x_wconf 87' lang='lat' dir='ltr'>Christi</span> <span class='ocrx_word' id='word_1_145' title='bbox 696 2599 859 2682; x_wconf 86' lang='lat' dir='ltr'>vulnera,</span> <span class='ocrx_word' id='word_1_146' title='bbox 881 2595 1009 2689; x_wconf 89' lang='lat' dir='ltr'>quibus</span> <span class='ocrx_word' id='word_1_147' title='bbox 1036 2585 1296 2667; x_wconf 81' lang='lat' dir='ltr'>sacratissimus</span> <span class='ocrx_word' id='word_1_148' title='bbox 1322 2601 1358 2664; x_wconf 90' lang='lat' dir='ltr'>et</span> 
     </span>
     <span class='ocr_line' id='line_1_20' title="bbox 272 2717 1353 2812; baseline -0.003 -22"><span class='ocrx_word' id='word_1_149' title='bbox 272 2721 579 2795; x_wconf 89' lang='lat' dir='ltr'>innocentissimus</span> <span class='ocrx_word' id='word_1_150' title='bbox 614 2719 758 2812; x_wconf 81' lang='lat' dir='ltr'>sanguis</span> <span class='ocrx_word' id='word_1_151' title='bbox 784 2718 900 2802; x_wconf 87' lang='lat' dir='ltr'>lluxit,</span> <span class='ocrx_word' id='word_1_152' title='bbox 927 2738 998 2809; x_wconf 92' lang='lat' dir='ltr'>quo</span> <span class='ocrx_word' id='word_1_153' title='bbox 1022 2717 1194 2810; x_wconf 86' lang='lat' dir='ltr'>redempti</span> <span class='ocrx_word' id='word_1_154' title='bbox 1214 2737 1353 2798; x_wconf 79' lang='lat' dir='ltr'>sumac,</span> 
     </span>
     <span class='ocr_line' id='line_1_21' title="bbox 274 2838 1355 2935; baseline -0.006 -19"><span class='ocrx_word' id='word_1_155' title='bbox 274 2856 313 2916; x_wconf 91' lang='lat' dir='ltr'>ut</span> <span class='ocrx_word' id='word_1_156' title='bbox 332 2846 362 2916; x_wconf 90' lang='lat' dir='ltr'>si</span> <span class='ocrx_word' id='word_1_157' title='bbox 383 2867 439 2915; x_wconf 92' lang='lat' dir='ltr'>me</span> <span class='ocrx_word' id='word_1_158' title='bbox 460 2844 564 2930; x_wconf 91' lang='lat' dir='ltr'>bene,</span> <span class='ocrx_word' id='word_1_159' title='bbox 588 2842 616 2913; x_wconf 90' lang='lat' dir='ltr'>si</span> <span class='ocrx_word' id='word_1_160' title='bbox 636 2842 706 2935; x_wconf 89' lang='lat' dir='ltr'>pie,</span> <span class='ocrx_word' id='word_1_161' title='bbox 727 2840 756 2911; x_wconf 90' lang='lat' dir='ltr'>si</span> <span class='ocrx_word' id='word_1_162' title='bbox 774 2839 924 2912; x_wconf 88' lang='lat' dir='ltr'>fideliter</span> <span class='ocrx_word' id='word_1_163' title='bbox 943 2841 1125 2933; x_wconf 90' lang='lat' dir='ltr'>loquutum</span> <span class='ocrx_word' id='word_1_164' title='bbox 1144 2849 1255 2935; x_wconf 84' lang='lat' dir='ltr'>putas,</span> <span class='ocrx_word' id='word_1_165' title='bbox 1271 2838 1355 2911; x_wconf 90' lang='lat' dir='ltr'>mihi</span> 
     </span>
     <span class='ocr_line' id='line_1_22' title="bbox 272 2960 1355 3060; baseline -0.006 -22"><span class='ocrx_word' id='word_1_166' title='bbox 272 2986 375 3038; x_wconf 88' lang='lat' dir='ltr'>aures</span> <span class='ocrx_word' id='word_1_167' title='bbox 389 2966 612 3060; x_wconf 87' lang='lat' dir='ltr'>animumque</span> <span class='ocrx_word' id='word_1_168' title='bbox 630 2983 701 3032; x_wconf 94' lang='lat' dir='ltr'>non</span> <span class='ocrx_word' id='word_1_169' title='bbox 717 2981 840 3052; x_wconf 63' lang='lat' dir='ltr'>neges</span> <span class='ocrx_word' id='word_1_170' title='bbox 856 2969 891 3032; x_wconf 91' lang='lat' dir='ltr'>et</span> <span class='ocrx_word' id='word_1_171' title='bbox 904 2961 935 3032; x_wconf 88' lang='lat' dir='ltr'>si</span> <span class='ocrx_word' id='word_1_172' title='bbox 947 2960 1131 3032; x_wconf 88' lang='lat' dir='ltr'>consilium</span> <span class='ocrx_word' id='word_1_173' title='bbox 1148 2964 1272 3055; x_wconf 89' lang='lat' dir='ltr'>placet,</span> <span class='ocrx_word' id='word_1_174' title='bbox 1287 2983 1355 3032; x_wconf 94' lang='lat' dir='ltr'>non</span> 
     </span>
     <span class='ocr_line' id='line_1_23' title="bbox 271 3085 1355 3180; baseline -0.008 -18"><span class='ocrx_word' id='word_1_175' title='bbox 271 3099 474 3162; x_wconf 85' lang='lat' dir='ltr'>contemnas</span> <span class='ocrx_word' id='word_1_176' title='bbox 487 3098 674 3160; x_wconf 87' lang='lat' dir='ltr'>auctorem.</span> <span class='ocrx_word' id='word_1_177' title='bbox 689 3086 849 3180; x_wconf 84' lang='lat' dir='ltr'>Alioquin</span> <span class='ocrx_word' id='word_1_178' title='bbox 871 3086 989 3159; x_wconf 90' lang='lat' dir='ltr'>omnia</span> <span class='ocrx_word' id='word_1_179' title='bbox 1004 3085 1132 3158; x_wconf 86' lang='lat' dir='ltr'>videns</span> <span class='ocrx_word' id='word_1_180' title='bbox 1152 3087 1244 3158; x_wconf 86' lang='lat' dir='ltr'>Deus</span> <span class='ocrx_word' id='word_1_181' title='bbox 1258 3085 1355 3157; x_wconf 85' lang='lat' dir='ltr'>Chri-</span> 
     </span>
     <span class='ocr_line' id='line_1_24' title="bbox 272 3209 1354 3307; baseline -0.004 -23"><span class='ocrx_word' id='word_1_182' title='bbox 272 3225 347 3284; x_wconf 89' lang='lat' dir='ltr'>stus</span> <span class='ocrx_word' id='word_1_183' title='bbox 374 3211 473 3299; x_wconf 91' lang='lat' dir='ltr'>mihi,</span> <span class='ocrx_word' id='word_1_184' title='bbox 500 3221 535 3284; x_wconf 93' lang='lat' dir='ltr'>et</span> <span class='ocrx_word' id='word_1_185' title='bbox 563 3231 721 3307; x_wconf 82' lang='lat' dir='ltr'>praesens</span> <span class='ocrx_word' id='word_1_186' title='bbox 746 3211 782 3282; x_wconf 92' lang='lat' dir='ltr'>in</span> <span class='ocrx_word' id='word_1_187' title='bbox 811 3233 914 3282; x_wconf 90' lang='lat' dir='ltr'>omne</span> <span class='ocrx_word' id='word_1_188' title='bbox 936 3232 1054 3282; x_wconf 84' lang='lat' dir='ltr'>aevum</span> <span class='ocrx_word' id='word_1_189' title='bbox 1078 3209 1225 3303; x_wconf 87' lang='lat' dir='ltr'>epistola</span> <span class='ocrx_word' id='word_1_190' title='bbox 1246 3215 1354 3280; x_wconf 86' lang='lat' dir='ltr'>testes</span> 
     </span>
     <span class='ocr_line' id='line_1_25' title="bbox 272 3332 1355 3431; baseline -0.006 -23"><span class='ocrx_word' id='word_1_191' title='bbox 272 3336 342 3410; x_wconf 90' lang='lat' dir='ltr'>sint</span> <span class='ocrx_word' id='word_1_192' title='bbox 362 3337 412 3431; x_wconf 75' lang='lat' dir='ltr'>(ut</span> <span class='ocrx_word' id='word_1_193' title='bbox 432 3360 452 3408; x_wconf 89' lang='lat' dir='ltr'>a</span> <span class='ocrx_word' id='word_1_194' title='bbox 470 3335 657 3408; x_wconf 86' lang='lat' dir='ltr'>Plutarcho</span> <span class='ocrx_word' id='word_1_195' title='bbox 680 3335 886 3431; x_wconf 89' lang='lat' dir='ltr'>philosopho</span> <span class='ocrx_word' id='word_1_196' title='bbox 915 3332 1047 3427; x_wconf 89' lang='lat' dir='ltr'>aliquid</span> <span class='ocrx_word' id='word_1_197' title='bbox 1073 3353 1225 3416; x_wconf 85' lang='lat' dir='ltr'>sumam,</span> <span class='ocrx_word' id='word_1_198' title='bbox 1248 3342 1355 3424; x_wconf 89' lang='lat' dir='ltr'>tuque</span> 
     </span>
     <span class='ocr_line' id='line_1_26' title="bbox 273 3444 1355 3553; baseline -0.006 -22"><span class='ocrx_word' id='word_1_199' title='bbox 273 3461 321 3532; x_wconf 90' lang='lat' dir='ltr'>sis</span> <span class='ocrx_word' id='word_1_200' title='bbox 342 3444 447 3533; x_wconf 90' lang='lat' dir='ltr'>bodie</span> <span class='ocrx_word' id='word_1_201' title='bbox 461 3461 630 3532; x_wconf 84' lang='lat' dir='ltr'>Traianus</span> <span class='ocrx_word' id='word_1_202' title='bbox 649 3457 777 3553; x_wconf 84' lang='lat' dir='ltr'>meus),</span> <span class='ocrx_word' id='word_1_203' title='bbox 791 3458 886 3552; x_wconf 91' lang='lat' dir='ltr'>quod</span> <span class='ocrx_word' id='word_1_204' title='bbox 905 3456 941 3528; x_wconf 91' lang='lat' dir='ltr'>in</span> <span class='ocrx_word' id='word_1_205' title='bbox 958 3456 1146 3549; x_wconf 87' lang='lat' dir='ltr'>perniciem</span> <span class='ocrx_word' id='word_1_206' title='bbox 1160 3453 1269 3526; x_wconf 85' lang='lat' dir='ltr'>ltaliae</span> <span class='ocrx_word' id='word_1_207' title='bbox 1280 3459 1355 3524; x_wconf 89' lang='lat' dir='ltr'>&#39;non</span> 
     </span>
     <span class='ocr_line' id='line_1_27' title="bbox 272 3574 1354 3677; baseline -0.01 -22"><span class='ocrx_word' id='word_1_208' title='bbox 272 3583 377 3656; x_wconf 92' lang='lat' dir='ltr'>modo</span> <span class='ocrx_word' id='word_1_209' title='bbox 405 3605 474 3654; x_wconf 92' lang='lat' dir='ltr'>non</span> <span class='ocrx_word' id='word_1_210' title='bbox 500 3585 618 3677; x_wconf 82' lang='lat' dir='ltr'>pergis</span> <span class='ocrx_word' id='word_1_211' title='bbox 644 3594 785 3654; x_wconf 88' lang='lat' dir='ltr'>auctore</span> <span class='ocrx_word' id='word_1_212' title='bbox 811 3579 1011 3662; x_wconf 86' lang='lat' dir='ltr'>Francisco,</span> <span class='ocrx_word' id='word_1_213' title='bbox 1035 3577 1099 3650; x_wconf 88' lang='lat' dir='ltr'>sed</span> <span class='ocrx_word' id='word_1_214' title='bbox 1129 3597 1193 3672; x_wconf 92' lang='lat' dir='ltr'>pro</span> <span class='ocrx_word' id='word_1_215' title='bbox 1218 3574 1354 3646; x_wconf 86' lang='lat' dir='ltr'>viribus</span> 
     </span>
     <span class='ocr_line' id='line_1_28' title="bbox 272 3697 1357 3800; baseline -0.009 -23"><span class='ocrx_word' id='word_1_216' title='bbox 272 3711 471 3792; x_wconf 89' lang='lat' dir='ltr'>reluctante,</span> <span class='ocrx_word' id='word_1_217' title='bbox 487 3718 598 3800; x_wconf 91' lang='lat' dir='ltr'>teque,</span> <span class='ocrx_word' id='word_1_218' title='bbox 614 3704 756 3799; x_wconf 90' lang='lat' dir='ltr'>quando</span> <span class='ocrx_word' id='word_1_219' title='bbox 782 3701 876 3776; x_wconf 90' lang='lat' dir='ltr'>aliud</span> <span class='ocrx_word' id='word_1_220' title='bbox 896 3700 1029 3792; x_wconf 89' lang='lat' dir='ltr'>nequit,</span> <span class='ocrx_word' id='word_1_221' title='bbox 1051 3701 1122 3772; x_wconf 87' lang='lat' dir='ltr'>alto</span> <span class='ocrx_word' id='word_1_222' title='bbox 1145 3697 1298 3792; x_wconf 86' lang='lat' dir='ltr'>suspirio</span> <span class='ocrx_word' id='word_1_223' title='bbox 1323 3706 1357 3768; x_wconf 89' lang='lat' dir='ltr'>et</span> 
     </span>
     <span class='ocr_line' id='line_1_29' title="bbox 272 3827 968 3921; baseline -0.011 -21"><span class='ocrx_word' id='word_1_224' title='bbox 272 3831 409 3921; x_wconf 78' lang='lat' dir='ltr'>magnis</span> <span class='ocrx_word' id='word_1_225' title='bbox 430 3830 535 3900; x_wconf 86' lang='lat' dir='ltr'>animi</span> <span class='ocrx_word' id='word_1_226' title='bbox 558 3827 745 3920; x_wconf 82' lang='lat' dir='ltr'>gemitibus</span> <span class='ocrx_word' id='word_1_227' title='bbox 769 3832 968 3898; x_wconf 86' lang='lat' dir='ltr'>revocante.</span> 
     </span>
    </p>
   </div>
   <div class='ocr_carea' id='block_1_3' title="bbox 414 3975 968 4049">
    <p class='ocr_par' dir='ltr' id='par_1_3' title="bbox 414 3975 968 4049">
     <span class='ocr_line' id='line_1_30' title="bbox 414 3975 968 4049; baseline -0.005 -14"><span class='ocrx_word' id='word_1_228' title='bbox 414 3980 576 4049; x_wconf 86' lang='lat' dir='ltr'>Mediolani,</span> <span class='ocrx_word' id='word_1_229' title='bbox 591 3979 623 4033; x_wconf 83' lang='lat' dir='ltr'>ll.</span> <span class='ocrx_word' id='word_1_230' title='bbox 642 3979 703 4032; x_wconf 85' lang='lat' dir='ltr'>Kal.</span> <span class='ocrx_word' id='word_1_231' title='bbox 720 3977 792 4032; x_wconf 91' lang='lat' dir='ltr'>Iunii</span> <span class='ocrx_word' id='word_1_232' title='bbox 805 3975 968 4032; x_wconf 81' lang='lat' dir='ltr'>MGGGLIV.</span> 
     </span>
    </p>
   </div>
   <div class='ocr_carea' id='block_1_4' title="bbox 0 0 1516 4802">
    <p class='ocr_par' dir='ltr' id='par_1_4' title="bbox 0 0 1516 4802">
     <span class='ocr_line' id='line_1_31' title="bbox 0 0 1516 4802; baseline 0 0"><span class='ocrx_word' id='word_1_233' title='bbox 0 0 1516 4802; x_wconf 95' lang='lat' dir='ltr'> </span> 
     </span>
    </p>
   </div>
  </div>
 </body>
</html>
