3062 4798
380 391 474 440 urana
497 391 1002 443 ueruvusuuuruus.-e1³1srouu
1023 395 1054 443 u.
1198 383 1258 446 475

181 529 324 613 struxit,
343 528 445 599 aliam
463 499 700 623 longinquitas
714 531 827 603 invisa
841 531 1102 603 terrarumlibi
1116 533 1258 625 quidem

181 676 242 746 pro
254 651 384 724 eximia
396 651 599 724 liheralitate
613 652 743 744 gratias
758 675 833 744 ago.
849 653 934 724 Erat
947 652 1029 722 milri
1043 652 1148 737 domi,
1164 655 1259 727 dictu

181 777 313 859 mirum,
323 773 368 844 ab
377 793 504 846 occasu
514 775 661 845 veniens
674 775 755 845 olim
769 776 863 856 Plato
871 773 1154 866 philosophorum
1163 778 1259 870 priu-

179 919 274 992 cepS,
290 907 329 966 ut
340 898 430 968 nosti
447 897 678 990 (nequeenim
697 918 821 968 vereor
833 919 877 967 ne
897 905 935 966 tu
952 904 1069 967 tantus
1085 896 1149 979 vir,
1164 898 1260 990 quod

179 1019 375 1090 scholastici
395 1019 535 1110 quidam
559 1020 682 1104 solent,
705 1016 786 1089 h'uie
807 1017 982 1111 praeconio
1002 1017 1174 1112 obrepas,
1202 1019 1259 1089 eui

178 1161 245 1212 nou
257 1141 380 1228 ,Cicero
401 1140 487 1233 ipse,
503 1163 571 1212 non
587 1142 732 1224 Seneca,
746 1163 816 1211 nou
829 1139 1007 1234 Apuleius
1022 1162 1092 1210 uon
1104 1138 1258 1212 Plotinus

178 1286 325 1354 maguus
347 1263 402 1334 ille
423 1263 633 1360 Platonicus
657 1272 834 1357 postremo
853 1284 922 1333 non
944 1259 1167 1345 Ambrosius,
1190 1285 1259 1334 non

176 1383 398 1478 Augustinus
416 1396 533 1458 noster
547 1385 777 1480 obstreperet)
791 1407 885 1458 nuno
902 1382 1043 1456 tandem
1059 1395 1119 1456 tuo
1137 1407 1258 1456 mune-

179 1530 224 1592 re,
240 1509 296 1578 vir
309 1508 465 1599 insignio,
482 1508 774 1603 philosophorum
785 1506 928 1602 principi
943 1515 1122 1601 poetarum
1139 1508 1257 1598 graius

176 1629 336 1724 princeps
357 1629 515 1702 accessit.
534 1629 619 1713 Quis
640 1631 745 1702 tantis
766 1651 836 1702 nou
857 1629 1008 1721 gaudeat
1032 1639 1067 1700 et
1088 1629 1259 1721 glorietur

176 1751 394 1844 hospitibus?
413 1751 532 1825 Habeo
553 1749 692 1846 quidem
714 1775 761 1824 ex
783 1759 932 1845 utmque
952 1760 1122 1844 quantum
1143 1750 1257 1822 latini-

176 1883 229 1946 tas
250 1873 357 1945 habet
375 1874 411 1945 in
433 1885 593 1946 sermone
606 1875 728 1969 patrio,
744 1874 808 1945 sed
826 1895 959 1966 graecos
981 1877 1121 1968 proprio
1143 1873 1176 1944 in
1195 1873 1257 1946 ha·

173 1996 255 2068 hitu—
271 2004 441 2086 spectare,
460 1996 526 2066 etsi
547 2000 633 2068 forte
652 2018 721 2067 non
742 1996 864 2090 prosit,
883 2007 978 2068 certe
1002 1997 1110 2068 iuvat.
1138 1997 1257 2089 Neque

175 2124 346 2212 praeterea
363 2115 447 2186 mibi
465 2135 546 2208 spes
567 2117 709 2212 eripitur
730 2126 833 2188 aetate
859 2117 924 2190 hae
950 2120 1122 2211 profectus
1145 2116 1180 2186 in
1201 2117 1256 2188 lit-

177 2240 259 2312 teris
280 2238 424 2322 vestris,
460 2237 495 2309 in
524 2238 652 2331 quibus
679 2245 783 2310 aetate
808 2240 928 2311 ultima
953 2238 1142 2334 proiecisse
1168 2237 1256 2308 adeo

174 2361 350 2433 cernimus
365 2362 538 2432 Catonem.
554 2362 604 2432 Tu
619 2360 745 2452 siquid
762 2363 879 2434 forsan
893 2385 940 2433 ex
954 2383 1010 2432 me
1024 2361 1132 2453 cupis,
1148 2360 1255 2432 redde

175 2483 258 2553 milri
279 2481 416 2555 fiduciae
438 2492 543 2556 tantae
561 2483 672 2554 vicem
693 2493 728 2554 at
748 2484 782 2554 in
804 2506 861 2556 me
882 2484 956 2554 iure
975 2494 1034 2554 tuo
1052 2491 1159 2554 utere.
1178 2484 1255 2573 Ego

175 2605 265 2676 euim
283 2614 321 2677 ut
341 2606 443 2678 vides
461 2605 536 2678 iure
552 2628 630 2678 meo
651 2615 730 2678 utor
750 2605 786 2676 iu
807 2605 916 2700 tez'jet
935 2605 1099 2718 quoniam
1117 2605 1254 2700 petitio-

176 2725 229 2797 nis
250 2747 434 2800 successus
456 2727 597 2821 petendi
618 2728 708 2820 parit
727 2727 923 2812 audaciam,
946 2727 1056 2812 mitte,
1081 2727 1111 2798 si
1136 2735 1252 2809 vacat,

175 2849 376 2935 Hesiodum,
400 2852 497 2922 mitte
517 2872 639 2943 precor
655 2850 868 2943 Euripidem.
889 2849 991 2933 Vale,
1013 2850 1069 2920 vir
1095 2847 1253 2939 egregie,

77 2959 81 2966 ’
175 2993 370 3064 nomenque
389 2996 507 3045 meum
532 2972 627 3065 quod
652 2973 727 3044 siue
754 2971 832 3044 ullis
859 2973 1010 3056 meritis,
1038 2970 1251 3063 nescioquo

174 3092 385 3183 indulgentia
406 3097 463 3164 vel
484 3095 662 3167 homiuum
679 3097 735 3166 vel
754 3097 901 3168 fortunae
917 3095 985 3166 iam
1004 3094 1088 3166 satis
1110 3094 1144 3162 in
1162 3093 1254 3166 ocei-

172 3212 276 3284 dente
292 3213 527 3304 cognoscitur,
551 3215 586 3284 iu
605 3216 763 3287 orientali
788 3219 868 3288 aula
895 3217 923 3286 si
949 3216 1090 3287 videtur
1110 3226 1145 3286 et
1165 3215 1254 3286 inter

172 3346 313 3408 vestros
334 3333 460 3405 heroas
487 3344 605 3404 uotum
625 3335 742 3416 facito,
766 3346 804 3405 ut
827 3336 921 3427 quod
944 3340 1108 3407 roman'us
1136 3336 1253 3406 Caesar

174 3456 391 3550 amplectitur
404 3455 779 3547 Costantiuopolitauus
797 3476 867 3527 non
884 3454 1037 3528 fastidiat
1050 3457 1252 3550 Imperator.

315 3601 479 3670 Mediolani,
496 3599 534 3656 lll
549 3599 616 3655 Idus
631 3598 761 3654 Ianuarii.
841 3607 850 3630 ‘
888 3617 895 3628 ·
