2988 4800
264 304 321 364 180
603 318 643 364 ou
665 318 765 366 eunus
787 317 1007 366 rmuulmuus

262 455 393 537 audire,
417 475 480 523 nec
501 475 647 544 parvum
667 453 886 547 prosperitati
912 477 999 526 meae
1024 457 1201 526 cumulum
1224 479 1341 528 acces-

264 582 353 650 sisse
373 577 521 649 arbitror
541 599 588 646 ex
608 598 650 646 eo
671 576 740 660 die,
763 599 833 669 quo
854 599 910 648 me
928 579 978 649 sie
998 556 1117 648 amare
1133 579 1165 647 in
1186 579 1339 650 animum

261 702 440 774 induxisti.
464 702 536 772 Sub
569 702 725 793 epistolae
746 710 815 772 tuae
835 700 936 771 linem
972 701 1126 793 graviter
1152 704 1339 774 admodum

261 825 528 916 verecundaque
551 823 715 918 seriptum
734 835 809 894 erat
827 835 859 894 te
877 825 984 914 vulgo
1002 825 1119 909 vilem,
1141 825 1170 894 si
1188 825 1290 896 lectio
1307 836 1340 894 et

260 947 472 1019 familiaritas
501 957 695 1041 poetarum,
718 946 846 1038 quibus
867 947 967 1017 uuiee
992 947 1187 1030 delectaris,
1208 948 1243 1015 in
1262 950 1340 1019 vul-

261 1092 327 1160 gus
348 1071 537 1162 eruperint,
558 1069 617 1152 tibi
633 1091 716 1140 vero
734 1071 791 1140 vel
809 1069 912 1140 taeita
928 1070 1137 1140 conscientia
1158 1071 1337 1141 cariorem.

260 1194 452 1293 Utrumque
476 1192 635 1263 collaudo
660 1192 753 1283 quod
777 1193 963 1286 populares
988 1193 1133 1285 ineptias
1154 1202 1189 1262 et
1214 1215 1339 1264 noscas

259 1326 294 1384 et
315 1319 437 1386 caloes.
460 1313 547 1385 lllud
568 1315 803 1407 prudentiam,
829 1316 895 1385 hoo
920 1315 1131 1386 nobilitatem
1159 1316 1265 1386 animi
1291 1317 1338 1387 tui

260 1438 371 1508 decet.
393 1439 520 1508 Verum
543 1438 676 1508 ethaeo
697 1459 836 1530 quoque
858 1437 968 1508 maior
985 1460 1042 1508 res
1060 1448 1116 1508 est
1135 1461 1238 1532 quam
1261 1448 1338 1509 uta

259 1570 493 1654 praetereunte
530 1561 710 1631 tractanda
743 1559 806 1645 sit,
842 1572 877 1631 et
909 1560 1090 1644 modeste,
1124 1561 1190 1631 nisi
1225 1563 1337 1644 fallor,

259 1682 439 1753 obruenda
457 1683 608 1766 silentio,
628 1705 671 1754 ue
688 1691 749 1754 aut
768 1683 882 1754 ocium
900 1693 1056 1754 nostrum
1076 1683 1202 1754 iactare
1220 1685 1338 1755 videa-

259 1826 349 1887 mur,
373 1813 433 1873 aut
452 1803 694 1894 ignorantibus
720 1806 899 1877 insultare.
921 1807 1043 1878 Restat
1062 1817 1100 1877 ut
1120 1807 1250 1877 amieos
1272 1810 1337 1878 sal-

257 1947 343 1996 vere
355 1923 488 2008 iubeas
503 1947 592 2017 quos
605 1927 784 2000 nominare
797 1951 866 2000 non
880 1930 1016 2011 attinet;
1030 1931 1120 2000 nosti
1133 1953 1192 2002 cor
1205 1953 1333 2015 meum,

258 2048 386 2141 quibus
404 2051 439 2119 in
454 2051 538 2122 locis
556 2051 701 2124 habitat.
720 2054 831 2124 Raros
852 2053 956 2124 habet
976 2053 1145 2148 hospites
1162 2053 1225 2124 sed
1238 2052 1335 2126 fidos

257 2173 342 2244 Vale
368 2173 463 2258 felix,
493 2184 528 2246 et
548 2186 661 2247 temne
681 2177 852 2268 vulgaria.

400 2320 494 2375 Idibus
510 2321 660 2392 lanuariiS,
676 2339 761 2394 super
774 2323 890 2378 flumina
904 2321 1060 2392 Babylonis.

674 2786 851 2850 EPISTULA
878 2789 910 2852 V.

444 3017 636 3068 Funuclscus
658 3020 826 3069 PETRARCA
848 3021 1023 3072 runuclsuo
1044 3025 1149 3074 Palem

502 3124 691 3173 sauctorum
713 3125 944 3176 APOSTOLORUM
966 3128 991 3176 S.
1013 3130 1040 3176 P.
1062 3130 1092 3178 Ι).

257 3340 345 3404 Quam
360 3340 396 3393 sit
411 3339 522 3394 difficile
537 3342 622 3395 animi
635 3359 734 3396 sensus
749 3343 872 3398 oratione
886 3344 1025 3414 pandere:
1043 3361 1126 3416 quam
1142 3346 1194 3400 sibi
1205 3347 1285 3402 dulce
1300 3348 1334 3402 ab

326 3445 358 3483 eo
376 3435 477 3500 praeter
495 3431 626 3485 meritum
644 3431 721 3502 diligi
740 3438 767 3486 et
783 3433 812 3486 in
825 3435 914 3504 pretio
933 3432 1044 3488 haberi:
1065 3451 1115 3488 our
1134 3435 1257 3489 carmina
1279 3436 1332 3507 ipsi

326 3519 416 3573 dicata
433 3519 558 3574 nondum
577 3521 698 3575 miserit:
716 3523 878 3576 Pontificem
898 3522 1017 3594 denique
1032 3523 1133 3578 honam
1148 3541 1226 3596 spem
1240 3525 1274 3578 de
1290 3541 1334 3579 va—

326 3609 449 3664 letudine
462 3626 512 3663 sua
525 3609 658 3679 praehere.

355 3875 425 3945 lam
443 3878 599 3947 celerans
632 3875 687 3948 die
717 3876 882 3972 inscripto
902 3878 1081 3972 epistolam
1103 3881 1329 3965 claudebam,

255 3995 336 4065 dum
359 4018 439 4066 eoae
461 3996 602 4069 nuntius
624 4000 723 4082 alter,
746 4011 780 4070 et
799 4000 943 4091 epistola
971 4010 1028 4072 tua
1054 4009 1178 4074 recens
1199 4011 1330 4074 tantum

255 4115 367 4206 priore
381 4117 514 4190 dulcior
527 4131 729 4213 tantumque
750 4122 903 4205 suavior,
920 4136 1086 4215 quantum
1106 4136 1248 4217 tempore
1262 4146 1331 4194 cre-
