2988 4800
293 374 350 435 1ἳῦ
627 389 667 435 DE
689 388 789 436 REBUS
812 385 1033 434 fauttttatuus

292 523 502 596 lamitatihus
523 525 614 594 enim
634 525 764 594 nostris
782 525 933 616 gaudere
951 533 1116 618 poterunt
1141 525 1274 609 hosteS,
1304 527 1363 596 sed

292 647 432 719 minime
457 645 608 738 gloriari.
643 647 736 718 luter
768 656 893 718 cuncta
925 647 1087 717 nimirum
1109 647 1238 740 quibus
1260 671 1364 740 angor

293 779 354 841 aut
371 779 510 853 terreor,
529 770 576 838 nil
593 771 704 861 magis
717 791 822 863 quam
837 769 1070 840 intractabiles
1084 772 1218 841 animos
1235 782 1271 842 et
1287 793 1364 842 oon-

292 892 368 965 silia
388 892 554 966 iuvenum
575 913 735 987 pavesco.
758 893 882 983 Ignara
903 903 989 962 aetas
1007 905 1063 962 est
1080 914 1122 963 ac
1140 894 1290 963 fortunae
1306 917 1365 965 vo-

291 1015 406 1086 lubilis
428 1016 623 1109 inexperta,
645 1025 680 1085 et
699 1016 799 1086 cuius
820 1014 951 1107 impetu
970 1036 1099 1105 magna
1117 1014 1199 1086 olim
1225 1017 1365 1108 imperia

291 1149 506 1212 corruerunt.
525 1139 648 1209 Omnia
667 1140 742 1224 sibi,
761 1161 841 1233 quae
859 1141 1011 1232 cupiunt,
1026 1142 1244 1233 pollicentem
1257 1163 1366 1234 eoque

293 1260 487 1354 saepissime
507 1263 680 1332 falluntur.
703 1263 745 1333 Ut
766 1262 857 1334 enim
879 1285 1002 1333 verum
1022 1263 1188 1356 estquod
1208 1265 1258 1335 ait
1276 1263 1366 1357 apud

292 1384 428 1454 Livium
445 1383 501 1454 ille
522 1385 735 1456 clarissimus
756 1384 847 1456 bello
863 1386 934 1454 vir:
953 1397 1072 1455 temere
1087 1388 1219 1458 incerto
1234 1408 1366 1455 coruum

210 1522 213 1531 '
291 1518 433 1601 reputat,
453 1530 549 1599 quem
569 1531 741 1598 nunquam
758 1513 895 1598 fortuna
910 1507 1050 1602 decepit,
1069 1511 1119 1580 sic
1138 1522 1174 1580 ct
1193 1511 1290 1601 quod
1314 1530 1368 1579 se-

292 1632 409 1724 quitur
429 1653 552 1701 verum
572 1641 640 1717 est,
668 1655 830 1724 nusquam
855 1634 964 1702 minus
989 1644 1125 1702 eventus
1149 1631 1365 1724 respondere,

295 1776 393 1846 quam
412 1756 446 1823 in
463 1755 553 1822 bello.
574 1755 658 1825 Falli
678 1757 797 1846 procul
817 1753 924 1825 dubio
937 1776 1083 1826 necesse
1096 1765 1153 1826 est
1165 1778 1227 1827 eos
1240 1755 1367 1848 quibus

293 1897 385 1948 uuus
405 1877 602 1963 dumtaxat,
624 1877 725 1971 isque
745 1899 891 1949 serenus
912 1899 952 1949 ac
973 1878 1194 1972 tranquillus,
1215 1882 1363 1951 fortunae

293 2002 412 2071 vultus
431 2001 600 2096 apparuit.
621 1999 756 2072 Bilrons
773 2001 952 2086 estasim,
974 2002 1220 2095 aliquantoque
1240 2001 1368 2095 saepius

295 2123 448 2196 violenta
479 2146 584 2217 quam
613 2124 722 2207 mitis,
761 2125 909 2218 ideoque
943 2127 1044 2196 laetus
1076 2124 1206 2208 audivi,
1242 2135 1275 2194 16
1312 2145 1368 2194 res

295 2247 478 2339 ambiguas
507 2248 553 2319 ad
582 2248 690 2319 senile
719 2247 901 2318 consilium
923 2248 1194 2318 reiecissefloc
1219 2246 1370 2338 pruden-

295 2373 376 2444 tiam
396 2394 581 2464 moresque
598 2383 677 2442 tuos
694 2371 821 2456 decuit,
840 2393 988 2464 quorum
1006 2370 1161 2462 gravitas
1174 2378 1280 2460 atque
1296 2388 1370 2437 ma·

295 2495 419 2566 turitas
438 2504 472 2564 16
492 2493 527 2563 10
548 2495 605 2565 illa
621 2494 694 2565 acie
710 2495 860 2587 primum
876 2493 970 2578 lecit,
984 2515 1064 2564 cum
1078 2492 1194 2564 adhoc
1210 2492 1245 2560 in
1262 2493 1369 2561 altera

295 2616 344 2688 sis
373 2627 485 2689 aetate.
518 2615 772 2688 Adolescentia
803 2617 984 2702 ferociam,
1020 2616 1117 2687 senio
1149 2615 1369 2711 prudentiam

294 2739 510 2823 adscribunt3
531 2749 567 2810 61
582 2763 651 2811 000
670 2739 842 2810 immerito
859 2739 905 2809 illi
923 2739 1098 2832 quondam
1113 2740 1278 2810 Romanae
1289 2736 1369 2808 Rei-

293 2863 441 2957 publicae
454 2862 625 2955 magistri,
641 2883 788 2956 quorum
810 2861 930 2934 virtuti
950 2863 1036 2932 nihil
1056 2863 1275 2936 inaccessum
1294 2860 1366 2944 luit,

295 2987 371 3057 sive
391 2986 437 3056 ob
457 2987 622 3057 honorem
649 2986 725 3057 sive
746 2985 791 3057 ob
812 2985 1070 3058 similitudinem
1094 2997 1251 3079 patemae
1277 2983 1369 3056 solli-

293 3108 455 3182 citudinis
474 3110 596 3180 Patres
616 3108 712 3194 dicti,
734 3109 780 3180 ob
800 3118 939 3181 aetatem
963 3123 1057 3182 certe
1078 3113 1282 3182 Senatorum
1307 3130 1368 3178 no-

295 3251 375 3300 men
405 3243 621 3324 acceperunt.
656 3232 733 3316 Qua
761 3253 844 3304 cura
876 3233 1061 3304 iuvenibus
1093 3233 1257 3325 primum,
1285 3252 1367 3301 mox

295 3363 398 3426 aetate
417 3366 537 3458 nostra
568 3356 686 3449 pueris
719 3378 858 3450 quoque
883 3357 1068 3449 permissa,
1097 3379 1144 3427 ex
1169 3375 1273 3447 quam
1300 3355 1368 3424 alto

295 3478 535 3564 ceciderimus,
558 3479 688 3550 utinam
708 3501 777 3550 non
799 3487 867 3548 tam
888 3479 1024 3574 publice
1045 3487 1163 3549 notum
1181 3473 1283 3548 foret
1301 3475 1367 3547 Sed

296 3604 340 3676 de
360 3602 426 3676 hoc
445 3603 535 3676 alibi.
558 3604 676 3697 Neque
695 3605 786 3675 enim
808 3605 885 3675 leve
905 3613 961 3675 est
981 3604 1091 3676 dolori
1112 3625 1152 3675 ac
1173 3601 1295 3697 pudori
1322 3600 1367 3672 si-

296 3731 366 3800 mul
395 3728 644 3822 obsequentem
676 3739 710 3800 et
742 3728 869 3800 dellere
902 3727 1092 3822 praeterita,
1126 3737 1162 3798 61
1193 3724 1366 3796 venientia

295 3853 492 3946 providere,
514 3853 598 3925 dare
619 3843 745 3925 damno
763 3852 923 3925 lacrimas
941 3862 976 3923 et
992 3851 1147 3945 periculo
1164 3850 1366 3922 cautionem.

231 4019 233 4024 ·
296 3974 350 4050 Ad
371 3977 405 4046 id
425 3999 521 4068 ergo,
543 3975 637 4070 quod
657 3976 796 4048 venturi
816 3987 910 4048 metu
931 3975 1078 4061 crucior,
1102 3981 1270 4045 revertor.
1294 3969 1366 4039 Sol-

295 4097 439 4181 licitum,
474 4099 595 4183 fateor,
634 4107 738 4190 atque
777 4097 960 4169 attonitum
1006 4118 1060 4168 me
1099 4095 1208 4167 hahet
1249 4090 1368 4188 patriae

294 4226 368 4293 luae
390 4226 512 4298 status.
533 4221 583 4288 De
605 4229 637 4290 16
656 4219 739 4311 quid
761 4219 894 4290 dicam?
911 4219 1017 4289 Cuius
1037 4216 1129 4287 enim
1151 4213 1270 4307 gloriae
1291 4233 1368 4304 gra-
