3062 4798
368 372 460 420 nrnnn
482 371 1001 424 snrrluusunmuus-nrusronu
1026 377 1064 423 vr.
1195 365 1254 424 llb

161 510 384 582 convellunt.
403 507 485 592 Sed,
507 511 559 581 vir
580 511 721 604 optime,
745 509 830 603 quid
850 515 973 604 agam?
992 512 1104 586 Viden
1132 525 1170 584 ut
1191 538 1255 586 un-

160 631 316 702 dantem
337 630 448 725 plenis
469 630 640 704 imbribus
667 653 789 702 urnam
815 653 971 726 praeneps
998 642 1112 706 vertat
1137 633 1255 728 Aqua-

161 752 265 823 rius?
286 753 449 824 lemnon
470 752 599 846 pluviae
626 753 690 826 sed
710 753 853 824 llumina
874 757 962 826 eoelo
988 768 1105 827 ruunt:
1133 757 1255 830 semita

161 877 285 948 omnis
308 877 344 946 in
366 898 468 948 usum
490 876 656 948 tumentis
682 876 772 950 alvei
793 899 898 948 versa
918 884 988 960 est,
1017 886 1054 948 ut
1081 899 1150 949 non
1169 901 1256 951 eun-

159 997 251 1070 dum
267 998 472 1084 viatoribus,
489 999 552 1070 sed
572 998 763 1072 natandum
783 999 986 1070 sit-Verum
1004 999 1089 1092 qnid
1109 1001 1256 1093 loquor?

162 1120 219 1190 Ah
256 1119 424 1192 demens!
454 1119 519 1202 Qui
550 1120 642 1190 enim
673 1119 801 1212 quietis
833 1119 1061 1192 avidissimus
1094 1119 1163 1193 diei
1193 1121 1255 1192 vix

163 1245 274 1316 unius
308 1244 374 1313 iter
408 1242 545 1322 horreo,
565 1240 706 1322 dierum
737 1242 982 1336 profectionem
1014 1243 1103 1314 inire
1135 1242 1257 1315 iubeor

163 1367 375 1452 multorum,
404 1372 574 1458 notasque
603 1364 687 1434 rnihi
713 1365 857 1436 nimium
878 1361 999 1458 Alpes,
1024 1363 1138 1436 media
1164 1388 1256 1437 nune

163 1487 299 1582 hyeme
319 1487 476 1560 transire.
496 1488 556 1558 llle
569 1508 624 1558 me
641 1486 701 1570 ire,
716 1487 775 1579 qui
795 1495 828 1558 te
842 1488 959 1559 forsan
973 1485 1078 1560 eundi
1091 1487 1256 1588 cupidum

163 1616 265 1680 stare
294 1607 409 1681 iubet:
431 1609 479 1680 ita
504 1629 611 1703 prope
638 1611 753 1681 nullus
780 1619 961 1682 contentus
997 1609 1094 1681 vivit.
1125 1609 1256 1682 Parebo

164 1736 304 1810 tamem
326 1730 442 1824 utqui
464 1729 596 1802 iubenti
622 1731 670 1802 nil
690 1731 829 1824 penitus
852 1752 983 1822 negare
1003 1732 1123 1816 velim;
1150 1732 1256 1823 idque

164 1875 209 1926 eo
231 1854 429 1947 promptius
446 1851 516 1946 quo
539 1875 592 1925 me
606 1862 648 1926 trt
666 1855 804 1949 proprie
821 1853 985 1938 dixerim,
1006 1876 1074 1927 non
1090 1853 1189 1925 iubet
1200 1855 1256 1926 ille

165 1975 233 2048 sed
255 1985 370 2065 rogat,
387 1977 558 2045 fortunam
578 1997 676 2047 suam
694 1976 856 2067 quamvis
873 1975 1076 2047 altissimam
1097 1976 1257 2048 humani-

166 2107 242 2170 tate
261 2096 318 2166 illa
332 2097 511 2168 notissima
527 2119 789 2193 supergressus.
808 2100 981 2183 Quantum
1001 2110 1171 2191 praeterea
1185 2102 1259 2170 via-

167 2244 251 2294 rum
279 2219 374 2313 rigor
393 2228 429 2291 et
448 2219 615 2293 brumalis
642 2232 748 2292 terret
773 2223 957 2315 asperitas,
986 2230 1119 2293 tantum
1146 2223 1257 2314 prole-

168 2342 298 2415 ctionis
319 2365 425 2416 causa
445 2342 606 2424 delectat3
627 2365 669 2416 eo
686 2344 776 2414 enim
791 2342 835 2414 ad
850 2364 970 2435 paoem
984 2342 1073 2414 inter
1090 2341 1258 2435 potentis·
1276 2395 1280 2422 ,

171 2465 284 2536 simos
304 2463 393 2536 duos
420 2465 528 2538 ltaliae
555 2468 700 2562 populos
722 2463 995 2548 reformandam,
1017 2472 1087 2532 tam
1113 2460 1259 2534 feliciter

170 2588 307 2658 utinam
327 2609 431 2678 quam
453 2587 609 2658 libenter.
629 2587 715 2658 Cum
737 2594 852 2656 autem
870 2607 938 2676 ego
955 2585 1058 2656 simul
1075 2595 1111 2655 et
1129 2595 1258 2676 tempe-

172 2708 245 2782 ries
264 2729 373 2786 verna
394 2707 610 2792 redierimus,
631 2710 678 2779 nil
703 2709 787 2778 mihi
809 2710 928 2801 procul
949 2706 1056 2780 dublo
1076 2707 1173 2802 prius
1194 2705 1260 2776 erit

173 2853 281 2924 quam
301 2841 338 2902 nt
358 2833 432 2903 loon
453 2831 581 2924 insigni
603 2832 680 2904 viso
700 2841 735 2903 et
752 2831 864 2903 amieo
883 2830 1016 2924 optimo
1036 2830 1163 2912 reviso,
1181 2829 1260 2900 hinc

173 2951 263 3024 illud
283 2952 442 3047 impleam
461 2953 556 3048 quod
573 2954 726 3047 promisi.
749 2955 843 3026 Vale.
939 3007 943 3014 ·

595 3379 773 3446 EPISTOLA
796 3383 851 3445 Vll.

320 3565 514 3618 snlnclsctts
535 3567 706 3617 Parauaea
725 3567 898 3617 Rosulano
920 3566 1122 3618 ANGUISSOLAE

498 3671 633 3720 PllAESlDl
655 3671 793 3720 COldENSl
813 3671 839 3721 S.
861 3672 889 3719 Ρ.
911 3672 940 3721 lt.

237 3837 418 3894 Commendat
434 3839 555 3893 amioum
568 3837 598 3892 in
613 3835 791 3892 Germaniam
805 3836 924 3906 patriam
939 3853 1017 3892 suam
1034 3838 1207 3893 redeuntem.
1290 3837 1296 3864 ‘

279 4047 356 4127 Misi
372 4055 417 4128 nd
439 4065 473 4127 te
490 4077 559 4127 non
576 4057 764 4150 voluptatis
783 4054 962 4128 materiam
982 4056 1045 4128 sed
1066 4053 1206 4138 laboris,
1226 4066 1262 4126 ut

182 4181 287 4248 soleo.
307 4179 434 4252 Posses
456 4186 577 4272 optare
598 4178 723 4250 utalia
744 4177 913 4250 terrarum
935 4177 971 4247 in
1002 4189 1100 4270 parte
1120 4197 1260 4269 agerem
