3024 4802
364 404 457 454 LIBER
479 402 731 457 Nollosoltltlllus.
745 423 782 434 -
795 405 949 455 EPISTULA
970 407 1022 454 llll.
1173 399 1228 460 517

133 559 285 613 verear:
309 539 372 612 sed
391 540 486 632 quod
507 541 572 612 hoo
594 551 652 614 tuo
679 551 748 614 tam
775 542 942 636 praecipiti
967 542 1143 634 digressu,
1178 547 1231 618 lu·

133 683 273 756 gaeque
297 662 433 756 (verum
457 663 506 734 uti
536 663 656 758 fatear)
679 663 867 747 simillimo,
890 665 1061 736 neminem
1086 677 1117 738 te
1138 667 1231 738 arbi-

136 793 218 858 tror
233 784 432 866 tristiorem.
447 787 524 870 Quo
537 787 649 876 magis
663 785 845 878 magisque
859 808 915 857 me
929 786 1110 860 attonitum
1125 789 1231 862 habet

133 909 210 980 hoo
231 906 429 992 consilium,
451 907 507 980 cui
527 929 572 978 an
592 909 730 978 fortuna
757 929 910 999 unquam
937 911 1074 980 sautura
1099 909 1144 982 sit
1168 932 1231 980 ne·

134 1029 233 1114 seio,
262 1038 355 1100 corle
376 1023 464 1101 ratio
484 1039 520 1100 et
539 1028 652 1100 virtus
678 1036 714 1098 et
734 1025 814 1100 boni
835 1049 957 1102 omnes
980 1038 1173 1124 totumque,
1199 1032 1230 1104 si

134 1150 239 1245 loqui
260 1152 386 1244 possit,
410 1151 595 1245 Imperium
617 1150 862 1235 adversantur,
885 1151 964 1224 mali
985 1174 1107 1226 omnes
1128 1156 1229 1249 plau·

133 1273 232 1346 dunt
248 1295 288 1348 ao
305 1272 463 1346 rebelles.
486 1273 498 1344 l
518 1284 647 1359 tamen,
662 1273 803 1367 quando
823 1272 870 1346 ita
889 1272 1000 1347 lixum
1020 1277 1135 1348 animo
1156 1285 1226 1348 est:

134 1394 207 1468 sed
229 1393 296 1466 hoo
326 1417 464 1488 quoquo
484 1396 663 1498 memoriae
691 1405 728 1466 ut
761 1395 883 1486 alligas
911 1396 1014 1468 velim
1035 1408 1071 1470 et
1095 1399 1227 1472 valedi-

133 1519 254 1592 centis
272 1521 472 1592 memoriale
490 1521 735 1592 munusculum
753 1527 867 1590 tecum
885 1522 993 1591 ieras:
1011 1541 1032 1592 a
1052 1522 1145 1591 nullo
1163 1543 1227 1590 nn·

132 1664 248 1736 quam
269 1641 461 1736 principum
485 1653 612 1716 tantam
635 1662 741 1736 spem,
774 1651 841 1712 tam
862 1640 1129 1727 lloridamstam
1152 1663 1228 1714 ma-

133 1775 266 1847 turam.
288 1774 428 1858 tamque
448 1764 631 1836 honestam
653 1771 777 1858 sponte
794 1763 981 1834 desertam.
1000 1761 1123 1856 Neque
1140 1785 1227 1836 vero

133 1886 255 1957 minor
280 1885 418 1957 animus
439 1907 619 1957 romanum
641 1883 829 1977 prinoipem
856 1885 1002 1958 decebat
1028 1908 1133 1978 quam
1154 1887 1227 1959 Ma-

45 1991 49 2010 ’
132 2008 314 2080 oedonum
337 2027 466 2098 regem,
490 2004 548 2098 qui
569 2027 653 2077 mox
674 2005 801 2077 finibus
819 2006 941 2099 patriis
959 2029 1140 2098 egressus,
1157 2030 1227 2079 non

135 2150 179 2202 se
212 2127 428 2202 Macedoniae
458 2127 639 2202 dominum
673 2126 735 2198 sed
767 2136 937 2199 terrarum
970 2129 1124 2200 omnium
1157 2129 1226 2200 diei

132 2251 252 2336 iussit,
275 2273 354 2324 oum
376 2273 444 2324 non
461 2260 567 2324 esset.
589 2251 639 2322 Tu
661 2249 798 2344 imperii
818 2249 979 2322 dominus
1001 2251 1148 2335 romani,
1176 2251 1225 2320 nil

132 2372 207 2444 nisi
228 2370 430 2446 Bohemiam
452 2373 623 2467 suspiras.
644 2370 791 2456 Quando
818 2371 898 2456 hoe,
925 2391 1059 2464 quaeso,
1083 2369 1225 2442 lecisset

133 2515 230 2568 avus
253 2508 334 2568 tuus
361 2502 422 2565 aut
441 2493 591 2585 genitor,
605 2492 665 2586 qui
682 2492 749 2564 etsi
770 2515 838 2564 non
861 2494 1050 2589 Imperator
1070 2494 1147 2588 ipse
1167 2515 1225 2566 es-

133 2627 205 2700 set,
230 2618 303 2688 sola
323 2615 458 2709 paterni
479 2614 613 2710 imperii
637 2614 802 2686 memoria
826 2623 874 2686 tot
894 2615 1033 2688 urbium
1054 2617 1109 2688 ius
1127 2637 1224 2710 quae-

132 2739 244 2810 sivit?
257 2737 326 2810 Sed
339 2759 408 2810 non
420 2746 477 2812 est
489 2736 749 2810 haereditarium
764 2736 895 2810 bonum
912 2738 1036 2810 virtus.
1052 2738 1221 2821 Quamvis

132 2881 206 2954 ego
240 2859 301 2932 tibi
326 2882 391 2932 neo
416 2860 609 2956 imperandi
641 2859 819 2934 seientiam
846 2861 973 2934 deesse
1000 2860 1218 2944 crediderim,

72 3043 79 3056 .
134 3005 203 3056 nee
222 2980 394 3072 bellandi:
416 2985 493 3056 lons
512 2981 686 3055 actionum
701 2983 857 3054 omnium
877 2982 1040 3054 voluntas
1060 2981 1170 3055 deest.
1193 2982 1236 3052 Ο·

134 3103 225 3176 siin
251 3102 337 3198 ipsis
361 3100 501 3194 Alpium
521 3100 614 3194 iugis
641 3123 730 3174 avus
758 3101 819 3174 tibi
844 3126 936 3176 nuno
955 3113 1121 3200 paterque
1140 3100 1224 3176 liant

133 3225 250 3299 obvii!
267 3225 352 3318 quid
365 3222 519 3296 dicturos
533 3227 657 3319 putas?
669 3223 773 3296 crede
787 3225 864 3298 illos
881 3224 1004 3298 audias
1023 3228 1082 3298 vel
1094 3225 1223 3298 absen-

135 3356 201 3418 tee.
225 3373 240 3412 u
257 3344 434 3418 Proleoisti
456 3342 600 3428 eximie,
620 3342 745 3435 ingens
766 3344 898 3428 Caesar,
919 3343 984 3416 hoo
1011 3353 1070 3416 tuo
1092 3355 1142 3418 tot
1161 3367 1223 3438 per

138 3495 155 3532 n
186 3489 298 3540 annos
332 3467 440 3541 dilato
465 3469 500 3540 in
524 3465 656 3539 ltaliam
677 3466 831 3539 adventu
857 3478 892 3539 et
920 3465 1083 3540 festinato
1112 3467 1220 3537 abitu.

140 3618 156 3656 u
186 3593 309 3664 Relers
330 3590 470 3664 demum
488 3589 584 3664 istud
603 3591 764 3673 terreum,
783 3588 868 3662 illud
885 3611 1029 3661 aureum
1049 3588 1219 3672 diadema,

140 3742 156 3780 r>
186 3714 290 3788 simul
311 3736 352 3786 ac
379 3713 497 3788 sterile
518 3733 645 3786 nomen
666 3710 811 3806 imperii.
839 3711 1029 3808 Imperator
1050 3713 1222 3785 Romano·

141 3865 156 3902 n
185 3860 264 3911 rum
293 3836 502 3910 vocitaheris
533 3834 712 3908 Bohemiae
743 3856 809 3907 rex
839 3835 963 3920 solius;
994 3835 1053 3932 qui
1087 3835 1220 3908 utinam

140 3987 155 4024 u
185 3981 358 4053 nusquam
391 3979 506 4042 esses
531 3969 568 4030 ut
588 3960 645 4030 uel
667 3957 717 4030 sio
741 3959 844 4031 altius
870 3968 989 4033 coacta
1019 3957 1133 4032 virtus
1163 3977 1221 4029 as·

140 4109 155 4144 u
186 4091 358 4176 surgeret,
372 4083 551 4174 sumesque
568 4079 759 4154 domestica
775 4083 972 4176 neglectum
991 4082 1075 4154 aviti
1088 4083 1218 4154 cultum

141 4231 157 4268 »
185 4202 378 4298 patrimonii
406 4202 579 4276 suaderet.
601 4232 616 4270 »
641 4203 710 4276 Sed
726 4203 793 4275 iam
821 4203 921 4276 brevi
950 4204 1081 4300 impetu
1103 4205 1219 4278 deles-
