3062 4798
383 402 474 450 arnna
497 398 798 450 sarriunsnnomns.
812 399 1016 447 -armrnnn
1038 399 1079 447 rx.
1211 387 1265 446 tot
1314 367 1326 390 ⁹

176 555 261 619 res,
282 533 368 605 nihil
394 535 462 604 iliis
482 537 654 606 occultum
675 534 793 605 velim:
819 531 970 604 viderint
994 531 1078 626 quid
1102 533 1270 604 iudicent:

175 656 241 728 ibo
264 655 419 739 obviam,
446 653 513 726 etsi
539 657 626 727 forte
646 655 751 726 aliter
778 655 936 726 sensuris
962 676 1002 726 ao
1027 664 1077 738 tu,
1101 663 1209 736 certe,
1232 663 1272 724 nt

176 801 303 873 spero,
325 799 394 850 non
412 779 512 850 aliter
532 778 712 848 amaturis.
733 775 911 848 Postremo
930 777 1045 848 malim
1058 799 1191 847 coeoum
1209 762 1272 846 tihi

176 903 370 984 iudicium,
397 901 491 994 qnod
515 902 613 974 Iaoiie
634 922 731 972 amor
750 909 917 984 excuset,
940 921 1045 993 quam
1069 899 1156 970 mihi
1177 899 1272 970 inso-

176 1026 329 1098 lentiam
347 1025 529 1110 obiectent,
545 1025 675 1094 maium
693 1023 942 1107 inexcusabile,
962 1022 1269 1114 tantapraasertim

176 1168 309 1219 aarum
326 1148 361 1217 in
379 1169 435 1218 me
453 1167 570 1218 rerum
588 1145 734 1238 penuria
749 1143 877 1238 quibus
900 1148 1015 1216 solent
1034 1143 1192 1216 homines
1211 1165 1270 1216 su·

180 1269 336 1363 perbire.
358 1270 454 1340 Vaie.
1074 1255 1077 1260 λ

693 1447 770 1456 ιφ...-

607 1675 785 1742 EPISTULA
813 1677 843 1739 X.

302 1885 686 1938 rannolscvsrn'rnntton
707 1889 840 1940 IOHANNI
861 1889 1002 1940 taurino
1023 1886 1048 1940 S.
1071 1891 1099 1938 P.
1121 1891 1150 1938 n.

181 2075 221 2130 Se
236 2069 387 2126 Mediolani
401 2071 555 2126 constitisse
570 2077 597 2126 et
611 2070 736 2128 animum
750 2071 866 2128 urbanis
884 2073 1005 2144 negociis
1023 2071 1161 2131 addixIsse
1179 2090 1212 2127 ea
1228 2091 1269 2152 ra-

159 2181 163 2192 ·
278 2159 352 2213 tione
367 2165 488 2228 excusat,
507 2159 582 2230 quod
600 2161 688 2214 multa
706 2162 955 2216 citravolnntatem
968 2161 1127 2218 hominihus
1145 2162 1269 2218 facienda

276 2248 379 2320 passim
394 2254 550 2303 occurrunt.

288 2493 373 2563 Tres
404 2489 489 2562 mihi
514 2491 779 2566 decretores
805 2494 1049 2586 radicatasque
1077 2498 1268 2569 sententias

184 2639 258 2689 nna
275 2637 398 2687 recens
415 2617 515 2687 auxit
530 2628 566 2688 et
586 2617 769 2689 renovavit
784 2615 944 2710 epistota,
968 2616 1147 2709 sapientiae
1165 2619 1268 2690 simul

184 2749 222 2810 et
243 2738 382 2812 virtutis
400 2748 435 2812 et
451 2739 612 2812 amicitiae
636 2747 707 2811 tuae
727 2739 837 2812 testis.
856 2740 907 2809 Itu
925 2736 1008 2808 mihi
1036 2736 1167 2828 liquido
1188 2748 1269 2810 anta

185 2863 307 2934 oculos
325 2861 435 2954 ponis,
454 2862 550 2957 quod
567 2865 674 2935 Deum
692 2871 802 2934 testor
819 2883 999 2955 nunquam
1011 2860 1092 2932 inda
1104 2859 1265 2942 discedit,

184 2984 257 3055 aevi
278 2984 395 3056 brevis
415 2994 451 3057 et
469 2985 591 3058 incerti
614 2987 750 3085 sugam:
771 2986 818 3058 ita
833 2983 996 3078 'graviter
1021 2981 1102 3054 hinc
1121 3003 1269 3076 oocupa-

186 3107 301 3178 tionas
327 3125 424 3176 meas
449 3109 628 3200 antiquas,
657 3105 686 3179 si
712 3129 794 3202 quae
820 3117 902 3179 sunt
924 3127 1005 3199 quae
1029 3106 1167 3178 laudem
1194 3127 1268 3178 me-

188 3235 346 3308 reantur,
368 3227 448 3296 hinc
468 3247 579 3298 novas
601 3228 781 3300 veteribus
799 3229 990 3312 adversas,
1011 3239 1047 3300 et
1067 3231 1268 3322 quaerendae

188 3348 311 3444 gioriae
336 3347 493 3418 inimicas
527 3349 765 3420 coacervando
791 3347 1008 3420 dinumeras:
1042 3350 1088 3422 ita
1121 3350 1269 3423 dulciter

189 3469 340 3544 hortaris
361 3479 400 3542 nt
424 3471 553 3562 ingiam
575 3491 700 3564 meque
721 3471 756 3542 iu
776 3469 968 3543 libertatem
994 3474 1164 3566 eripiens,
1187 3493 1268 3566 quaa

189 3593 276 3665 mihi
295 3615 364 3665 non
385 3594 515 3684 exiguo
536 3603 703 3688 apparatu
724 3593 813 3664 iacta
839 3603 920 3664 sunt
945 3615 1061 3665 rerum
1087 3594 1268 3664 meliorum

189 3718 413 3788 fundamenta
447 3738 516 3787 non
548 3715 724 3800 deseram,
760 3714 822 3786 sed
848 3718 1037 3788 accelerem
1064 3718 1198 3810 potius,
1232 3724 1268 3785 at

190 3839 343 3933 pericula
363 3859 470 3910 morae
496 3837 661 3930 longioris
691 3838 829 3910 intuens
859 3842 932 3910 alas
961 3839 1112 3930 ingenio,
1134 3840 1268 3910 calamo

190 3965 302 4034 calcar
322 3941 492 4044 adiiciam,
518 3971 555 4032 nt
575 3960 658 4045 iam,
681 3961 776 4054 quod
795 3960 858 4032 vix
880 3959 1044 4054 possibile
1065 3959 1264 4042 videbatur,

190 4093 225 4156 et
245 4083 446 4179 prudentior
466 4083 558 4178 apud
579 4104 634 4154 ma
651 4082 706 4154 vir
727 4083 777 4154 sis
793 4093 828 4154 at
845 4083 980 4167 melior,
1001 4093 1036 4155 ct
1057 4083 1161 4154 rebus
1179 4081 1267 4154 meis
1320 4128 1322 4132 .

191 4208 329 4279 amicior
353 4229 457 4300 quam
492 4205 665 4298 putabam.
692 4207 783 4290 Quid
813 4227 982 4278 verume
1015 4225 1265 4301 responsurum
