3002 4794
442 357 534 405 nrnna
558 357 919 408 orciuos-errsronn
941 361 984 408 ur.
1218 353 1252 412 ll

167 517 293 567 rorem.
319 494 389 565 Sed
409 496 600 566 evasimus.
622 493 698 564 Non
718 494 752 565 id
772 502 902 566 nostrae
918 505 1052 568 naturae
1074 496 1256 590 privilegio

167 618 310 701 accidit3
326 618 391 689 sed
412 616 531 688 divina
551 615 732 688 clementia
752 617 942 688 evasimus,
969 618 1038 691 Sed
1062 621 1173 712 perire
1193 644 1256 716 po-

168 741 313 821 tuimus,
341 749 496 810 atcerte
521 737 723 822 debuimus,
749 737 818 808 nisi
842 759 905 810 uos
932 741 1130 814 misericors
1154 745 1256 816 Pater

167 860 322 932 vivificis
342 861 451 932 oculis
473 861 684 954 aspexisset.
707 859 909 943 Evasimus,
934 862 997 935 sed
1028 864 1160 936 eisdem
1195 887 1255 959 pc-

166 986 358 1056 riculorum
379 984 569 1075 generibus
586 986 657 1057 noti
678 997 712 1057 et
731 987 815 1058 socii
835 987 980 1080 periere,
996 987 1161 1072 incendio,
1180 990 1256 1079 gla-

166 1106 232 1191 dic,
253 1127 407 1191 carcere,
425 1106 616 1198 naufragio,
635 1107 783 1200 aliisque
801 1108 1111 1182 innumerabilibus
1130 1109 1252 1194 modis,

165 1251 319 1322 quorum
352 1239 494 1323 propter
528 1229 635 1302 duros
666 1239 701 1300 et
733 1237 893 1302 recentes
926 1232 1115 1304 amicorum
1147 1251 1254 1304 casus

165 1351 278 1424 tristis
295 1359 334 1422 et
354 1349 478 1422 acerba
499 1352 654 1424 narratio
674 1361 739 1424 est.
762 1353 856 1424 luter
875 1351 940 1426 hos
966 1355 1110 1446 laqueos
1130 1353 1254 1426 ambu-

164 1473 329 1557 lavimus
351 1482 456 1565 atqne
474 1472 565 1544 inter
585 1474 651 1544 bos
673 1477 836 1568 scopulos
855 1474 1115 1566 navigavimus,
1135 1476 1252 1547 trater.

165 1594 257 1676 Quid
278 1596 427 1686 loquor?
447 1594 554 1676 Quasi
576 1596 848 1688 aquamanilia
875 1596 921 1670 sit
946 1596 1153 1670 amborum?
1178 1599 1254 1687 llgc

165 1718 275 1788 miser
295 1716 387 1787 inter
404 1718 546 1789 eosdem
568 1739 693 1790 versor
709 1719 865 1802 assidue3
881 1729 917 1791 tu
930 1719 1008 1804 iam,
1023 1722 1097 1792 Deo
1109 1721 1251 1811 gratias,

164 1850 304 1932 portum
327 1845 440 1910 tenes:
457 1840 556 1910 Felix
577 1841 664 1911 bora
685 1863 755 1932 qua
782 1849 884 1914 natus
901 1843 1050 1936 estelix
1070 1865 1175 1916 omne
1192 1864 1253 1934 pc-

162 1961 313 2032 riculum
329 1962 426 2053 quod
447 1971 480 2032 te
501 1983 563 2054 per
588 1965 695 2034 multa
720 1963 960 2056 experimenta
984 1964 1254 2038 formidabilium

164 2103 291 2167 rerum,
311 2082 355 2153 ad
373 2104 528 2154 amorem
546 2083 744 2155 securitatis
757 2085 916 2156 adduxit.
926 2085 1059 2169 Confer,
1074 2106 1145 2168 oro,
1161 2107 1253 2156 nunc

164 2206 230 2277 ista
246 2229 329 2278 cum
348 2207 425 2291 illis,
440 2229 521 2279 curn
538 2207 745 2279 turbulentis
759 2207 884 2301 opibus
899 2207 1152 2299 quietissimam
1168 2231 1252 2300 pau·

164 2339 353 2424 pertatem,
371 2351 450 2400 cum
477 2329 605 2402 amaris
624 2329 773 2420 negotiis
804 2329 906 2402 dulce
937 2328 1061 2412 otium,
1084 2351 1164 2401 cunr
1188 2327 1252 2398 ini-

164 2451 243 2544 quis
262 2450 423 2523 hostibus
445 2452 593 2544 optimos
613 2453 753 2534 iratres,
781 2450 933 2543 denique
953 2471 1033 2523 cum
1059 2449 1176 2522 litibus
1204 2448 1253 2520 si-

164 2573 323 2658 lentium,
348 2597 427 2645 cum
447 2574 559 2645 turbis
580 2573 817 2658 solitudinem,
845 2595 924 2646 cum
951 2572 1098 2646 urbibus
1127 2571 1250 2656 silvas,

163 2717 242 2767 cum
277 2695 583 2767 comissationibus
616 2695 756 2779 ieiunia,
795 2718 873 2769 curn
904 2694 1080 2767 diuturnis
1113 2695 1252 2771 choreis

164 2827 354 2890 nocturnos
372 2819 507 2902 choros,
526 2828 703 2913 postremo
718 2839 797 2890 cum
816 2815 997 2888 Avenioue
1014 2817 1248 2900 libertanum,

164 2964 243 3041 cum
266 2940 414 3011 terrenis
432 2939 595 3032 periculis
619 2941 796 3012 coelestem
823 2959 957 3031 pacem,
980 2959 1060 3010 cum
1082 2938 1252 3010 servitute

166 3062 297 3134 Diaboli
317 3060 502 3134 amicitiem
529 3062 604 3145 Dei,
633 3083 713 3133 cum
739 3071 850 3134 morte
875 3070 1043 3155 perpetua
1068 3060 1251 3154 sempiter-

165 3207 244 3256 nam
267 3183 386 3255 vitam.
408 3184 561 3256 Necesse
580 3183 660 3267 erit,
684 3192 718 3254 te
734 3182 973 3256 felicissimum
994 3183 1135 3256 fateare.
1159 3182 1251 3270 Urge

165 3305 394 3398 propositum,
416 3327 535 3399 preme
556 3304 651 3397 quod
671 3304 816 3399 coepisti.
837 3304 913 3376 Non
935 3313 969 3374 te
990 3303 1089 3378 labor
1110 3311 1247 3386 terreat,

164 3449 232 3500 nou
250 3429 390 3520 frangat
405 3428 587 3521 asperitas
609 3427 720 3500 Flacci
738 3425 886 3500 verbum
907 3437 977 3498 est:

686 3685 732 3748 Nil
748 3686 814 3748 sina
831 3699 943 3762 magno

447 3783 512 3850 Vite
528 3783 630 3849 laboro
647 3783 728 3848 dedit
744 3783 933 3846 mortalibus.

162 4036 265 4120 Quod
293 4037 322 4107 si
349 4037 385 4106 in
411 4035 476 4108 bac
503 4036 591 4120 vita,
619 4034 664 4107 de
689 4056 758 4126 qua
779 4034 836 4106 ille
861 4031 1079 4128 loquebatur,
1106 4033 1248 4107 minima

161 4158 266 4230 etiam
302 4175 430 4248 magno
455 4167 629 4241 constant,
658 4157 752 4248 quod
780 4156 905 4230 totiens
936 4155 1111 4230 incassum
1141 4177 1248 4229 aucu-
