2988 4800
387 389 480 436 LIBER
501 388 689 438 UNDECIMUS.
703 386 902 436 -ltt‘lsronl
925 389 999 438 vlll..
1170 377 1223 440 '1⁹27

144 531 245 610 tulor,
271 525 302 596 si
322 523 513 616 compatior
533 523 640 595 labori
662 545 785 617 parum
803 522 877 614 ipse
896 523 978 594 mihi
997 528 1225 600 consentiam:

141 648 283 742 ingenio
311 657 370 718 tuo
391 669 459 718 non
480 646 628 738 compati
655 669 723 717 non
749 668 904 740 possum.
932 649 1048 720 Sentio
1074 673 1225 744 namque

141 772 227 867 quid
266 770 406 842 intersit
437 768 528 841 inter
559 769 969 862 armorumstrepitum,
1009 780 1044 842 et
1080 771 1225 844 Pieriam

140 897 312 990 quietem,
334 914 510 986 quamque
527 890 676 963 tenuiter
694 891 782 962 inter
798 891 919 964 Martis
938 892 1039 966 tubas
1058 895 1226 986 plectrum

141 1029 247 1092 sonet
267 1016 448 1112 Apollinis.
469 1017 558 1102 Quia
578 1037 663 1086 vero
682 1015 767 1084 nihil
790 1013 913 1110 patriae
940 1038 1071 1110 negare
1103 1027 1224 1112 poteo,

140 1165 224 1236 quae
245 1142 293 1214 de
314 1150 349 1211 te
370 1139 474 1210 sicin
495 1160 579 1234 pace
600 1137 722 1211 merita
741 1150 807 1225 est,
828 1148 867 1210 ut
882 1161 960 1211 eam
980 1163 1043 1212 nec
1063 1139 1143 1212 belli
1162 1150 1224 1212 tae-

142 1268 217 1353 dio,
240 1289 308 1337 nec
329 1263 451 1336 mortis
472 1273 603 1334 terrore
623 1262 816 1348 desereres
840 1263 904 1334 sed
922 1263 1040 1336 relicto
1058 1264 1226 1360 tantisper

142 1391 311 1463 Helicone
331 1410 371 1460 ac
390 1385 593 1459 feriantibus
615 1385 752 1472 libellis,
781 1396 924 1458 secutus
950 1408 990 1458 es
1015 1385 1141 1479 publici
1167 1388 1226 1460 lati

143 1514 254 1598 viam;
278 1524 314 1586 et
338 1511 428 1604 grati
450 1509 538 1582 civis
563 1518 599 1580 et
619 1509 700 1580 boni
720 1509 787 1580 viri
811 1519 846 1580 et
866 1509 999 1602 egregii
1024 1509 1123 1582 ducis
1150 1513 1223 1584 offi-

145 1640 196 1711 cio
216 1641 361 1710 functus
383 1657 435 1717 ee,
457 1635 504 1705 ita
538 1642 666 1718 tamen,
688 1641 727 1704 ut
752 1644 909 1707 armatus
934 1657 1053 1726 pacem
1079 1633 1223 1727 cogites

145 1783 269 1857 pacem
296 1781 408 1843 ameS,
436 1767 540 1851 atque
574 1757 621 1828 ita
650 1778 858 1849 persuasum
884 1755 1032 1842 habeas,
1054 1759 1166 1830 nullos
1193 1767 1227 1830 te

147 1883 344 1976 triumphos
357 1881 532 1964 clariores
548 1883 641 1953 nulla
654 1881 820 1976 opimiora
836 1883 957 1975 patriae
976 1883 1085 1976 spolia
1099 1885 1226 1956 referre

146 2029 260 2102 posse,
284 2027 390 2100 quam
411 2026 542 2097 pacem.
565 2004 736 2092 Libenter,
759 2006 879 2078 ubido
896 2007 1114 2099 paceagitur,
1136 2009 1227 2079 Han·

146 2131 272 2202 nibalis
289 2128 400 2200 verbo
416 2139 503 2213 utar,
520 2152 588 2223 quo
603 2129 732 2201 scilicet
749 2151 796 2200 ex
812 2151 873 2200 ore
890 2128 1142 2201 bellicosissimi
1161 2130 1226 2201 viri

145 2253 279 2326 veritas
300 2254 377 2346 ipsa
397 2251 559 2322 videatur
576 2251 746 2346 loquentis
767 2253 956 2324 adversum
984 2251 1108 2324 studiis
1129 2252 1226 2324 testi-

144 2377 302 2449 monium
315 2375 520 2447 extorsisse.
540 2379 573 2447 ls
586 2398 672 2470 ergo
685 2376 779 2469 apud
796 2375 958 2447 eumdem
974 2375 1126 2462 Livium,
1141 2377 1226 2470 quid

145 2499 215 2570 ait‘l
236 2497 357 2568 Melior
374 2498 547 2591 tutiorque,
568 2498 693 2593 lnquit,
716 2510 805 2569 certo
816 2521 892 2592 poco
908 2521 1006 2588 quom
1023 2510 1155 2592 sperato
1174 2500 1225 2569 vi-

145 2623 259 2691 ctorio.
276 2621 347 2692 Hoc
359 2621 424 2706 ille,
444 2621 606 2693 vincendi
624 2620 799 2694 desiderio
819 2622 956 2706 ardens,
972 2633 1007 2694 et
1025 2623 1085 2716 qui
1104 2645 1224 2716 paoem

146 2755 217 2816 toto
237 2744 323 2815 orbe
345 2745 557 2817 turbaverat.
578 2745 669 2830 Quid
691 2745 794 2840 igitur
813 2747 946 2819 amicus
962 2748 1082 2842 pacis‘?
1101 2747 1222 2819 Nonne

146 2865 262 2960 potius
285 2867 393 2951 dicat,
421 2868 541 2938 melior
567 2869 785 2962 sanctiorque
811 2878 866 2940 est
890 2881 984 2940 certa
1008 2890 1092 2962 pax,
1119 2890 1223 2960 quam

146 3001 241 3063 certa
261 2991 428 3064 victoria?
446 2992 630 3085 Propterea
647 2993 742 3088 quod
759 2993 814 3064 illa
831 2985 972 3086 qnietis,
994 2989 1172 3063 charitatis
1189 3001 1225 3062 el

147 3115 283 3207 gratiae,
305 3115 382 3187 haec
401 3113 528 3186 laboris
547 3125 583 3186 et
595 3117 777 3188 criminum
789 3116 1029 3188 etinsolentiae
1041 3117 1142 3211 plena
1158 3123 1223 3185 est.

146 3237 238 3323 Quid
259 3247 376 3310 antem
396 3260 481 3334 pace
507 3239 715 3311 iucundius?
735 3238 825 3324 Quid
857 3239 1013 3311 felicius?
1033 3237 1123 3323 Quid
1147 3236 1225 3308 dul-

146 3363 246 3434 cius‘l
267 3361 360 3446 Quid
379 3383 465 3433 vero
486 3361 560 3433 sine
581 3383 665 3458 pace
685 3362 758 3435 vita
777 3363 972 3448 bominum,
1000 3361 1068 3432 nisi
1092 3360 1226 3454 perico-

147 3484 217 3554 lum
238 3505 418 3577 pavorque
438 3495 640 3580 perpetuus,
663 3507 704 3558 ac
729 3485 838 3558 tristis
861 3507 1023 3558 curarum
1050 3484 1225 3555 immorta-

147 3605 231 3675 lium
253 3605 413 3676 officina?
433 3606 600 3690 Quaenam
621 3609 687 3681 ista
706 3611 881 3703 voluptaS,
904 3631 980 3690 oro,
1000 3617 1055 3678 est
1076 3606 1142 3678 sub
1167 3605 1225 3677 dio

147 3737 366 3821 pernoctare,
395 3733 541 3804 classico
574 3755 733 3805 somnum
765 3736 941 3826 frangere,
968 3754 1095 3826 corpus
1120 3731 1225 3806 lorica

147 3861 265 3945 atquc,
294 3863 333 3924 ut
358 3855 405 3925 ait
430 3855 539 3940 Mare,
574 3858 733 3929 canitiem
764 3859 864 3952 galea
896 3879 1066 3952 premere,
1102 3857 1224 3928 ferreis

149 3997 288 4069 semper
301 3976 423 4049 vinclis
437 3989 606 4052 arctatum
623 3981 711 4052 mori
730 3975 855 4067 subito,
874 3994 918 4067 et,
938 4003 1018 4076 quae
1037 3981 1153 4054 ultima
1173 3983 1223 4053 vi-

148 4123 266 4171 rorum
288 4101 426 4171 fortium
447 4124 529 4172 cura
550 4114 615 4188 est,
639 4103 853 4176 inhumatum
876 4103 997 4175 abiioi‘?
1014 4105 1114 4177 luvat
1131 4127 1223 4180 mora

147 4223 225 4294 daci
260 4225 502 4311 sollicitudine,
535 4225 632 4298 iuvat
664 4237 757 4299 metu
789 4241 824 4299 et
856 4228 935 4300 odio
968 4227 1131 4301 miserum
1163 4251 1222 4301 cor
