2958 4804
370 291 464 340 tisun
486 290 993 348 outnrusuucmus-amsrom
1015 293 1056 342 tv.
1193 281 1254 340 ⁶283

589 553 767 636 aristam
788 572 833 635 tv.

170 769 384 820 FRANGISCUS
402 769 571 819 Parauaea
588 769 679 818 LUCAE
698 769 876 819 sacnnoont
892 771 1093 820 auscultante
1111 773 1137 820 S.
1156 773 1183 819 P.
1203 772 1232 819 D.

190 964 346 1018 Adversus
361 961 551 1032 obiurgatores
566 960 667 1030 quibus
680 959 724 1040 sui
738 959 766 1012 in
782 959 890 1014 Italiam
905 958 1011 1015 reditus
1025 961 1135 1032 vulgata
1148 959 1222 1014 sama

368 1094 372 1102 a
455 1048 641 1104 calumniandi
656 1047 774 1122 praebuit
788 1049 968 1102 occasionem.

267 1285 362 1355 Duas
389 1283 491 1354 simul
516 1282 681 1374 epistolas
710 1291 786 1352 tuas
813 1281 947 1376 accepi,
978 1281 1252 1354 exhortatoriam

155 1407 310 1478 alteram
332 1405 446 1477 animo
468 1424 545 1475 meo
567 1403 802 1495 gratissimam
824 1413 859 1475 et
879 1405 968 1476 iuter
993 1405 1098 1478 huius
1120 1415 1252 1498 tempo-

157 1529 213 1599 ris
249 1547 401 1618 angores
434 1536 539 1619 atque
571 1525 710 1598 fastidia
743 1549 811 1596 non
838 1527 941 1598 modo
967 1527 1166 1611 iucundam,
1192 1527 1253 1598 sed
1278 1621 1280 1632 Ι

158 1672 274 1744 prope
295 1649 544 1722 necessariam:
566 1650 708 1719 alteram
731 1670 817 1720 vero
838 1649 1155 1744 reprehensoriam,
1182 1671 1250 1721 non

161 1772 283 1845 minus
317 1772 437 1865 utique
464 1770 682 1864 placituram,
719 1771 748 1841 si
782 1771 1008 1863 reprehensio
1034 1771 1127 1842 iusta
1152 1772 1249 1842 toret.
1295 1824 1303 1839 .

161 1895 224 1966 llla
245 1893 405 1987 quidem,
431 1903 467 1965 ut
486 1893 556 1976 ais
577 1915 646 1964 non
669 1902 816 1979 tuaest,
844 1893 910 1965 sed
933 1894 1042 1986 vulgi,
1066 1915 1147 1987 quae
1174 1895 1252 1966 licet

163 2016 311 2087 auribus
338 2016 475 2099 infesta,
505 2026 618 2087 tamen
643 2016 796 2086 animum
824 2035 891 2085 non
921 2017 1078 2108 attingit:
1107 2039 1187 2088 nam
1215 2029 1253 2090 ut

162 2137 306 2210 minime
327 2159 457 2209 novum
478 2137 661 2211 calumniae
679 2159 807 2228 genus,
827 2137 874 2206 ita
894 2115 961 2208 scis
979 2160 1035 2208 me
1057 2158 1150 2232 saepe
1173 2160 1251 2230 pas-

165 2279 243 2329 sum
267 2258 360 2340 talia,
383 2270 419 2331 et
439 2258 580 2332 minime
605 2242 747 2342 mirum,
770 2279 826 2328 me
848 2259 976 2350 populo
996 2257 1189 2352 displicere.
1212 2261 1250 2334 ld

163 2383 280 2473 potius
302 2383 408 2453 miror
429 2381 512 2454 dum
534 2379 706 2451 interdum
730 2400 785 2449 me
806 2377 927 2450 abillo
948 2378 1109 2450 laudibus
1135 2379 1251 2474 inspe-

165 2505 249 2576 ratis
271 2515 307 2576 et
327 2504 451 2576 invisis
472 2502 641 2576 celebrari
661 2500 775 2573 audio.
799 2502 883 2573 Cum
910 2501 1021 2596 prima
1042 2501 1133 2572 enim
1155 2525 1251 2575 amo-

167 2627 212 2696 ris
246 2647 354 2698 causa
388 2626 576 2698 similitudo
611 2625 668 2708 sit,
702 2644 769 2716 ego
795 2624 829 2696 in
859 2625 925 2695 hoc
958 2625 1249 2717 occupatissimus

167 2770 306 2841 semper
325 2747 387 2833 fui,
411 2761 449 2818 ut
469 2749 575 2839 vulgo
597 2745 851 2819 dissimillimus
878 2747 1081 2831 evaderem;
1104 2747 1198 2841 quod
1220 2749 1250 2822 si

166 2890 318 2963 unquam
342 2872 441 2962 plene
462 2869 605 2962 assequi
623 2878 778 2964 potuero,
799 2880 872 2941 tum
889 2869 1030 2941 demum
1053 2893 1107 2942 me
1124 2869 1250 2942 selicis-

167 2991 295 3062 simum
316 2969 520 3063 arbitrabor.
544 2992 726 3076 Quomodo
747 2991 853 3084 igitur
876 2996 1047 3088 placerem
1072 2995 1150 3080 illis,
1173 2993 1251 3089 qui-

165 3111 231 3184 hus
268 3121 305 3184 ut
334 3113 536 3208 displiceam
565 3135 701 3186 summo
730 3137 869 3209 semper
891 3119 1006 3190 studio
1033 3119 1132 3191 nisus
1154 3141 1247 3203 sum,

167 3257 246 3306 cum
280 3247 519 3309 assentatores
545 3236 662 3309 blandi
689 3237 881 3330 plebiculae,
914 3238 1043 3329 quibus
1068 3240 1247 3312 diversum

167 3358 319 3431 studium
358 3360 571 3454 intentioque
607 3359 779 3432 contraria
809 3365 878 3444 est,
906 3359 970 3430 vix
1004 3359 1137 3434 artibus
1175 3361 1248 3433 suis

165 3481 326 3552 omnibus
348 3482 484 3574 possint
504 3481 597 3575 quod
619 3481 762 3573 cupiunt
782 3481 950 3564 invenire,
973 3503 1121 3573 quorum
1147 3483 1249 3574 pleri-

165 3621 232 3692 que
252 3612 333 3697 post
352 3603 515 3696 pudendo
536 3601 681 3676 artificio
699 3603 867 3696 quaesitas
889 3603 1010 3674 laudes
1038 3625 1107 3676 non
1134 3604 1247 3674 solum

165 3720 387 3812 ignominiam
408 3727 522 3797 versis
541 3734 682 3820 repente
701 3722 892 3814 suffragiis,
911 3723 983 3806 sed,
999 3722 1131 3794 illorum
1151 3744 1248 3796 more

164 3845 221 3936 qui
248 3846 378 3939 pardos
404 3855 466 3917 aut
499 3847 606 3938 tigres
636 3856 697 3918 aut
722 3848 841 3917 leones
867 3843 1042 3917 blanditiis
1055 3841 1244 3930 aluerunt,

165 3985 258 4061 saepe
279 3967 385 4039 etiam
406 3967 558 4041 delinitae
578 3969 689 4064 plebis
712 3970 876 4063 impetum
899 3978 959 4038 aut
985 3968 1129 4039 insidias
1151 3968 1246 4062 passi

164 4092 268 4158 sunt?
290 4089 360 4162 Sed
381 4092 567 4164 redeamus
586 4093 630 4164 ad
647 4091 796 4186 propria.
818 4088 904 4160 Nolo
925 4091 1060 4164 mireris
1083 4092 1112 4164 si
1134 4093 1168 4163 in
1191 4115 1246 4166 mc
