3024 4802
432 373 525 423 LIBER
546 371 1013 424 Nodusoacluus.·-ar1srota
1033 372 1077 422 lll.
1232 359 1291 422 519

215 512 315 583 stitas
335 520 543 593 accesserat,
564 518 600 580 et
620 506 772 590 solitudo
791 505 946 590 horrida,
968 509 1107 601 qualem
1126 508 1293 580 nonMu·

215 636 265 706 sis
285 645 320 706 et
336 633 495 726 Apollini,
511 634 574 708 sed
590 632 692 703 Marti
712 631 900 704 convenire
916 630 1053 702 diceres
1070 654 1111 702 ao
1128 633 1290 706 Bellonae.

214 759 339 829 Stratae
352 755 484 848 passim
496 754 632 838 domus,
647 755 965 840 habitatorulum,
982 757 1190 848 famosaque
1202 763 1293 827 tecta

213 880 375 951 villarum
395 888 431 949 ot
449 877 597 950 dumosa
622 878 775 961 novalia,
797 888 833 950 et
852 877 934 948 hino
954 878 1048 948 illinc
1068 887 1291 970 erumpentes

211 1024 233 1074 e
252 1000 396 1072 latebris
415 1001 555 1086 armati,
576 1022 788 1093 quamquam
811 1000 886 1072 sine
911 1022 1020 1083 noxa,
1043 1010 1082 1072 ut
1100 999 1161 1092 qui
1181 999 1293 1072 nostri

212 1135 353 1209 essent,
386 1145 458 1194 non
488 1133 605 1194 tamen
638 1124 714 1195 sine
746 1123 892 1196 horrore
919 1122 1072 1215 quodam
1104 1121 1291 1215 praesentis

212 1247 328 1320 adhuc
352 1244 434 1316 belli
464 1245 615 1335 vestigia
640 1243 883 1336 praeferebant.
904 1245 974 1316 Sed
994 1243 1105 1316 veteri
1125 1244 1196 1314 fato
1215 1263 1294 1315 meo

213 1390 289 1441 mos
316 1367 492 1460 gerendus
525 1367 604 1448 fuit,
638 1368 798 1460 interque
818 1366 1039 1439 difficultates
1071 1377 1107 1439 et
1138 1366 1294 1459 pericula

212 1489 454 1562 incedendum.
480 1489 676 1562 Mediolano
708 1499 824 1560 autem
850 1488 1034 1580 digressus
1055 1497 1179 1581 quarta
1199 1490 1290 1571 luce,

213 1614 388 1687 imovero
406 1613 540 1706 quartis
562 1635 625 1686 seu
644 1623 738 1686 certe
755 1614 927 1685 continuis
947 1612 1101 1685 tenebris
1114 1612 1292 1684 Mantuam

212 1736 309 1821 veni,
332 1736 393 1808 uhi
412 1736 457 1809 ab
476 1737 535 1808 illo
554 1748 753 1809 nostrorum
769 1736 948 1808 Caesarum
970 1756 1177 1808 successore
1195 1737 1294 1828 plus-

214 1882 320 1951 quam
350 1859 581 1931 familiaritate
612 1879 767 1930 caesarea
801 1870 836 1930 at
860 1841 1046 1951 plusquam
1072 1857 1294 1953 imperatoria

211 1981 351 2051 lenitate
378 1991 564 2071 susceptus
587 2001 676 2053 sum.
690 1982 735 2050 Et
754 1989 793 2052 ut
812 1982 1010 2051 communia
1029 1982 1293 2073 praetermittam

211 2099 399 2192 aliquando
420 2101 485 2172 soli
506 2099 610 2172 ambo
626 2101 671 2172 ab
688 2102 784 2173 initio
803 2100 928 2193 primae
942 2102 1026 2171 facis
1047 2102 1093 2172 ad
1113 2104 1225 2173 noctis
1247 2101 1295 2172 si-

212 2223 355 2294 lentium
382 2223 601 2315 intempestae
620 2222 851 2315 colloquendo
875 2235 911 2295 et
934 2223 1190 2298 confabulando
1213 2246 1294 2318 per-

210 2345 384 2416 venimus.
406 2344 446 2415 ln
466 2365 605 2416 summa
624 2343 709 2414 nihil
723 2343 815 2416 illius
828 2343 994 2437 principis
1015 2345 1197 2417 maiestate
1211 2367 1294 2418 sua-

212 2467 308 2550 vius,
340 2468 427 2538 nihil
458 2467 656 2539 humanius.
691 2468 766 2538 Hoc
797 2489 906 2539 unum
936 2467 1034 2539 scito.
1068 2469 1117 2539 De
1149 2467 1292 2562 reliquis

212 2587 391 2680 quoniam,
415 2600 453 2660 ut
472 2589 520 2660 ait
539 2590 733 2684 Satyrious,

491 2780 596 2842 fronti
610 2780 691 2842 nulla
708 2779 783 2843 fides
800 2787 861 2858 est,

210 2957 362 3031 nondum
398 2959 580 3031 diffinitive
618 2961 815 3052 pronuntio.
856 2959 1148 3054 Expectabimus:
1181 2981 1292 3052 quan-

210 3091 338 3170 tusque
359 3081 404 3151 sit
424 3081 545 3152 Caesar
563 3103 634 3152 non
650 3081 773 3168 verba,
793 3105 863 3156 non
882 3085 1034 3170 vultum,
1056 3105 1101 3158 ne
1120 3086 1289 3170 fallamur,

211 3201 275 3274 sed
294 3211 393 3272 actus
413 3199 565 3272 hominis
586 3213 691 3295 atque
710 3207 844 3276 exitum
859 3209 1093 3290 consulemus
1107 3207 1203 3299 quod
1214 3209 1291 3302 ipse

211 3322 278 3395 sihi
297 3344 365 3394 non
387 3321 492 3393 tacui.
526 3324 615 3392 Dum
647 3325 739 3395 enim
765 3327 811 3396 ad
836 3326 872 3398 id
896 3329 985 3400 forte
1017 3351 1153 3399 mecum
1174 3351 1291 3403 sermo

210 3465 386 3518 caesareus
407 3444 663 3529 descendisset,
681 3449 845 3540 utaliqua
866 3448 989 3522 sibide
1002 3453 1182 3543 opusculis
1202 3455 1289 3524 meis

209 3580 431 3663 exposceret,
453 3579 558 3661 atque
579 3569 613 3638 in
633 3569 755 3660 primis
785 3569 913 3641 librum
940 3571 996 3642 oui
1017 3572 1066 3640 De
1098 3573 1184 3643 Viris
1212 3576 1285 3644 illu-

208 3693 328 3763 stribus
356 3713 485 3762 nomen
514 3689 610 3774 dedi,
638 3693 734 3762 illum
761 3693 976 3785 inexpletum
998 3713 1079 3766 esse
1103 3695 1287 3788 respondi,

209 3824 246 3884 et
270 3814 435 3906 temporis
460 3823 566 3905 atque
591 3814 652 3884 otii
676 3824 854 3905 egentem:
881 3814 1036 3908 dumque
1070 3817 1127 3888 ille
1159 3819 1289 3910 pacisci

208 3937 315 4007 vellet
330 3937 366 4007 in
381 3946 578 4028 posterum,
597 3937 733 4007 occurri
751 3934 909 4008 libertate
929 3938 987 4008 illa
1008 3958 1100 4022 mea,
1122 3959 1192 4031 qua
1208 3961 1287 4010 cum

209 4056 399 4129 maioribus
427 4059 537 4149 magis
564 4058 613 4129 uti
638 4058 856 4152 propositum
875 4068 942 4142 est,
969 4079 1075 4151 quam
1101 4059 1186 4130 mihi
1210 4062 1288 4154 qui-

208 4178 289 4250 dem
310 4181 454 4254 contulit
473 4191 609 4267 natura,
624 4180 725 4254 auxit
738 4201 826 4251 vero
841 4179 957 4252 vicina
978 4181 1046 4254 iam
1065 4194 1237 4269 senectus,
1251 4185 1286 4254 in
