2958 4804
601 355 638 399 llll
662 353 762 400 luteus
784 351 1004 399 FililllLlllllBUS

676 661 852 725 EPISTULA
874 661 917 723 lvi

385 861 576 908 l'lntn'clscus
598 857 766 906 PETlldRCd
788 857 963 905 Funrlfflsuo
986 857 1210 904 lel’ouluna'u

488 960 731 1009 ultououounulo
754 958 950 1007 APOSTOLICO
972 959 997 1006 S.
1021 959 1047 1005 P.
1071 960 1100 1006 D.

344 1155 431 1215 anrm
445 1148 531 1202 tristis
544 1148 617 1201 inter
631 1146 737 1199 urbana
751 1145 875 1214 negotia,
892 1161 976 1216 quam
991 1145 1053 1198 laeta
1068 1146 1232 1199 econtrario

605 1237 634 1290 in
648 1235 706 1290 ocio
720 1235 794 1289 ruris
808 1241 905 1305 agatur
918 1235 982 1288 vita.

351 1473 459 1544 lllaior
475 1473 649 1543 temeritas
668 1473 834 1541 minorem
853 1478 1016 1561 contegat
1033 1473 1088 1544 vel
1106 1480 1263 1555 excuset,
1284 1475 1299 1542 l
1317 1513 1331 1522 -

253 1620 380 1690 rasque
401 1618 502 1688 aequo
524 1597 651 1679 animo,
678 1596 732 1664 vir
755 1594 915 1686 insignis,
947 1596 975 1665 si
1004 1594 1063 1664 tibi
1091 1618 1183 1666 nuuc
1208 1595 1331 1667 dixero

252 1721 346 1814 quod
363 1718 495 1790 dudum
514 1719 560 1787 illi
576 1720 678 1809 longe
692 1716 870 1787 hominum
885 1719 1119 1790 maximenon
1134 1717 1331 1813 sineipsius

252 1864 402 1912 assensu
422 1841 556 1912 dixisse
577 1862 632 1912 me
653 1842 776 1910 recolo.
800 1840 884 1910 Cum
915 1841 974 1910 tibi
997 1841 1089 1911 enim
1115 1843 1188 1910 fere
1210 1862 1330 1912 omnes

252 1965 437 2048 invideant,
460 1987 526 2055 ego
548 1963 753 2056 compatior:
777 1963 873 2055 quod
894 1988 972 2035 eum
993 1985 1085 2058 saepe
1105 1962 1275 2050 hactenus
1296 1963 1330 2034 in

251 2088 405 2158 animum
426 2088 585 2157 venisset
605 2095 643 2156 ut
662 2085 827 2171 dicerem,
851 2098 923 2158 tum
944 2085 1136 2180 praesertim
1162 2087 1330 2158 hodierno

250 2209 316 2280 die.
337 2209 423 2279 Nam
446 2208 529 2279 dum
551 2207 694 2291 absens,
714 2209 809 2301 quod
830 2230 926 2300 saepe
944 2211 1050 2289 soleo,
1072 2218 1183 2278 mcum
1202 2231 1329 2292 essem,

251 2343 382 2404 tantum
399 2332 592 2403 solitudinis
611 2353 698 2402 meae
716 2330 933 2404 dulcedinem
952 2332 1051 2403 auxit
1068 2331 1330 2424 occupationum

252 2470 389 2528 tuarum
408 2456 609 2539 recordatio,
635 2466 679 2539 ut,
702 2477 803 2547 paene
820 2477 875 2526 me
893 2454 1010 2538 inscio,
1027 2465 1149 2548 sponte
1171 2477 1235 2526 sua
1255 2477 1330 2526 ma-

251 2601 316 2649 nus
337 2579 403 2674 iret
422 2579 669 2670 adoalamum.
691 2579 766 2648 Non
786 2600 863 2650 snm
881 2599 995 2670 nsque
1015 2578 1104 2649 adeo
1123 2578 1275 2649 incultus
1294 2590 1330 2648 et

250 2703 398 2794 agrestis
433 2712 471 2773 ut
502 2702 655 2772 nesciam
680 2701 764 2794 quid
790 2701 878 2771 iuter
902 2704 1033 2773 clarum
1062 2711 1099 2771 et
1127 2701 1326 2784 obscurum,

248 2823 378 2916 quidve
396 2826 485 2895 inter
506 2823 727 2914 magnificum
746 2834 781 2893 et
802 2824 964 2915 pusillum
988 2823 1140 2894 intersit:
1162 2822 1327 2918 profiteor

248 2958 363 3018 autem
385 2949 589 3018 honoratam
611 2969 652 3018 ac
674 2947 903 3038 splendidam,
925 2970 1049 3018 verum
1070 2946 1260 3039 inquietam
1286 2969 1326 3018 ac

249 3069 421 3140 turbidam
456 3081 583 3140 sortem
620 3080 722 3140 tuam.
753 3070 887 3140 Censeo
919 3069 1139 3165 nihilprope
1170 3069 1324 3141 omnium

248 3201 344 3262 tunm
365 3214 447 3262 esse
466 3214 586 3263 eorum
603 3215 684 3286 quae
703 3193 865 3265 videntur
884 3204 953 3277 tua,
973 3193 1136 3286 quodque
1155 3193 1326 3286 irrepara-

247 3313 314 3385 bile
336 3315 499 3386 damnum
518 3327 586 3398 est,
609 3338 652 3386 ne
673 3325 812 3409 tempus
833 3316 973 3410 quidem
994 3316 1122 3410 ipsum;
1143 3315 1239 3409 quod
1256 3337 1324 3386 non

246 3446 340 3508 certe
363 3459 424 3528 per
449 3439 695 3530 negligentiam
722 3439 847 3522 lluenS,
872 3440 952 3521 sed,
975 3449 1012 3509 ut
1038 3441 1179 3510 Senecae
1204 3438 1323 3509 verbis

247 3570 336 3646 utar,
352 3563 408 3631 vel
427 3562 635 3634 subductum
655 3563 714 3632 tibi
732 3566 790 3633 vel
806 3570 962 3655 ereptum
981 3562 1103 3633 alienis
1121 3561 1243 3634 usibus
1261 3562 1323 3634 da-

246 3696 311 3754 tnr.
333 3685 471 3754 Nullum
489 3684 549 3755 tibi
570 3686 675 3770 diem,
694 3687 822 3756 nullam
845 3685 906 3754 tibi
924 3695 1059 3756 noctem
1081 3686 1214 3770 cedere,
1247 3687 1322 3756 nul-

246 3809 315 3877 lum
338 3806 398 3877 tibi
417 3810 634 3900 tranquillum
654 3809 910 3901 receptaculum
929 3831 1077 3900 usquam
1094 3811 1180 3880 lore:
1203 3791 1320 3881 hortos

245 3931 290 4002 ad
310 3920 466 4001 laborum
488 3933 605 4022 fugam
627 3953 666 4002 ac
688 3931 847 4002 solatium
868 3931 1044 4023 quaesitos,
1070 3931 1228 4023 pluribus
1253 3933 1319 4002 iam

245 4053 392 4142 negotiis
414 4074 517 4145 quam
540 4054 656 4124 herbis
672 4052 901 4138 autlloribus,
924 4052 1082 4146 pluribus
1100 4052 1193 4124 curis
1211 4053 1320 4125 abun-

243 4173 326 4244 dare
346 4197 451 4266 qnam
479 4176 672 4261 lrondibus;
699 4178 886 4248 thalamum
913 4201 953 4249 ac
978 4180 1090 4251 cubile
1116 4178 1160 4249 ad
1186 4201 1318 4250 recrea-
1368 4145 1375 4168 ⁸
