2988 4800
293 338 350 398 mr
632 353 672 398 nn
694 351 794 399 uncus
815 352 1035 400 insumamus

291 488 404 559 basim
430 490 563 560 nutanti
591 488 706 560 animo
739 489 916 571 submitte,
944 500 983 559 nt
1009 489 1238 560 trementibus
1267 491 1371 560 terris

292 610 404 681 stabili
422 613 504 683 sede
526 612 706 696 consistat,
729 611 949 705 quinetiam,
972 620 1009 680 ut
1028 613 1171 682 Flaccus
1192 613 1254 696 ait,

571 816 601 877 Si
618 817 731 877 fractus
750 815 888 876 illabatur
905 814 1003 888 orbis,

569 913 760 992 lmpavidum
775 914 884 974 leriunt
900 911 1008 973 ruinae.

386 1106 546 1178 Haectibi
568 1107 702 1199 pridem
728 1108 859 1177 Patavii
883 1108 1011 1179 dictata
1044 1117 1079 1178 et
1110 1107 1216 1178 dilata
1250 1107 1371 1179 hacte-

289 1254 355 1302 nus
376 1239 514 1324 prepter
534 1229 648 1300 nuncii
670 1231 866 1323 penuriam,
895 1231 975 1301 hinc
1002 1229 1137 1301 mittere
1164 1229 1277 1315 libuit,
1299 1252 1370 1300 non

288 1352 334 1424 cb
354 1352 447 1423 aliud
467 1351 533 1421 nisi
555 1359 593 1420 ut
611 1352 693 1421 huic
712 1352 886 1422 cummuni
911 1353 1022 1424 amico
1047 1374 1179 1423 morem
1204 1374 1368 1442 gererem

288 1476 334 1547 ad
355 1485 387 1546 te
410 1475 527 1546 venire
549 1475 623 1545 sine
644 1475 731 1545 meis
753 1475 876 1545 litteris
899 1475 1088 1546 recusanti:
1111 1475 1274 1567 quamvis
1302 1497 1368 1545 nec

289 1599 414 1670 nuncio
440 1621 502 1669 nec
528 1598 649 1668 litteris
681 1621 770 1692 opus
799 1609 907 1683 esset,
930 1621 1008 1668 cum
1030 1620 1096 1689 ego
1121 1597 1197 1690 ipse
1223 1598 1320 1668 hunc
1346 1619 1366 1667 e

288 1721 437 1812 vestigio
463 1731 675 1812 sequuturus
704 1721 780 1790 sim.
803 1721 889 1790 Cum
909 1743 993 1812 ergo
1013 1720 1078 1791 has
1099 1721 1233 1791 litteras
1254 1723 1364 1813 leges

289 1844 374 1914 scito
392 1865 446 1914 me
467 1843 534 1915 iam
557 1845 764 1936 proximum.
785 1845 879 1914 Bene
898 1859 1015 1915 autem
1031 1845 1154 1916 leceris
1174 1844 1204 1914 si
1217 1844 1302 1914 mihi
1321 1846 1366 1918 ad

287 1968 415 2039 fontem
436 1966 568 2057 Surgiae
588 1967 732 2036 obvium
759 1975 792 2036 te
814 1967 944 2038 tuleris.
966 1967 1066 2052 Vive,
1088 1976 1123 2038 et
1149 1970 1227 2039 vale
1254 1970 1366 2041 nostri

288 2113 430 2162 memor.

431 2237 480 2292 Ill.
498 2237 564 2292 Idus
578 2237 665 2309 Iunii,
680 2239 835 2294 Placentiae.

787 2472 868 2484 -ι

690 2709 867 2774 EPISTOLA
895 2711 962 2774 lllll

315 2899 507 2949 Futnelscus
529 2902 696 2951 ruraliter
718 2904 853 2951 ANDREAE
875 2905 1024 2954 DANDULO
1046 2908 1119 2956 DUCl
1140 2908 1331 2958 vellerentur

759 3006 784 3054 S,
806 3008 834 3054 P.
855 3010 887 3056 D.

416 3195 501 3250 Enixe
515 3197 676 3252 dehortatur
690 3214 706 3253 a
720 3197 792 3252 bello
807 3204 902 3254 contra
918 3201 1077 3258 Genuenses
1090 3210 1225 3276 suscepto.

382 3427 425 3498 Ut
445 3428 575 3522 aliquid
596 3432 640 3502 ad
666 3440 699 3502 te
722 3431 885 3516 scribam,
908 3434 1034 3529 inclyte
1060 3437 1153 3521 Dux,
1175 3437 1255 3508 hinc
1280 3460 1351 3510 mea

284 3546 385 3633 fides,
408 3550 488 3622 hinc
508 3551 704 3622 humanitas
732 3563 790 3624 tua
812 3556 981 3645 suggerit,
1008 3557 1100 3628 illinc
1125 3580 1242 3629 rernm
1267 3580 1350 3653 prae-

283 3670 431 3744 sentium
453 3693 494 3743 ac
514 3682 706 3766 temporum
733 3679 844 3745 status
870 3677 977 3768 cogit3
1003 3677 1078 3748 haec
1103 3678 1242 3770 quidem
1268 3701 1350 3772 prae-

283 3805 351 3868 stat
372 3805 410 3866 ut
430 3797 521 3890 loqui
543 3797 663 3883 velim,
686 3800 762 3870 haec
782 3809 819 3870 ut
840 3801 1000 3885 audeam,
1028 3803 1085 3873 ille
1110 3811 1224 3872 autem
1248 3811 1285 3873 ut
1305 3813 1350 3874 ta-

282 3941 360 3990 cere
380 3942 562 4013 nequeam.
584 3922 669 4005 Quis
691 3923 782 3993 enim
800 3924 844 3995 ab
862 3935 998 3996 amante
1020 3927 1163 3997 sollicito
1182 3927 1348 3997 silentium

282 4043 459 4133 requirat?
485 4043 642 4116 Libertas
667 4047 795 4118 amoris
823 4049 1044 4120 verecundiae
1073 4051 1207 4120 frenum
1236 4050 1347 4122 nescit.
1393 4089 1394 4094 =

282 4164 328 4234 Os
349 4164 427 4236 licet
446 4166 659 4240 obstruxerit
679 4169 819 4243 rationis
842 4193 966 4244 manus
987 4184 1022 4243 et
1047 4173 1275 4265 magnitudini
1301 4196 1347 4245 re
