3078 4798
385 330 479 379 trouu
500 329 837 387 ournuusoucrnus—
850 333 1002 382 urlsronn
1024 333 1088 382 uu.
1221 322 1278 384 339

194 470 387 542 llnimvaro
400 466 448 537 ibi
461 467 577 538 omnia
589 466 812 550 delectarent,
825 465 854 538 si
870 475 1003 539 tantum
1017 461 1180 541 civilibus
1192 469 1281 542 odiis
1302 467 1362 514 s

196 615 265 666 non
283 592 413 664 liceret.
432 588 590 661 llevooor
606 587 652 660 ad
669 588 819 660 vicinam
836 589 979 661 curiam.
999 589 1091 660 Nihil
1104 592 1281 676 convenit,

196 715 314 790 omnia
333 711 528 805 displicent.
556 712 648 781 lnter
671 707 737 782 has
760 709 981 784 difficultates
1002 712 1131 784 auxius
1152 713 1197 784 ad
1218 712 1282 784 bos

197 838 362 930 scopulos
382 833 545 927 applicui;
568 832 624 904 hic
644 831 761 906 haereo
787 833 940 906 incertus
966 856 1036 928 quo
1061 834 1281 928 potissimum

197 959 334 1031 adeam.
362 955 425 1027 Hic
452 955 480 1026 si
506 955 646 1047 longam
668 975 801 1026 moram
825 965 978 1042 traxero,
1003 955 1104 1028 valde
1125 956 1283 1028 silvanus

197 1081 292 1152 fiam.
314 1077 406 1163 Quid
425 1077 548 1150 faciam
569 1075 708 1149 audisti.
730 1075 821 1149 Audi
843 1099 928 1170 ergo
946 1075 1030 1172 quid
1047 1078 1211 1170 cogitem:
1231 1100 1284 1150 re-

198 1223 369 1296 sponsum
385 1212 481 1273 tuum
495 1198 703 1295 expectab03
719 1198 748 1272 si
762 1200 883 1272 venire
895 1201 1040 1272 Romam
1057 1199 1281 1286 dissuadeas,

198 1326 289 1398 illico
308 1327 448 1397 olavum
475 1323 612 1394 flectam
645 1322 692 1394 ad
723 1322 816 1394 illam
849 1324 894 1396 de
924 1345 995 1417 qua
1026 1326 1150 1418 loquor
1175 1307 1314 1400 ltaliae'

198 1457 345 1545 partem,
368 1446 527 1539 interque
546 1444 652 1539 Alpes
672 1454 707 1517 et
726 1445 946 1541 Apenninum
968 1447 1133 1542 experiar
1158 1447 1188 1519 si
1213 1470 1282 1542 qua

199 1574 258 1644 vel
278 1573 427 1654 fortuna,
450 1571 507 1642 vel
528 1569 617 1642 ratio
638 1569 859 1664 tranquillum
880 1577 1047 1666 praestare
1072 1571 1185 1667 possit
1204 1593 1283 1666 por-
1342 1599 1345 1606 ·

199 1705 273 1766 tum
295 1694 329 1764 in
349 1695 488 1787 pelago;
515 1691 545 1764 si
570 1691 709 1790 penitus
741 1714 869 1786 anceps
903 1692 1081 1787 navigatio
1106 1691 1280 1776 videatur,

199 1817 257 1889 hio
285 1815 341 1888 ubi
369 1837 446 1888 sum
473 1837 541 1887 non
567 1815 670 1888 modo
695 1833 859 1888 ancoram
884 1816 1020 1902 iaciam,
1048 1824 1109 1890 aut
1134 1815 1283 1908 alligabo

199 1938 419 2036 naviculam,
435 1936 498 2009 sed
519 1936 726 2021 subducam,
746 1948 781 2010 et
798 1939 893 2031 quod
910 1940 1021 2012 solent
1037 1959 1126 2031 quos
1144 1939 1283 2010 naufra-

199 2062 256 2154 gia
278 2069 487 2145 terruerunt,
508 2081 669 2154 quosque
689 2070 877 2152 pertaesum
899 2060 1007 2134 maris
1024 2070 1092 2145 est,
1107 2060 1175 2131 sub
1192 2069 1282 2131 tecto

200 2205 335 2278 ponam,
351 2204 415 2255 seu
429 2183 587 2254 fortassis
601 2204 761 2267 exuram,
782 2184 979 2276 nequando
993 2192 1125 2254 mutato
1138 2182 1283 2254 consilio

198 2307 366 2399 navigare
379 2307 527 2401 amplius
541 2304 754 2400 possimllic
767 2327 978 2399 quamquam
994 2304 1090 2376 urbis
1100 2304 1217 2398 impiae
1232 2306 1283 2378 vi-

199 2429 298 2502 cinus
315 2431 432 2522 hagor
449 2451 489 2500 ac
508 2431 624 2500 tumus
638 2425 838 2520 impediant,
853 2427 1034 2500 obstruam
1049 2437 1164 2500 tamen
1178 2415 1281 2501 aures

191 2555 404 2644 oculosque,
419 2562 590 2645 gratoque
603 2551 672 2624 otio
689 2551 785 2644 quod
804 2550 872 2622 iam
890 2552 979 2646 coepi
995 2561 1031 2623 et
1047 2560 1165 2644 optata
1184 2553 1281 2623 lruar

200 2673 401 2757 solitudine3
416 2684 450 2746 et
467 2674 496 2746 si
513 2674 592 2767 quis
606 2671 687 2745 inde
701 2673 780 2758 huc,
800 2673 894 2767 quod
909 2681 1029 2746 vetare
1046 2697 1191 2769 nequeo,
1207 2686 1281 2747 tur-

202 2795 301 2870 bator
319 2795 518 2878 accesserit,
535 2795 660 2868 sentiet
675 2817 728 2865 me
743 2794 777 2865 in
792 2793 890 2867 silvis
905 2795 1115 2869 urbanarum
1135 2797 1278 2868 oblitum

202 2928 308 3013 atque
328 2918 568 2990 immemorem
590 2941 768 2990 curarum:
791 2919 898 2993 surdo
920 2941 958 2992 se
980 2922 1160 3014 loquutum
1173 2919 1280 3002 dicet;

202 3043 249 3112 ita
263 3041 347 3112 nihil
360 3041 501 3113 omnirlo
514 3039 670 3124 audiam,
685 3039 768 3111 nihil
786 3041 907 3135 loquar
919 3053 1020 3115 extra
1033 3041 1200 3138 propositi
1215 3041 1279 3115 mei

202 3163 299 3237 fines.
314 3163 477 3256 Vagabor
492 3165 586 3236 solus
601 3170 636 3234 et
649 3161 744 3248 liber,
761 3170 799 3234 ut
812 3187 904 3237 nunc
916 3164 1015 3236 facio.
1028 3163 1116 3236 lllud
1128 3165 1284 3236 intererit

202 3287 297 3382 quod
308 3309 401 3360 nunc
412 3308 459 3359 ex
471 3285 514 3358 iis
529 3285 613 3358 locis
628 3284 777 3373 Tiberim
790 3287 992 3380 Padumque
1003 3287 1132 3379 cogito,
1147 3286 1281 3362 Arnum

202 3431 342 3503 quoque
359 3420 394 3482 et
410 3407 567 3482 Athesim
582 3417 618 3480 et
636 3407 804 3493 Ticinum;
824 3417 905 3480 tunc
921 3408 969 3479 nil
986 3430 1135 3501 usquam
1154 3418 1284 3501 praeter

204 3530 359 3623 Sorgiam
378 3531 537 3624 cogitabo
550 3531 640 3604 inter
651 3540 810 3624 agrestes
825 3529 983 3602 victurus
995 3529 1282 3621 humandusque,
1407 3623 1427 3634 .

204 3651 323 3726 ultimo
342 3654 477 3727 diarum
509 3654 663 3726 omnium
695 3661 798 3724 extra
826 3651 983 3745 quidem,
1005 3652 1070 3724 sed
1095 3650 1282 3744 quodiam

205 3775 285 3849 hino
305 3776 434 3862 turbat,
457 3797 565 3870 prope
587 3776 771 3848 tumultum
788 3774 1033 3871 babylonicum
1052 3784 1283 3848 surrecturus.

204 3897 274 3970 Sed
293 3897 362 3971 iam
385 3900 469 3971 satis
488 3918 604 3970 sermo
630 3897 685 3970 hic
710 3895 929 3990 colloquendi
960 3894 1076 3968 studio
1101 3893 1284 3990 prooessit;

206 4019 261 4092 his
284 4043 372 4114 ergo
395 4021 573 4109 omnibus,
595 4020 714 4102 frater,
735 4021 770 4092 in
788 4041 894 4092 uuum
915 4016 1059 4102 coactis,
1087 4028 1121 4089 et
1147 4017 1175 4090 si
1201 4015 1286 4110 quid

206 4153 376 4236 praetcrea
397 4142 630 4238 praesentibus
647 4154 702 4214 est
718 4142 902 4228 omissum,
925 4119 1090 4225 rescribe,
1113 4163 1183 4224 oro,
1202 4139 1287 4234 quid
