3078 4798
397 372 490 422 tiana
510 371 1009 430 ournrusnscruus-srrsrom
1030 373 1061 420 11.
1209 365 1268 425 313

188 509 237 601 pis
257 515 349 578 aestu
369 505 497 591 victus,
511 525 632 578 ‘rerum
652 527 808 578 mearum
827 507 1007 599 navigium
1026 509 1181 582 commisi
1201 532 1268 583 non

187 629 299 702 ventis
320 649 361 700 ac
382 625 562 728 fluctibus,
585 627 649 699 sed
669 629 758 710 Deo,
780 629 881 700 cuins
905 628 972 700 sub
997 629 1105 702 ductu
1129 635 1268 704 naufra-

186 752 278 846 gium
301 750 376 824 fieri
398 748 529 842 nequit.
550 749 646 820 Vale.

330 891 374 948 Ad
390 891 497 948 iontem
512 891 626 964 Sorgiae.
643 893 776 950 Kalendis
788 894 957 952 Decembris.

609 1303 787 1370 EPISTOLA
807 1305 850 1370 111.

342 1492 537 1544 Fatuclsctts
559 1494 729 1544 Paratum
751 1493 888 1545 tantulo
908 1495 1117 1548 GRAMMATICO

555 1599 758 1651 rtoaanulrtc
779 1600 805 1650 S.
824 1601 851 1650 P.
870 1601 900 1650 Ι).

234 1763 274 1820 De
290 1763 389 1820 eadem
405 1781 435 1820 re
451 1781 513 1837 quae
529 1764 557 1820 in
572 1764 687 1836 epistola
702 1765 846 1837 superiori.
864 1767 930 1832 Quae
946 1766 1047 1850 sibisit
1060 1766 1094 1821 ad
1108 1765 1212 1823 sontem

569 1853 673 1925 Sergia
685 1855 755 1910 ratio
768 1855 886 1910 vivendi.

287 2097 366 2170 Scio
380 2106 413 2168 te
427 2095 544 2166 mirari
558 2105 594 2166 et
608 2105 719 2194 tecum
733 2095 865 2168 dicere:
879 2097 1008 2189 quibus
1020 2097 1076 2169 hic
1097 2107 1264 2170 terrarum

186 2220 414 2301 militaturis,
437 2217 503 2288 nisi
524 2219 611 2290 iortc
630 2218 685 2288 iile
702 2227 821 2289 noster
841 2218 929 2289 aiter
948 2239 1015 2309 ego
1036 2240 1073 2288 re
1098 2230 1134 2291 et
1159 2222 1268 2292 nomi-

185 2363 245 2428 ne,
261 2343 320 2435 qui
334 2339 434 2412 nobis
456 2342 522 2412 tate
543 2338 753 2432 vagantibus
770 2337 892 2432 patriae
911 2336 1030 2410 nidum
1052 2341 1161 2425 fovet,
1177 2342 1282 2422 litte·'

186 2485 243 2538 ras
257 2464 304 2536 ad
322 2483 471 2534 semeae
489 2462 594 2534 buius
612 2460 863 2558 propemodum
881 2461 1064 2534 sententiae
1082 2463 1142 2536 tibi
1158 2463 1267 2535 eFlo-

93 2603 97 2610 ·
187 2587 297 2658 tentia
318 2585 570 2681 Parthenopem
591 2585 738 2670 miserit,
752 2584 848 2678 quod
868 2585 898 2656 si
918 2583 1012 2668 iecit,
1033 2587 1267 2680 nequidquam

186 2708 247 2780 tibi
268 2708 360 2789 baec;
382 2706 444 2778 sed
463 2706 546 2799 quia
565 2706 806 2799 occupationes
828 2727 911 2778 snas
930 2716 1057 2788 metuo,
1077 2717 1113 2777 et
1128 2706 1269 2780 deside-

186 2831 277 2902 rium
298 2837 396 2901 tuum
418 2828 514 2911 novi,
545 2827 585 2908 jn
617 2826 724 2900 dubio
757 2829 866 2900 satius
899 2827 987 2901 duxi
1021 2827 1141 2899 horam
1164 2851 1266 2900 unam

185 2952 332 3045 perdere
353 2951 383 3022 si
404 2971 659 3046 supervacuum
681 2951 851 3046 estquod
872 2951 996 3037 scribo,
1020 2974 1124 3045 qnam
1146 2973 1268 3024 neees-

187 3074 315 3144 sariam
338 3072 545 3144 subtrahere
566 3095 628 3165 per
652 3072 820 3167 temporis
852 3073 1034 3146 avaritiam
1062 3083 1175 3146 status
1201 3074 1270 3144 mei

187 3194 342 3268 notitiam
364 3195 485 3268 amico.
508 3196 571 3266 Ubi
594 3197 675 3281 sim,
698 3195 783 3289 qnid
802 3196 962 3287 cogitem,
981 3196 1067 3289 quid
1083 3219 1183 3288 agam
1206 3217 1269 3266 au-

184 3318 318 3401 dieras,
338 3321 485 3390 etfama
505 3319 645 3392 fuitne
666 3321 835 3414 procellas
858 3299 971 3389 Curiae
992 3318 1180 3408 fugientem
1202 3317 1268 3389 lta·
1363 3331 1367 3340 '

186 3439 265 3510 liam
293 3451 463 3533 repetere,
487 3441 592 3514 sedes
621 3438 679 3512 ubi
703 3440 772 3510 iata
798 3439 934 3531 quietas
959 3438 1144 3511 ostendere
1170 3438 1269 3510 vide-

186 3562 323 3635 bantur.
352 3563 440 3633 Dum
476 3585 561 3654 ergo
593 3563 660 3635 iam
696 3560 760 3632 iter
792 3582 950 3652 caperem
978 3561 1119 3632 lanuam
1142 3581 1268 3631 versus

187 3689 316 3757 nuttam
332 3662 496 3757 aliamob
516 3705 661 3758 causam
678 3682 745 3755 nisi
763 3693 801 3754 ut
818 3703 1031 3775 germanum
1044 3681 1182 3752 unicum
1196 3682 1268 3754 vir

188 3819 260 3881 tute
281 3807 377 3892 mihi,
396 3827 501 3900 qnam
521 3807 691 3898 sanguine
708 3806 889 3889 cariorem,
906 3804 964 3897 qui
982 3814 1110 3896 praeter
1132 3787 1267 3874 viarum

186 3930 322 4002 iliarum
343 3930 457 4001 locum
481 3927 670 4000 solitarium
689 3939 794 4020 atque
812 3927 1024 4008 silvestrem,
1043 3925 1099 3996 cui
1116 3923 1268 3996 Montani

186 4051 262 4122 Rivi
286 4071 414 4122 nomen
433 4059 502 4133 est,
526 4049 569 4121 ad
590 4050 826 4122 famulandum
849 4046 986 4119 Christo
1007 4055 1111 4118 tunsa
1129 4045 1268 4142 penitus

186 4194 289 4245 carne
309 4172 449 4263 delegit,
485 4173 542 4243 vei
576 4171 611 4243 in
636 4171 790 4244 transitu
814 4169 971 4242 videram
997 4171 1107 4242 instro
1133 4171 1268 4260 integro
