3002 4794
263 393 302 453 46
600 405 641 451 nu
664 403 765 452 nunus
785 401 1007 451 rarrrnramaus

264 548 334 618 quo
353 523 498 617 Philippi
519 521 610 592 illius
632 521 742 605 hoste,
762 518 970 591 conflictatio
989 519 1071 589 mihi
1095 517 1162 588 ista
1183 527 1345 610 suscepta

264 658 327 718 est.
362 644 594 730 Quamobrem
624 643 653 714 si
678 643 763 735 quid
788 646 876 714 forte
909 643 1051 714 liberius
1079 642 1209 713 dictum
1234 642 1343 734 legis,

264 792 366 864 quam
399 767 644 839 blanditiarum
677 765 787 836 nostri
812 765 882 836 aevi
912 787 989 836 mos
1016 765 1136 850 habet,
1164 765 1344 857 ignoscito,

263 895 363 964 Iuvat
382 892 474 962 enim
496 887 679 981 magnifice
699 889 805 980 loqui,
828 897 864 959 et
882 900 976 960 certe
996 888 1109 972 decet,
1138 899 1176 960 ut
1195 891 1345 980 quadam

264 1016 309 1088 ad
330 1015 531 1086 Ciceronem
548 1012 694 1104 epistola
714 1013 842 1082 Rrutus
861 1011 926 1095 ait,
950 1011 1122 1083 adversus
1144 1011 1346 1102 ignorantes

263 1137 348 1230 quid
374 1157 436 1231 pro
461 1154 600 1227 quoque
627 1133 816 1206 timendum
851 1135 905 1204 sit.
936 1135 981 1205 Ut
1011 1134 1104 1205 enim
1130 1134 1175 1205 ad
1206 1137 1345 1206 exulem

265 1269 361 1330 tuum
382 1266 615 1342 revertamur,
636 1256 779 1328 videres
800 1257 895 1327 hunc
915 1259 1016 1328 vultu
1034 1255 1272 1348 augustiorem
1292 1277 1347 1326 so

263 1382 322 1453 lito
340 1389 375 1451 et
391 1382 504 1451 fronte
522 1380 657 1452 siderea
677 1403 740 1471 per
761 1378 867 1451 urbes
888 1379 1020 1450 italicas
1041 1379 1269 1450 incedentem.
1287 1377 1348 1449 Vi-

264 1504 367 1574 deres
381 1504 589 1596 populorum
607 1522 647 1571 ac
664 1501 859 1593 principum
876 1521 1079 1584 concursus
1097 1521 1234 1571 summo
1250 1499 1345 1568 illum

264 1624 394 1696 honore
414 1622 722 1717 prosequentium;
743 1622 885 1693 audires
903 1621 1141 1714 plaudentium
1168 1631 1273 1714 atque
1297 1623 1348 1691 la-

263 1745 418 1816 vantium
444 1767 573 1828 voces3
600 1745 756 1816 enervati
786 1745 931 1836 puderet
962 1740 1114 1837 eloquii,
1140 1767 1253 1838 neque
1277 1746 1346 1815 iam

264 1869 417 1951 exulem,
442 1868 505 1939 sed
525 1867 620 1961 pacis
647 1877 683 1937 et
702 1866 830 1960 quietis
857 1875 1049 1950 auctorem,
1072 1877 1178 1958 atque
1199 1865 1348 1959 sospita-

264 2000 374 2062 torem
402 1990 612 2083 Reipublicae
637 2011 860 2094 nuncupares
887 1990 1025 2062 veriore
1051 1989 1231 2062 vocabulo.
1260 1989 1346 2059 Cum

263 2112 355 2183 enim
369 2113 458 2184 inter
472 2113 660 2206 Hungariae
677 2123 712 2185 et
725 2113 850 2184 Siciliae
868 2134 976 2204 regua
992 2111 1174 2207 profundis
1187 2111 1346 2184 odiorum

263 2236 621 2308 lontibus'scatentes
651 2237 820 2307 bellorum
845 2258 965 2308 causae
993 2257 1157 2327 magnam
1195 2237 1347 2330 Europae

240 2335 398 2450 'partem
426 2359 461 2428 iu
490 2357 674 2431 discrimen
700 2358 889 2443 traherent,
922 2369 1013 2427 tanto
1041 2380 1106 2449 pur
1131 2361 1226 2427 oneri
1248 2379 1345 2426 nemo

262 2483 347 2550 alter
380 2483 534 2550 incautus
571 2493 626 2550 est.
657 2483 729 2551 Hoc
762 2480 909 2552 Romani
946 2479 1121 2551 Pontificis
1154 2466 1344 2563 iudicium,

262 2604 356 2674 hunc
378 2602 467 2672 sacri
488 2602 621 2694 collegii
641 2623 867 2686 consensum,
891 2602 920 2673 si
942 2612 979 2672 tu
1002 2603 1067 2673 sibi
1092 2602 1260 2672 miserum
1286 2613 1348 2672 aut

262 2724 501 2818 poenitendum
534 2745 674 2807 censen,
701 2723 795 2815 quod
819 2725 903 2794 felix
935 2725 1157 2816 faustumque
1188 2724 1346 2794 dicturus

263 2847 312 2918 sis
333 2848 461 2918 nescio.
484 2847 553 2917 Sed
574 2845 696 2917 adiuro
718 2856 751 2917 te
778 2869 841 2941 per
860 2847 969 2932 illam,
996 2843 1076 2941 quae
1102 2867 1258 2940 praeesse
1282 2843 1348 2914 de-

192 3037 194 3042 .
220 3013 226 3026 ·
263 2971 321 3040 bet
342 2969 532 3051 affectibus,
556 2969 744 3051 rationem;
766 2970 860 3062 quod
882 2980 918 3041 tu
941 2971 1025 3040 mihi
1046 2969 1154 3041 otium
1175 2989 1254 3039 cum
1280 2967 1348 3038 boc

262 3092 415 3182 negotio,
439 3113 527 3183 quas
549 3090 634 3162 mihi
660 3092 802 3165 delicias
823 3116 901 3165 cum
923 3093 978 3164 his
1004 3095 1111 3177 curis,
1135 3113 1240 3186 quam
1261 3087 1346 3160 mihi

210 3227 212 3234 '
263 3214 419 3305 requiem
439 3235 518 3284 curn
541 3214 597 3285 his
614 3213 792 3286 laboribus
809 3215 1052 3308 comparabis?
1067 3215 1201 3286 Viderit
1220 3213 1348 3307 Epicu-

204 3431 206 3439 Α
262 3355 359 3404 reum
374 3337 504 3426 vulgus
518 3336 602 3429 quid
614 3337 822 3430 pronuntiet.
838 3339 914 3429 Ego
929 3348 998 3408 tam
1019 3357 1228 3428 generosum
1242 3355 1346 3405 exer-

262 3457 380 3528 citium
400 3457 562 3528 omnibus
589 3459 722 3529 deliciis
747 3458 980 3554 omnibusque
997 3457 1236 3552 voluptatibus
1253 3476 1347 3551 prae.

264 3583 423 3667 tulerim,
446 3602 534 3674 quas
554 3603 697 3653 somnus
717 3593 778 3654 aut
797 3595 920 3656 venter
941 3594 1001 3657 aut
1018 3583 1160 3654 ambitio
1177 3587 1346 3676 praestare

262 3713 388 3796 potest.
407 3703 527 3774 Omnis
544 3704 638 3774 enim
654 3704 776 3791 virtus
792 3708 905 3778 omnis
926 3707 1048 3800 gloria,
1064 3705 1177 3777 omnis
1197 3703 1347 3772 vhonesta

263 3826 446 3898 delectatio
467 3826 502 3896 in
524 3826 634 3898 arduo
656 3827 722 3898 sita
745 3837 811 3900 est.
830 3827 884 3900 Ad
901 3830 1068 3901 obscoena
1082 3823 1344 3904 descendimus,

263 3949 527 4020 conscendimus
556 3949 600 4021 ad
634 3951 791 4024 honesta.
827 3953 902 4023 Noli
935 3952 1040 4043 igitur
1070 3947 1207 4018 llomini
1236 3945 1348 4017 nostri

264 4067 444 4160 deplorare
457 4072 644 4142 fortunam:
659 4067 851 4145 exulem'te
866 4075 979 4168 potius
998 4069 1139 4153 credito,
1155 4077 1190 4139 et
1202 4067 1347 4138 exilium
1398 4129 1402 4136 .

266 4199 360 4261 tuum
384 4213 499 4280 geme,
524 4194 582 4285 qui
604 4204 672 4266 tam
695 4198 812 4287 procul
836 4217 855 4265 a
876 4192 1141 4290 contemplanda
1161 4190 1252 4260 illius
1274 4190 1348 4278 glo-
