2988 4800
256 327 313 386 1130
591 332 631 378 nn
653 331 753 379 uenus
775 330 996 380 ruurnmnrnus

256 482 303 556 to,
318 469 445 562 quihus
466 467 560 536 nulla
581 473 662 536 sunt
683 467 872 537 senectutis
890 467 1052 557 insignia,
1072 479 1199 559 praeter
1216 493 1329 561 rugas,

255 612 359 662 canos
381 597 415 659 ot
433 588 626 672 calvitium,
648 595 683 684 pt
702 588 886 659 incurvum
913 600 1064 680 tergum,
1091 590 1237 683 nasique
1262 613 1332 662 ma·

255 711 370 784 dentis
390 711 584 796 infantiam,
607 719 642 783 et
662 731 737 780 cum
758 732 836 782 uoce
858 713 1031 782 trementia
1050 715 1206 799 membru,
1222 726 1260 785 ut
1272 716 1328 786 Sa·

216 817 217 820 ¹
255 837 386 933 lyricus
407 834 466 908 ait.
489 835 578 905 Suas
601 833 668 905 sihi
693 845 810 906 autem
834 833 998 928 equidem
1022 835 1213 909 invidiosas
1236 838 1331 909 dotes

256 959 418 1043 habeant,
442 981 505 1030 nos
526 957 618 1028 enim
637 980 705 1029 non
724 965 843 1050 putres
860 960 1065 1050 quaerimuS,
1087 962 1148 1033 sed
1166 971 1330 1033 maturos.

254 1085 373 1177 Neque
393 1104 517 1153 rursus
536 1082 611 1152 illos
630 1081 795 1165 excludo,
813 1080 915 1174 siqui
934 1093 1026 1167 suut,
1042 1084 1116 1176 qui,
1130 1083 1333 1155 florentibus

256 1207 370 1290 annis,
393 1203 498 1274 animi
518 1216 852 1297 praeoccupaverunt
870 1215 1093 1290 senectutem,
1112 1228 1226 1300 neque
1244 1209 1336 1300 qnod

255 1330 291 1399 in
304 1337 337 1398 te
351 1324 470 1410 miror,
490 1323 526 1394 in
545 1325 621 1396 aliis
641 1347 781 1421 sperno,
802 1328 913 1400 sicubi
930 1352 1072 1416 praecox
1089 1330 1221 1403 indoles
1239 1332 1337 1403 afful-

258 1449 352 1520 serit.
374 1449 450 1520 Non
472 1471 549 1521 sum
570 1447 709 1518 nescius
730 1454 897 1538 quantum
924 1444 1109 1516 Africanus
1134 1470 1236 1517 meus
1255 1456 1338 1528 adq

257 1574 394 1644 lesccns
415 1570 559 1641 afflictae'
574 1568 787 1664 Reipublioae
808 1591 877 1639 non
899 1591 1004 1640 manu
1027 1570 1153 1654 solum,
1178 1570 1243 1640 sed
1259 1591 1340 1642 con-

258 1696 334 1766 silio
351 1692 530 1786 profuerit;
545 1701 613 1776 aut,
625 1691 708 1763 dum
724 1699 898 1763 secretum
912 1703 1055 1763 senatus
1069 1693 1166 1776 celat,
1180 1692 1339 1787 Papirius

257 1821 488 1889 Praetextatus
502 1837 652 1908 quonam
668 1815 742 1886 ioco
759 1826 904 1887 matrem
920 1816 1101 1900 deluserit,
1120 1816 1205 1909 quid
1223 1816 1340 1909 preda-

259 1962 350 2032 gogo
372 1961 436 2010 suo
455 1937 593 2010 Portius
616 1938 710 2020 Cato,
746 1938 832 2029 quid
865 1936 940 2008 seni
973 1936 1077 2008 anxio
1109 1959 1197 2031 puer
1230 1939 1341 2008 suasit

260 2063 468 2135 Alcibiades.
490 2062 571 2146 Sed,
591 2061 813 2146 mihicrede,
832 2083 1010 2154 perrarum
1029 2082 1142 2151 genus
1160 2059 1340 2131 homiuum

261 2186 389 2279 quibus
417 2194 535 2256 tenera
567 2194 670 2256 aetate
702 2185 877 2276 contingat
909 2206 1043 2280 sapere.
1069 2182 1134 2253 Ubi
1168 2205 1252 2255 sane
1274 2185 1340 2255 tale

260 2309 390 2402 aliquid
403 2318 438 2379 et
453 2329 692 2410 praegressum
707 2329 815 2380 annos
833 2308 1088 2380 adolescentem
1103 2306 1247 2391 videris,
1265 2306 1341 2401 (neo

262 2436 353 2505 enim
376 2431 510 2503 inficior
531 2431 607 2503 fieri
627 2431 758 2526 posse),
782 2454 904 2502 senum
927 2431 1042 2502 choris
1069 2428 1267 2503 adscribito.
1290 2433 1342 2504 Tu

262 2557 321 2646 qui
342 2563 378 2624 et
400 2553 533 2624 consilii
550 2553 662 2647 prima
679 2576 751 2625 vox
768 2562 803 2624 et
819 2577 935 2626 rerum
953 2562 1057 2647 caput
1073 2575 1153 2624 esse
1171 2554 1338 2637 meruisti,

263 2676 329 2747 hoc
356 2697 494 2770 semper
520 2685 634 2746 tecum
667 2675 796 2768 cogita,
830 2676 961 2772 primas
995 2676 1040 2748 ad
1070 2687 1103 2747 te
1135 2687 1252 2770 partes
1283 2679 1341 2748 rel

263 2796 384 2888 gloriae
396 2796 454 2866 vel
472 2795 622 2865 infamiae
638 2795 823 2888 pertinere,
839 2796 1001 2898 ideoque,
1023 2797 1142 2890 sopitis
1160 2795 1339 2882 omnibus,

265 2922 360 2992 solus
381 2919 498 3010 vigila.
520 2920 641 3010 Neque
660 2918 764 3002 enirn,
787 2919 881 3012 quod
901 2919 1092 2992 illustribus
1114 2920 1199 2991 viris
1217 2923 1339 3014 placet,

265 3065 327 3136 par
340 3041 558 3137 imperatoris
577 3050 612 3112 et
628 3043 743 3114 militis
764 3043 860 3114 labor
876 3056 941 3115 est.
958 3044 1150 3140 Promptior
1166 3046 1211 3116 ad
1227 3055 1341 3116 actum

265 3166 376 3250 venit,
395 3186 499 3256 quem
519 3163 627 3235 maior
647 3166 780 3257 praemii
800 3189 881 3259 pars
902 3168 1058 3263 impellit:
1077 3178 1112 3239 et
1132 3189 1343 3261 quamquam

266 3291 386 3362 multae
405 3296 440 3360 et
460 3288 569 3358 variae
590 3287 659 3358 siut
683 3291 906 3382 praemiorum
933 3292 1082 3386 species,
1105 3293 1151 3363 ad
1171 3312 1260 3384 quas
1281 3313 1343 3385 pro

268 3413 437 3485 varietate
457 3409 643 3482 affectuum
676 3433 745 3482 non
779 3412 993 3486 uniformiter
1012 3415 1227 3499 inclinamur,
1249 3414 1345 3485 haud

268 3529 412 3609 dubium
434 3544 566 3617 tamen,
588 3534 682 3625 quod
708 3534 881 3610 nobilibus
903 3537 1036 3625 animis,
1056 3547 1136 3631 post
1155 3537 1342 3620 virtutem,

271 3681 447 3732 summum
468 3660 580 3729 calcar
600 3665 655 3728 est
676 3659 795 3752 gloria.
822 3660 909 3732 Hinc
932 3660 1039 3754 igitur
1058 3661 1248 3734 excitatum
1272 3659 1346 3730 ani-

268 3805 365 3854 mum
383 3783 477 3854 curis
494 3781 631 3876 optimis
650 3805 784 3856 exerce.
804 3785 892 3856 Sunt
908 3793 1022 3856 autem
1037 3784 1176 3878 optimae
1193 3801 1288 3854 curae
1300 3779 1345 3851 de

270 3909 380 3977 salute
401 3905 536 4001 patriae,
557 3915 594 3977 ut
615 3906 662 3980 ait
682 3906 812 3979 Cicero.
834 3906 895 3980 His
913 3907 1017 3999 igitur
1035 3905 1096 3977 tibi
1113 3928 1205 3977 nunc
1225 3906 1261 3975 in
1277 3925 1347 3974 coe-

269 4027 340 4095 lum
361 4028 426 4098 iter
447 4030 603 4100 facturus
627 4051 788 4122 assurge,
810 4039 913 4122 teque
931 4049 1037 4122 supra
1057 4037 1089 4099 te
1107 4028 1220 4122 ipsum
1238 4024 1346 4116 erige.

270 4145 367 4233 Vide,
379 4147 617 4243 circumspice,
628 4155 858 4246 contemplare
871 4151 1037 4237 omnia,et
1048 4150 1166 4222 felices
1180 4149 1347 4222 bellorum
