3078 4798
265 347 323 407 316
598 360 639 406 ou
662 360 763 408 nesus
785 359 1006 409 rnuurnrunus

265 518 338 566 ram
361 497 435 567 suis
457 495 621 568 fluctibus
649 496 822 568 undosum
849 519 945 568 mare
969 478 1202 592 conspiciens,
1231 502 1349 586 mode-

264 627 360 690 ratus
393 640 439 689 ex
473 619 549 713 ipsa
583 640 699 689 rerum
728 627 933 713 tempestate
953 619 1131 710 navigium
1154 622 1261 693 animi
1280 626 1347 715 legi

265 738 443 825 rudentes
484 740 548 810 ieci
588 762 766 824 ancoram,
802 742 940 811 olavum
964 743 1112 835 pressi,
1149 745 1348 839 fessamque

265 863 347 934 vitae
370 862 565 936 turbinibus
586 864 737 934 carinam
772 864 882 935 donee
915 872 1037 954 portus
1071 875 1256 960 appareat,
1284 868 1347 939 hos

264 985 354 1056 inter
374 987 535 1078 scopulos
556 985 711 1076 alligavi,
727 1008 796 1057 non
810 985 987 1057 rediturus
1005 985 1049 1058 ad
1067 987 1198 1059 curiam
1216 1011 1344 1082 neque,
1408 989 1411 998 ’

265 1108 333 1176 nisi
353 1107 448 1179 aliud
468 1106 621 1192 audiero,
645 1105 837 1178 Ausoniam
857 1105 1040 1200 petiturus.
1063 1109 1125 1180 Hie
1137 1109 1176 1201 ¹si
1195 1109 1281 1202 quid
1300 1113 1348 1182 fa-

265 1229 353 1300 ciam
374 1228 520 1322 quaeris:
543 1231 619 1299 nivo
640 1229 797 1320 equidem.
825 1231 1001 1323 Expectas
1028 1239 1067 1300 ut
1091 1251 1234 1302 versum
1256 1255 1351 1328 oom3

264 1353 377 1446 pluam
399 1353 564 1444 uitamque
584 1363 736 1422 entremn
753 1373 814 1444 per
839 1355 951 1421 omnia
972 1351 1076 1422 duco?
1101 1351 1218 1435 Absit3
1241 1353 1347 1426 immo

265 1493 351 1544 vero
373 1473 456 1544 vivo
477 1481 512 1544 et
533 1475 634 1546 valeo
654 1483 690 1545 et
710 1475 860 1564 gaudee,
883 1484 918 1544 et
943 1495 1023 1566 quae
1048 1476 1176 1547 multos
1203 1486 1347 1548 moestos

266 1592 395 1663 faciunt
416 1615 553 1686 sperno.
572 1597 660 1666 Haec
680 1595 752 1666 vita
772 1616 851 1667 mea
870 1605 935 1667 est.
954 1596 1068 1669 Media
1086 1604 1187 1668 nocte
1204 1617 1350 1668 consur—

266 1736 324 1806 go;
345 1717 456 1809 primo
477 1738 578 1786 mane
598 1716 703 1788 domo
724 1718 902 1809 egredior,
923 1719 983 1790 sed
1004 1740 1070 1790 non
1088 1720 1187 1790 aliter
1204 1720 1238 1789 in
1256 1742 1350 1792 cam-

265 1837 320 1929 pis
341 1858 445 1930 quam
467 1838 560 1909 domi
582 1839 722 1925 studeo,
750 1841 885 1932 cogito,
912 1843 1004 1934 lego,
1034 1841 1161 1914 scribo:
1189 1863 1349 1914 somnum

267 1970 434 2052 quantum
453 1959 532 2034 fieri
558 1971 672 2054 potest
698 1963 744 2033 ab
768 1964 878 2034 oculis
904 1964 991 2036 meis
1017 1985 1133 2048 arceo,
1161 1987 1182 2035 a
1206 1986 1349 2060 corpore

268 2082 456 2167 mollitiem,
489 2083 535 2155 ab
569 2086 684 2157 animo
707 2087 914 2179 voluptates
943 2084 989 2156 ab
1012 2089 1211 2182 operatione
1238 2099 1350 2180 torpe

268 2227 352 2276 rem.
376 2207 470 2277 Totis
490 2208 616 2280 diebus
637 2208 753 2280 aridos
775 2218 920 2293 montes,
944 2209 1100 2282 roscidas
1118 2212 1229 2282 valles
1247 2221 1350 2302 atque

267 2338 367 2401 antra
391 2331 574 2401 circumeo.
603 2332 793 2424 Utramque
819 2331 953 2422 Sbrgiae
979 2331 1090 2424 ripam
1117 2328 1212 2428 saepe
1238 2353 1349 2402 reme-

270 2451 350 2535 tior,
386 2455 481 2525 nullu
513 2453 573 2547 qui
605 2454 784 2550 obstrepat
815 2452 934 2540 obvio,
968 2455 1063 2525 nullo
1095 2455 1233 2539 comite,
1252 2455 1351 2524 ‘nullo
1390 2461 1400 2480 ‘

270 2575 373 2658 duce,
396 2575 464 2647 nisi
484 2578 577 2648 curis
599 2577 687 2648 meis
707 2577 822 2647 minus
849 2577 885 2645 in
910 2575 986 2648 dies
1012 2575 1152 2648 aeribus
1178 2596 1218 2646 ac
1243 2578 1351 2647 mole-

270 2696 344 2768 stis.
363 2697 444 2767 lllas
462 2706 542 2768 ante
559 2708 722 2792 retroque
741 2696 980 2771 transmittens
1001 2698 1256 2792 praeteritorum
1277 2717 1349 2768 me-

269 2841 345 2891 mor
357 2829 506 2892 ventura
522 2819 691 2903 delibero,
712 2843 816 2914 quam
833 2819 978 2892 feliciter
994 2819 1123 2892 viderit
1142 2820 1198 2891 ille
1219 2819 1264 2890 de
1281 2841 1350 2912 quo

268 2942 493 3013 dictumest:
523 2943 560 3008 iu
587 2943 711 3010 lumine
737 2953 791 3012 tuo
819 2941 999 3013 uidebimus
1025 2944 1152 3025 tumen,
1182 2942 1257 3012 sine
1283 2963 1351 3034 quo

268 3065 399 3133 frustra
428 3084 490 3154 per
520 3062 681 3136 tenebras
703 3064 901 3136 hnmanitas
928 3065 1020 3160 lippa
1044 3064 1290 3156 circumspicit:
1317 3065 1350 3134 in

270 3184 362 3255 illius
381 3184 488 3256 ductu
508 3186 621 3258 omnis
644 3207 725 3281 spes
744 3197 800 3258 est
820 3209 908 3258 mea.
931 3186 1033 3258 Certe
1050 3187 1144 3280 quod
1162 3187 1197 3256 in
1215 3196 1349 3270 meost,

270 3307 360 3378 nitor·
375 3316 412 3378 ut
424 3318 586 3401 praestem
604 3331 673 3380 non
694 3313 918 3382 reluctantem
937 3307 1100 3379 animum.
1115 3309 1257 3402 lamque
1273 3331 1351 3381 cum

269 3428 436 3525 Apostolo
456 3439 622 3523 quantum
646 3453 789 3523 possum
811 3430 987 3527 praeterita
1007 3430 1234 3514 obliviscens,
1257 3429 1291 3498 in
1311 3450 1353 3499 ea

268 3575 349 3646 quae
371 3563 453 3626 sunt
472 3561 552 3624 ante
573 3554 754 3625 extendor.
776 3554 889 3624 Unum
922 3552 1008 3622 mibi
1041 3553 1198 3624 solamen
1229 3549 1352 3641 ingens

272 3678 306 3747 in
328 3679 422 3750 omni
443 3678 549 3748 exilio
569 3677 689 3748 datum
706 3688 775 3760 est,
797 3677 891 3769 quod
909 3685 945 3746 et
962 3675 1055 3746 bunc
1073 3676 1185 3746 locum
1204 3675 1271 3744 iam
1289 3671 1353 3744 ieci

269 3811 305 3871 et
324 3822 461 3871 omnem
484 3800 513 3871 si
537 3822 592 3871 res
616 3799 731 3871 tulerit
756 3799 959 3869 familiarem
987 3797 1071 3868 mihi
1098 3795 1222 3869 videor
1248 3797 1355 3866 factu-

270 3943 346 4006 rus,
368 3923 472 3994 modo
490 3923 547 3992 ille
564 3945 632 3994 non
651 3922 696 3992 sit
715 3920 842 3990 Avinio
860 3920 1016 3991 ventosis
1035 3941 1075 3991 ao
1093 3918 1243 3990 turbidis
1261 3916 1355 3987 Rbo-

259 4043 351 4112 dani
393 4043 589 4135 gurgitibus
622 4043 836 4136 impendens.
871 4043 954 4112 Haec
987 4041 1047 4113 tibi
1080 4040 1212 4113 diutius
1246 4037 1356 4110 amice

271 4161 386 4254 ignota
408 4186 577 4236 essenon
604 4187 682 4236 sum
707 4185 850 4258 passus
886 4165 915 4235 si
950 4175 1064 4236 tamen
1090 4165 1210 4255 ignota
1235 4170 1357 4234 essent
