3062 4798
265 343 325 403 teo
607 352 647 397 ou
670 349 770 398 ausus
792 347 1013 396 rrumrtureus

267 486 446 559 sententiae
460 485 564 556 huius
578 482 689 565 affers,
705 482 772 554 uisi
785 481 879 573 quod
893 481 959 552 hoc
972 490 1010 550 et
1021 480 1173 552 medicos
1186 481 1350 552 docuisse

266 609 332 692 aie,
356 616 390 678 et
411 607 570 678 Caesares
590 605 765 678 didicisse.
786 605 881 675 Bene
900 603 1040 695 quidem
1061 604 1208 673 multum
1232 601 1350 704 dispa-

266 730 317 800 ria
338 729 532 822 eoequasti:
553 751 634 800 uam
656 736 691 798 et
712 729 872 798 Caesares
898 747 995 817 aegro
1015 725 1090 798 orbi
1112 727 1244 799 mederi
1271 725 1350 799 scli-

268 862 321 924 tos
342 851 555 944 accepimus:
577 873 669 922 nunc
694 860 730 920 et
748 849 815 942 ipsi
835 871 914 919 cum
941 848 1083 940 reliquis
1104 857 1292 939 aegrotant,
1317 858 1351 918 et

267 975 420 1046 muudus
438 995 535 1065 aeger
552 972 686 1044 medico
706 980 813 1054 caret,
828 982 864 1042 et
880 993 974 1043 mors
982 971 1198 1042 universalis
1216 969 1252 1040 iu
1270 971 1350 1058 loris

267 1097 335 1168 hus
348 1109 412 1168 est.
431 1097 490 1168 Die
507 1107 624 1167 autem
645 1095 738 1178 mihi,
756 1096 889 1178 Caesar,
899 1093 983 1186 quid
1001 1115 1049 1164 ex
1065 1093 1227 1166 omnibus
1241 1093 1349 1165 inteu-

268 1227 379 1290 tatum
397 1221 475 1288 est‘l
492 1217 613 1302 verba,
633 1238 770 1310 preces,
790 1217 909 1293 minae,
929 1215 1120 1300 blanditiae,
1140 1221 1350 1308 apparatus?

268 1339 359 1422 Quid
380 1345 489 1409 restat
509 1338 576 1407 nisi
598 1349 634 1409 ut
658 1337 819 1408 hostibus
839 1337 972 1431 imperii
999 1340 1147 1433 supplex
1173 1336 1218 1408 ad
1238 1361 1350 1431 genua

268 1459 513 1557 provolvaris?
533 1459 569 1530 Si
590 1458 625 1529 id
645 1459 766 1532 auditu
786 1460 916 1534 foedum
938 1470 974 1531 et
995 1459 1173 1551 iudignum
1193 1470 1263 1544 est,
1285 1463 1351 1532 fer-

219 1666 225 1676 ,
269 1607 346 1655 rum
372 1593 534 1676 superest
560 1582 680 1653 ultima
704 1593 969 1654 veternosorum
991 1585 1145 1654 ulcerum
1172 1582 1348 1654 medicina.

268 1707 355 1776 Nam
381 1705 466 1798 quid
491 1705 639 1798 amplius
665 1707 857 1799 expectas?
881 1703 997 1776 Padus
1019 1713 1057 1776 ut
1077 1705 1121 1777 ad
1147 1707 1278 1776 fontem
1300 1727 1351 1777 re-

269 1830 369 1899 deat?
386 1827 449 1896 lhit
470 1826 526 1898 ille
542 1849 611 1918 qua
633 1827 755 1898 solitus
776 1835 839 1910 est,
859 1837 993 1898 etcum
1013 1849 1116 1900 amne
1132 1829 1248 1900 fluent
1261 1829 1348 1909 anui,

269 1949 432 2043 quodque
455 1972 523 2021 non
537 1971 634 2020 uunc
655 1949 792 2020 noviter
811 1971 858 2020 ex
880 1971 934 2020 me
952 1943 1069 2034 audis,
1093 1951 1272 2022 iuventam
1299 1971 1351 2020 se·

269 2083 391 2146 nectus
416 2071 581 2166 excipiet,
610 2084 824 2145 senectutem
852 2094 958 2143 mors.
985 2072 1077 2142 Nihil
1102 2093 1248 2165 prorsus
1274 2073 1352 2142 hinc

270 2199 425 2281 auferes
448 2195 515 2266 nisi
532 2193 626 2288 quod
646 2194 743 2279 bene¹
758 2216 822 2266 seu
841 2194 936 2287 quod
956 2196 1045 2264 male
1067 2193 1244 2285 gesseris:
1272 2194 1353 2264 nihil

270 2320 326 2390 hic
346 2319 500 2390 dimittes
515 2329 627 2403 tuum,
644 2327 773 2411 preter
793 2316 943 2389 nominis
967 2317 1170 2388 memoriam
1190 2326 1227 2388 et
1246 2338 1354 2387 exau-

271 2469 340 2536 gue
357 2447 618 2539 corpusculum
641 2444 724 2516 illud
742 2467 881 2537 quoque
903 2466 970 2516 uon
987 2443 1059 2514 iam
1082 2453 1179 2514 tuum
1203 2442 1264 2514 sed
1288 2451 1354 2513 ter-

272 2591 321 2639 rae
347 2569 517 2661 parentis
541 2590 582 2639 ac
603 2569 775 2639 vermium
803 2590 871 2639 uon
892 2566 1005 2658 magis
1027 2565 1224 2662 Caesaribus
1248 2587 1355 2656 quam

272 2691 405 2784 plebeis
430 2690 659 2786 parcentium,
682 2689 754 2761 imo
774 2689 916 2783 quidem
937 2687 1075 2760 avidius
1095 2710 1240 2782 corpora
1261 2687 1358 2759 uobi-

272 2813 358 2884 liora
383 2811 590 2885 rodentium.
613 2811 705 2894 Quid
729 2810 774 2881 de
794 2810 871 2882 aliis
892 2809 958 2882 ttet
983 2833 1063 2905 quae
1088 2811 1251 2883 videntur
1276 2812 1357 2881 tua‘?

274 2939 374 3007 Certe
397 2956 482 3029 opes
508 2943 544 3006 el
569 2932 752 3026 imperium
780 2933 917 3025 linquas
946 2933 1046 3018 alteri
1076 2954 1221 3006 necesse
1245 2940 1302 3002 esl
1324 2941 1358 3002 et

273 3060 414 3148 ignoras
435 3057 607 3139 oui2Haec
633 3055 785 3126 humana
805 3055 1050 3141 conditio-est,
1073 3057 1131 3127 cui
1155 3077 1221 3126 nec
1241 3056 1358 3126 Caesar

273 3199 337 3248 nee
359 3176 519 3248 Pontifex
541 3197 715 3258 romanoe,
738 3176 890 3271 denique
907 3201 973 3251 nec
993 3201 1113 3271 regum
1129 3201 1200 3250 uec
1221 3177 1359 3248 omniuo

274 3298 454 3370 homiuum
475 3301 566 3372 ullus
592 3299 769 3371 eximitur.
791 3301 890 3372 Nunc
914 3300 1028 3392 igitur,
1051 3323 1143 3372 nunc
1163 3287 1246 3371 cura
1266 3297 1358 3391 quod

276 3443 416 3514 semper
431 3445 500 3494 nou
521 3423 661 3515 poteris,
683 3423 799 3516 qualia
821 3425 950 3496 scilicet
969 3445 1051 3494 esse
1072 3424 1158 3496 velis
1180 3443 1262 3516 quae
1282 3443 1359 3513 pro-

275 3543 349 3636 pria
371 3547 406 3614 et
425 3545 698 3618 irrevocabiliter
718 3556 776 3618 tua
799 3557 901 3618 sunt:
923 3547 1074 3618 animam
1095 3557 1130 3618 et
1149 3549 1287 3618 famam.
1305 3546 1359 3614 ln-

276 3676 328 3738 lor
348 3665 576 3738 temeritatem
601 3679 637 3738 et
661 3668 816 3739 inertiam
845 3667 961 3739 nescio
981 3668 1066 3759 quid
1086 3667 1236 3756 eligam:
1264 3685 1360 3758 saepe

277 3789 452 3862 temeritas
473 3790 603 3862 lelicior
622 3791 707 3861 luit:
734 3813 803 3862 nou
823 3790 977 3862 delector
996 3790 1177 3873 extremis,
1205 3787 1357 3860 medium

277 3929 407 3999 quaero.
443 3909 511 3982 Sed
544 3911 613 3984 heu
647 3933 773 3983 vereor
806 3913 922 4004 (quod
944 3933 1030 4006 pace
1062 3911 1108 3980 sit
1139 3911 1270 3984 dictum
1301 3919 1359 3980 lua

278 4028 502 4122 omniumque
527 4032 586 4124 qui
612 4033 756 4125 imperio
780 4033 826 4104 illi
852 4044 1010 4125 praesuut
1034 4035 1165 4126 quique
1190 4029 1361 4124 gerendu-

278 4167 356 4214 rum
382 4171 497 4220 rerum
524 4152 635 4224 officia
662 4157 901 4248 susceperunt)
929 4177 972 4226 ne
998 4154 1137 4246 penitus
1162 4177 1286 4226 verum
1316 4152 1362 4224 sit
