3078 4798
434 364 527 413 urana
549 365 1048 422 oururusnseruus.·-sr1srunl
1071 368 1110 417 vr.
1253 355 1312 420 329

226 501 398 594 daretque
415 499 590 584 libentius,
611 500 639 571 si
657 499 822 572 dentibus
841 523 908 572 non
926 510 1072 572 careret.
1092 502 1143 572 Tu
1161 500 1242 574 vive
1261 504 1313 574 fe-

226 622 353 710 liciter,
375 631 411 695 et
431 625 518 695 vale.

371 780 415 834 Ad
429 780 535 836 fontem
548 779 662 851 Sergia.
679 779 730 835 XV
744 779 883 837 Kalendas
898 780 991 836 Maias.

643 1253 821 1320 selsuons
843 1254 899 1319 llll.

394 1448 588 1500 rnnnclscus
609 1448 778 1498 ansuinus
800 1449 967 1500 STEPHANO
988 1450 1146 1501 cotum

459 1553 645 1605 Pueroslro
663 1552 776 1602 snncrl
794 1552 938 1603 insulsi
959 1554 985 1604 S.
1004 1555 1032 1603 P.
1051 1556 1081 1604 D.

256 1744 365 1817 Ubique
378 1749 517 1798 terrarum
532 1742 617 1814 mala,
633 1741 816 1818 calamitates,
833 1742 1010 1799 incommoda
1023 1744 1176 1816 praepedire
1191 1746 1283 1802 ocium

591 1833 619 1885 et
632 1829 863 1902 tranquillitatem
877 1830 948 1887 vitae.
1232 1833 1235 1838 '

323 2089 394 2160 Aut
418 2111 484 2181 ego
505 2071 617 2172 fallor,
646 2094 706 2158 aut
730 2087 901 2180 quidquid
935 2091 1005 2160 fare
1037 2089 1191 2181 qualibet
1217 2102 1312 2184 parte

111 2235 115 2242 ·
224 2222 395 2283 terrarum
418 2211 531 2292 vides,
555 2209 777 2300 magnanime
796 2209 864 2293 vir,
887 2209 1065 2303 proposito
1090 2209 1313 2304 consiliisque

223 2330 295 2404 tuis
315 2331 503 2404 adversum
527 2341 592 2403 est.
614 2330 742 2423 Aspice
759 2332 904 2402 Romam
926 2352 1147 2402 communem
1165 2333 1310 2425 patriam

225 2463 441 2546 matremque
460 2465 627 2526 nostram.
650 2454 742 2528 lacet
760 2453 831 2538 illa,
848 2463 894 2538 et,
914 2453 953 2523 o!
975 2456 1208 2547 spectaculum
1223 2454 1312 2528 indi·

224 2599 345 2668 gnum,
360 2578 511 2648 calcatur
532 2575 578 2646 ab
597 2572 759 2647 omnibus
778 2595 859 2668 quae
878 2596 1001 2647 omnes
1023 2585 1134 2648 terras
1149 2599 1189 2648 ao
1204 2580 1311 2652 maria

224 2699 356 2771 victrici
382 2700 475 2771 calce
501 2697 661 2786 caleavit,
687 2704 722 2768 et
743 2697 935 2790 siquando
960 2699 1077 2770 forsan
1102 2699 1309 2772 incubitum

223 2830 339 2894 erecta
353 2821 504 2916 speciem
524 2821 699 2912 surgentis
716 2819 891 2905 exhibuit,
912 2843 996 2892 mox
1014 2819 1152 2892 nonnisi
1168 2842 1311 2894 suorum
1385 2889 1388 2898 .

223 2945 385 3016 manibus
405 2944 553 3038 impulsa
576 2942 751 3015 relabitur.
775 2944 895 3037 ltaque
921 2945 977 3015 vel
1002 2944 1050 3015 nil
1071 2964 1231 3037 prorsus,
1254 2945 1311 3014 vel

227 3067 256 3137 si
276 3067 435 3161 quidest
457 3068 545 3162 spei,
568 3088 693 3138 vereor
714 3066 829 3138 valde·
843 3089 912 3139 non
939 3075 1048 3139 totum
1072 3065 1176 3139 huius
1197 3064 1311 3140 aetatis

224 3197 362 3283 tempus
383 3188 542 3261 excedat.
565 3186 787 3260 Miserebitur
812 3190 977 3273 fortasse,
1006 3189 1230 3263 miserebitur
1256 3211 1312 3261 sa-

224 3334 319 3385 cram
342 3311 462 3384 urbem
485 3309 546 3404 qui
567 3309 642 3382 suis
663 3310 754 3380 illam
778 3309 895 3382 sedem
919 3309 1182 3382 successoribus
1203 3309 1312 3404 depu-

223 3437 324 3520 tavit,
347 3446 508 3529 atquem
531 3433 720 3526 temporale
741 3443 846 3524 capnt
862 3431 959 3502 orbis
977 3429 1151 3514 effecerat,
1174 3431 1311 3522 religio-

222 3559 276 3630 nis
302 3577 383 3630 esse
409 3556 520 3628 voluit
545 3553 827 3627 fundamentum:
855 3553 1076 3626 miserebitur
1101 3553 1309 3646 aliquande,

222 3678 284 3751 sed
323 3680 436 3752 serius
473 3700 578 3771 quam
616 3699 686 3771 quo
723 3676 807 3748 vitae
844 3686 973 3749 nostrae
1011 3676 1167 3750 brevitas
1201 3677 1313 3771 possit

221 3801 375 3874 extendi.
397 3803 449 3874 lta
473 3801 541 3873 illic
567 3799 676 3872 oculis
705 3799 774 3871 tuis
802 3809 862 3871 aut
894 3799 1009 3871 animo
1035 3799 1082 3869 nil
1107 3798 1308 3880 iucundum.

221 3924 312 4009 Quid
345 3925 390 3997 de
422 3923 555 4017 reliqna
580 3921 730 3995 dixerim
757 3923 868 4006 ltalia,
896 3921 997 3995 ouius
1019 3920 1178 3995 civitates
1204 3931 1310 4015 atque

219 4046 345 4139 oppida
367 4065 552 4116 numerare
576 4045 718 4136 longum
753 4044 971 4137 esti-ltaque
1006 4042 1204 4139 provincias
1231 4065 1310 4136 per-

221 4165 444 4258 stringamus.
469 4165 639 4259 Cisalpina
660 4165 766 4238 Gallia
792 4165 825 4236 in
848 4185 917 4260 qua
938 4173 993 4237 est
1014 4187 1055 4236 ea
1078 4186 1183 4259 quarn
1206 4166 1310 4236 Lom-
1402 4143 1404 4148 ⁵
