3024 4802
408 352 501 402 LIBER
522 349 775 402 NONUSDECIMUS.
788 371 823 382 -·
838 350 992 402 EPISTOLA
1014 353 1100 402 XVHI.
1235 343 1289 404 571

207 491 292 562 mihi
313 493 428 564 forsan
450 491 613 578 obiiciaS,
635 491 694 584 qui
716 491 810 576 licet,
839 501 877 561 ut
901 491 1046 578 scimus,
1068 493 1295 587 omnipotenti

206 614 370 688 facundia
389 615 550 687 terruerit
570 622 676 707 atque
700 613 789 686 urbe
809 613 1003 709 propulerit
1023 615 1221 704 Catilinam,
1242 627 1295 690 ta-

205 761 288 812 men
312 747 349 812 et
372 740 577 810 consulatus
602 739 701 810 ilium
731 758 818 810 suus
847 748 883 812 et
915 749 1059 810 senatus
1091 761 1133 812 ac
1164 739 1294 814 civium

205 882 401 935 consensus
429 859 600 947 armabat,
627 879 693 932 nec
723 863 883 955 privatus
909 861 986 954 ipse
1015 861 1082 934 sibi
1111 863 1294 956 imperium

205 983 401 1078 quaerebat,
424 985 487 1058 scd
507 983 708 1078 reipublioae
729 985 937 1058 libertatem.
959 984 1110 1060 Obiioios
1131 987 1294 1059 Pisistra-

206 1120 279 1182 tum
299 1108 566 1181 Atheniensium
587 1118 790 1204 tyrannum,
810 1131 918 1203 quem
944 1108 1024 1182 licet
1049 1110 1294 1202 eloquentissi-

206 1252 302 1304 mum
325 1254 394 1305 non
415 1233 588 1325 ignorem,
615 1233 672 1306 ille
698 1243 817 1306 tamen
849 1242 886 1306 et
917 1231 1036 1324 lingua
1068 1244 1225 1307 armatus
1258 1244 1293 1306 et

206 1355 336 1448 gladic,
364 1357 500 1429 servire
525 1355 593 1428 sibi
619 1355 766 1449 patriam
790 1356 916 1448 coegit.
943 1355 1041 1428 Unus
1060 1377 1108 1428 ex
1130 1354 1292 1430 omnibus

205 1476 367 1562 Pericles,
390 1478 451 1570 qui
470 1489 592 1570 postea
613 1481 727 1550 locum
747 1476 824 1550 eius
845 1475 1002 1570 arripuit,
1022 1476 1084 1550 tibi
1101 1499 1229 1570 magna
1244 1499 1291 1548 ex

205 1610 303 1694 parte
325 1599 448 1672 similis
469 1600 627 1672 videtur:
646 1599 818 1694 siquidem
836 1610 971 1674 tantum
988 1600 1114 1674 inermi
1129 1599 1291 1672 facundia

204 1724 316 1796 valuit
334 1735 505 1818 quantum
525 1723 583 1795 iile
604 1726 763 1796 valuerat
780 1733 929 1796 armata:
951 1723 1069 1818 itaque
1085 1722 1292 1796 florentissi-

205 1868 297 1920 mam
331 1847 453 1920 urbem
487 1869 663 1922 summum
696 1847 843 1921 Graeoiae
870 1847 980 1922 decus
1009 1845 1115 1918 fando
1146 1865 1291 1940 pessum

205 1969 311 2042 dedit.
345 1971 415 2046 Sed
448 1983 483 2044 et
515 1970 573 2044 bic
606 1991 747 2063 quoquc
781 1969 971 2042 diversitas
1003 1971 1113 2040 multa
1138 1979 1203 2042 est.
1232 1970 1291 2042 ilie

203 2093 296 2165 enim
318 2113 467 2186 magnus
488 2092 649 2187 princeps
670 2094 764 2165 nullo
785 2092 963 2186 religiosae
988 2078 1170 2166 servitutis
1196 2113 1292 2166 com-

203 2215 293 2311 pede
313 2216 518 2291 obstrictus:
540 2225 578 2288 tu
599 2237 619 2288 e
641 2214 757 2288 radice
775 2214 900 2288 humili
917 2214 1076 2301 veniens,
1091 2225 1127 2287 et
1142 2237 1291 2309 pauper-

204 2349 308 2413 tatem
326 2349 361 2412 et
377 2338 609 2412 obedientiam
626 2338 822 2432 professus
836 2339 898 2431 qui
911 2337 1059 2410 subesse
1076 2339 1290 2433 pauperihus

203 2461 350 2546 vovisti,
369 2461 538 2534 divitibus
555 2461 610 2535 vis
628 2480 800 2556 praeesse,
819 2472 855 2532 et
872 2470 910 2534 ut
925 2461 1002 2532 voti
1019 2461 1125 2534 huius
1144 2461 1290 2555 iniquis-

204 2582 283 2656 simi
303 2605 446 2677 compcs
468 2583 532 2666 sis,
557 2591 701 2675 praestat
726 2581 788 2654 tihi
814 2603 882 2654 non
904 2594 974 2656 tam
995 2595 1093 2658 tuum
1114 2587 1211 2680 lepos
1233 2584 1289 2678 (na

203 2708 284 2779 hinc
312 2707 416 2779 valde
449 2703 697 2799 complaceas),
723 2728 833 2798 quam
862 2716 1000 2780 tuorum
1035 2707 1166 2778 civium
1200 2705 1290 2780 mir'a

204 2829 422 2926 simplicitas,
441 2851 530 2922 quos
551 2850 598 2902 ex
616 2849 678 2901 ore
699 2838 760 2900 tuo
779 2829 1013 2924 pendentibus
1034 2829 1147 2902 hamis
1167 2839 1288 2922 captos

202 2976 245 3026 eo
276 2955 402 3038 trahis,
440 2954 532 3027 unde
561 2951 771 3026 mihicrede
800 2973 871 3024 non
897 2953 1067 3026 retrahes
1089 2952 1181 3037 Quid
1207 2952 1288 3025 hinc

203 3075 339 3148 dicam?
371 3077 507 3147 Utinam
542 3087 611 3150 tam
644 3075 727 3148 fidei
753 3087 822 3150 tuae
847 3097 987 3169 possem
1013 3099 1120 3171 quam
1144 3077 1287 3169 ingenio

203 3197 382 3290 gratulari.
409 3198 566 3268 Proteum
592 3197 621 3266 si
650 3197 795 3288 patriam
821 3219 958 3272 amares
992 3211 1136 3274 matrem
1172 3213 1208 3276 et
1237 3206 1287 3278 al-

203 3320 324 3392 tricem
344 3328 451 3400 tuam,
474 3315 521 3386 illi
541 3315 659 3409 potius
680 3327 714 3388 te
739 3339 847 3409 quam
872 3318 963 3390 iiiam
989 3320 1051 3390 tihi
1077 3321 1285 3398 subiiceres:

203 3439 295 3514 nuno
313 3449 352 3512 ut
372 3439 584 3512 contrarium
604 3439 695 3510 velle
714 3437 927 3524 damnabile,
954 3441 1005 3513 sic
1026 3452 1159 3514 tantum
1181 3467 1286 3539 posse

202 3563 359 3637 mirabile
385 3571 450 3634 est.
483 3562 603 3636 Gaude
632 3562 775 3634 iterum:
805 3585 899 3636 unus
929 3572 966 3636 tu
996 3586 1018 3636 e
1046 3569 1182 3640 cunctis
1216 3577 1287 3642 ter-

202 3687 315 3759 risco
342 3686 480 3760 saeculis
504 3684 742 3772 incomitatus
769 3687 904 3772 nuduS,
930 3710 1077 3783 pauper,
1105 3691 1283 3783 ignobilis,

78 3885 83 3894 ,
201 3810 306 3882 novis
337 3819 372 3882 et
399 3808 566 3882 inauditis
596 3809 731 3882 artibus
767 3811 987 3906 tyrannidem
1021 3815 1215 3908 occupasti,
1250 3827 1286 3888 et

201 3953 281 4026 qum
311 3931 624 4026 Longobardorum
662 3955 787 4025 regum
820 3935 997 4026 quondam
1030 3939 1128 4029 regia
1152 3940 1281 4026 iuerat,

201 4077 295 4126 nunc
327 4055 377 4127 tui
409 4054 545 4148 imperii
579 4055 683 4126 sedes
713 4065 779 4127 est
809 4056 1004 4131 Robustum
1032 4063 1195 4155 populum
1222 4063 1282 4156 qui

203 4179 302 4249 talem
330 4178 511 4250 dominum
544 4179 633 4251 ferre
666 4191 781 4271 qrreat.
809 4181 947 4252 Bellicis
973 4203 1113 4275 quoque
1143 4206 1284 4258 succes·
1364 4263 1369 4274 ,
