3002 4794
269 353 308 414 30
603 367 644 415 nn
666 367 766 415 nanus
787 366 1007 416 auummnmus

268 531 406 603 semper
425 510 470 582 de
491 511 582 581 illius
603 511 719 581 animo
739 533 779 582 ae
799 511 954 582 moribus
976 511 1091 610 visum
1113 509 1170 594 sit,
1194 511 1225 582 si
1246 533 1340 584 sum-

268 633 368 704 motis
394 633 681 718 assentatoribus,
709 634 882 705 communi
907 631 1105 725 pontificum
1130 633 1340 727 principum-

267 783 336 852 que
355 758 519 852 pernicie,
541 758 617 853 ipse
640 757 705 829 sibi
730 767 764 829 et
784 767 918 828 naturae
939 757 1089 848 propriae
1116 757 1338 848 relinquatur.

266 884 347 956 ldeo
382 883 441 954 tibi
462 883 681 978 potissimum
708 881 773 952 hoe
799 902 887 951 onus
915 879 1009 971 quod
1035 877 1179 948 fideliter
1205 879 1339 950 subibis

194 1016 202 1038 ⁸
265 1006 426 1099 imposui,
450 1014 488 1076 ut
507 1005 696 1096 ingentem,
725 1026 829 1096 quam
850 1003 901 1072 ira
926 1024 966 1073 ac
987 1002 1106 1074 dolore
1130 1000 1339 1074 dictantibus

266 1129 397 1220 scripsi,
413 1128 595 1219 epistolam
614 1134 863 1219 repraesentes:
883 1125 1008 1217 quaesi
1027 1124 1161 1216 generi,
1181 1125 1211 1195 si
1235 1126 1339 1195 statui

264 1259 367 1340 atque
380 1249 473 1319 aetati
486 1248 637 1320 debitum
653 1247 805 1318 animum
820 1247 967 1338 legentis
981 1246 1161 1331 invenerit,
1176 1256 1210 1318 et
1224 1247 1339 1339 suspi-

263 1370 396 1443 cionem
415 1374 503 1443 male
521 1371 710 1442 radicatam
729 1370 925 1465 extirpabit,
948 1380 1042 1441 etue
1063 1393 1215 1463 uuquam
1238 1392 1339 1442 rena-

264 1504 379 1567 scatur
399 1494 531 1566 efficiet.
546 1497 642 1566 Hanc
662 1503 709 1580 tu,
735 1514 866 1587 quaeso,
888 1493 982 1566 vivae
1008 1493 1106 1566 vocis
1128 1516 1195 1589 ope
1215 1514 1339 1587 prose-

262 1640 368 1710 quere
385 1646 391 1688 :
410 1627 445 1690 et
464 1619 552 1690 vale.

674 2033 852 2098 EPISTULA
872 2035 929 2098 Vll.

328 2205 521 2257 assaaclscus
544 2206 713 2257 PETRARCA
733 2207 823 2257 LUCAE
845 2207 1051 2258 PRESBYTERO
1071 2207 1270 2258 PLAGENTINO

737 2315 763 2364 S.
785 2315 813 2366 Ρ.
835 2315 865 2363 D.

352 2491 493 2546 Fabellam
506 2499 601 2547 narrat
615 2494 650 2548 de
664 2494 834 2566 suspicione:
850 2497 928 2562 rogat
941 2497 974 2546 ut
987 2495 1109 2545 mentem
1123 2487 1250 2560 Episcopi

623 2583 746 2654 exploret
759 2587 786 2636 et
801 2581 853 2636 sibi
867 2581 978 2652 pandat.

359 2831 470 2914 Quam
504 2838 612 2901 exte
641 2832 721 2901 olim
753 2828 857 2902 didici
881 2828 1038 2901 fabellam
1070 2831 1195 2925 accipe.
1222 2833 1331 2924 Ignis,

259 2964 395 3052 uentus,
415 2976 512 3046 aqua,
533 2952 685 3045 suspicio
704 2955 805 3025 simul
822 2951 973 3045 agebant
989 2953 1063 3024 iter.
1083 2955 1169 3025 Cum
1187 2954 1232 3026 ad
1248 2977 1336 3048 qua-

260 3076 411 3148 drivium
423 3075 674 3169 pervenissent,
689 3085 725 3150 et
742 3098 844 3150 suum
860 3078 1008 3170 quisque
1022 3078 1141 3149 callem
1159 3079 1263 3150 vellet
1279 3099 1336 3149 ar·

259 3200 381 3294 ripere,
397 3221 441 3270 en
454 3199 678 3292 digredimur,
697 3201 869 3294 inquiunt:
887 3201 951 3273 sed
967 3208 1006 3272 ut
1021 3200 1186 3292 congredi
1208 3202 1334 3272 iterum

253 3321 435 3417 'possimus
463 3322 601 3415 signum
627 3324 767 3418 aliquod
792 3335 996 3397 statuamus.
1024 3325 1108 3396 Tum
1135 3322 1248 3416 ignis:
1267 3314 1335 3394 ‘ubi

157 3490 160 3496 ·
259 3445 308 3516 ait
326 3446 443 3517 fumus
469 3447 674 3539 apparuerit,
703 3446 751 3518 ibi
774 3469 830 3518 me
856 3448 1010 3541 quaerite.
1036 3445 1083 3519 At
1106 3454 1249 3518 ventus:
1275 3445 1334 3517 uhi

157 3559 162 3566 ’
258 3569 399 3642 frondes
424 3569 528 3662 quati,
557 3570 769 3664 stipulasque
793 3572 851 3643 vel
876 3573 1055 3664 pulverem
1081 3571 1139 3665 agi
1162 3569 1331 3655 videritis,

257 3694 325 3766 illic
347 3715 436 3766 sum.
457 3693 502 3764 Et
521 3715 627 3787 aqua:
650 3693 707 3764 ubi
725 3693 865 3767 iuncum
885 3694 997 3789 inquit
1014 3693 1235 3789 aspexeritis,
1262 3713 1332 3761 uon

260 3819 379 3909 procul
410 3816 492 3888 inde
511 3816 626 3889 abero.
653 3815 708 3888 Ad
736 3818 814 3890 haec
841 3817 1013 3912 suspicio:
1039 3842 1095 3889 me
1120 3812 1259 3907 quidem
1284 3813 1332 3885 ait

260 3939 412 4032 reperire
431 3940 590 4032 perfacile
605 3949 670 4013 est.
688 3941 759 4013 Vos
775 3941 866 4012 euim
888 3943 922 4012 in
940 3942 1102 4014 continuo
1119 3948 1214 4009 motu
1231 3939 1331 4012 estis:

259 4081 326 4152 ego
345 4082 414 4131 non
434 4085 601 4138 moveor:
622 4064 682 4137 uhi
704 4068 812 4138 semel
832 4067 1016 4158 ingredior,
1036 4063 1082 4134 ibi
1102 4062 1231 4135 habito.

357 4183 521 4276 Intelligis
542 4209 605 4268 me.
633 4187 764 4260 amice:
789 4189 939 4262 tabulam
974 4186 1034 4260 tibi
1061 4194 1153 4260 tuam
1181 4197 1259 4282 post
1284 4197 1332 4262 tot
