2958 4804
588 569 774 632 Fflnn'otstl
805 569 1008 631 retentem

415 791 480 866 on
529 787 713 866 nonos
764 763 1190 863 rnnrnr'nnm'ns

476 1037 629 1137 LIBER
671 1035 1114 1107 DECIMUSTERTIUS.

693 1551 868 1616 nelstotn
888 1553 908 1613 I.

351 1766 543 1816 FRANCISCUS
565 1766 733 1814 perennet
755 1766 883 1814 GUIDONI
904 1765 1056 1814 Eplscoro
1078 1765 1257 1813 PORTUENSI

639 1871 811 1919 CARDINALI
831 1871 856 1920 S.
879 1873 907 1919 P.
929 1873 958 1919 D.

591 2079 753 2134 Consolatur
766 2080 795 2132 in
810 2077 886 2132 obitu
901 2080 1005 2132 matris.

359 2335 436 2405 Soio
466 2335 522 2406 oui
549 2337 685 2427 loquor,
719 2335 835 2427 eique,
863 2356 964 2426 qoem
994 2333 1179 2429 propitium
1213 2333 1337 2424 ingenii

262 2458 328 2527 mei
350 2458 517 2528 arbitrum
539 2467 574 2528 et
593 2457 782 2548 benignum
805 2479 943 2550 semper
963 2456 1183 2548 interpretem
1209 2456 1334 2539 habui,

260 2580 314 2649 cui
335 2587 504 2672 praeterea
526 2577 630 2648 fidem
647 2601 761 2648 meam
783 2577 998 2647 notissimam
1016 2599 1182 2647 essenon
1201 2577 1335 2658 dubito,

262 2699 376 2770 stilum
415 2701 606 2772 studiosius
644 2701 888 2772 commendare
928 2700 956 2770 si
985 2721 1133 2791 nequeo,
1168 2699 1339 2771 brevitate

260 2825 424 2920 temporis
447 2834 611 2907 arctatus
629 2847 699 2894 non
716 2845 925 2915 magnopere
941 2823 1080 2894 curabo.
1097 2823 1245 2894 Animus
1265 2825 1338 2919 ipse

260 2968 360 3017 meus
382 2957 496 3016 tecum
519 2947 653 3016 silentio
677 2947 781 3017 etiem
802 2947 894 3038 loqui
917 2949 1021 3016 solet:
1050 2969 1152 3039 spero
1179 2956 1214 3018 te
1243 2947 1336 3018 illum

260 3067 451 3159 intelligere
476 3079 512 3138 et
536 3069 756 3162 persuasisse
775 3068 851 3152 tibi,
877 3079 910 3140 te
936 3078 1073 3153 moesto,
1099 3071 1217 3140 loetum
1242 3070 1335 3140 illum

260 3212 430 3262 essenon
456 3213 571 3283 posse.
600 3190 742 3264 Accedit
775 3193 869 3284 quod
896 3214 999 3264 omne
1024 3194 1095 3262 fere
1120 3191 1338 3262 miseriarum

260 3337 370 3407 genus
392 3327 572 3407 expertus,
596 3313 757 3385 fidentior
774 3316 818 3386 ad
836 3317 1005 3386 calamum
1027 3317 1083 3385 vel
1104 3312 1251 3383 festinus
1278 3335 1339 3384 ve-

259 3439 327 3510 nio.
345 3439 445 3509 Nulla
468 3437 549 3507 mihi
567 3437 739 3521 laborum,
762 3440 856 3508 nolte
875 3437 1032 3508 dolorum
1059 3437 1164 3507 facies
1190 3435 1340 3507 occurrit

259 3560 443 3652 incognita.
467 3559 645 3630 Indoctnrn
663 3570 785 3630 natura
803 3562 937 3629 fortuna
956 3559 1074 3629 talium
1091 3557 1230 3630 doctum
1248 3558 1337 3628 feeit.

260 3684 331 3754 Hoc
358 3705 464 3753 unum
484 3682 593 3754 dolori
620 3703 698 3752 meo
725 3682 861 3765 deerat,
896 3691 932 3751 ut
962 3683 1038 3752 stilo
1067 3679 1136 3751 fitio
1163 3680 1197 3749 in
1218 3681 1337 3751 matris

260 3805 356 3876 obitu
375 3807 571 3877 consolator
591 3805 796 3874 existerem:
818 3824 860 3873 ea
882 3802 978 3888 mihi,
1011 3804 1130 3886 fateor,
1167 3824 1279 3894 usque
1304 3802 1337 3871 in

260 3937 467 4016 praesentem
486 3926 577 3997 diem
595 3928 763 3996 luctuosae
777 3924 930 3995 materiae
943 3946 1024 4019 pars
1038 3924 1163 3996 intacta
1178 3947 1340 4019 perman-

262 4058 364 4118 serat.
388 4051 427 4120 Id
447 4049 539 4120 enim
560 4049 643 4119 nulli
662 4071 781 4119 eorum
803 4069 891 4141 quos
917 4070 994 4119 amo
1020 4058 1080 4118 aut
1104 4069 1253 4119 veneror
1278 4069 1338 4116 ne-

261 4170 451 4240 cessarium
473 4171 641 4240 hactenus
675 4173 786 4241 fuerat
819 4169 975 4262 obsequii
1001 4193 1126 4262 genoe,
1150 4170 1215 4241 nisi
1237 4169 1335 4254 nihi,
