3062 4798
384 399 476 447 creua
499 399 1015 451 snnrruusnamuus.-musronn
1038 403 1079 450 nr.
1213 391 1272 450 435

177 532 261 604 buit
279 544 320 603 et
342 555 444 604 suum
465 535 572 605 latum
589 535 645 607 illa
664 537 782 608 mundi
804 559 884 629 pars
907 540 1092 631 multisque
1113 537 1281 612 laborum.

177 655 363 747 gradibus
383 658 536 728 ascendit
558 669 595 728 ut
615 668 742 730 rueret.
765 658 891 741 Quaere
918 640 1180 752 Carthaginem:
1202 685 1269 733 non

176 779 355 850 invenies
374 783 437 850 vel
450 781 596 852 ruinam.
616 781 680 851 Ubi
696 791 786 865 sunt,
800 781 909 874 inquit
928 779 1093 866 Valerius,
1110 783 1271 877 superbae

177 902 412 994 Carthaginis
426 905 495 974 alta
509 904 649 987 moenia,
667 903 725 974 ubi
740 904 910 974 maritima
924 905 1033 995 gloria
1051 905 1170 999 inclyti
1192 927 1271 997 por-

146 1093 156 1104 ,
178 1036 258 1108 tuS,
273 1003 349 1095 ubi
371 1026 505 1095 cunctis
523 1024 679 1096 litoribus
698 1026 863 1097 terribilis
876 1026 1015 1110 classis,
1039 1026 1097 1097 ubi
1111 1036 1272 1098 tolerer-

178 1148 298 1232 citus,
319 1146 378 1218 ubi
401 1159 516 1218 tantus
538 1148 730 1240 equitatus,
750 1147 809 1218 ubi
827 1148 997 1220 immenso
1014 1147 1140 1220 Africae
1161 1149 1272 1241 spatio

178 1293 255 1342 uon
284 1271 438 1342 contenti
466 1271 632 1363 spiritus?
657 1273 773 1342 omnia
799 1271 865 1341 ista
890 1270 1028 1342 duobus
1055 1269 1271 1363 Scipionibus

179 1395 330 1464 fortuna
352 1393 476 1485 partita
498 1401 562 1463 est.
586 1393 655 1464 Sed
674 1414 735 1465 oro
760 1403 807 1477 te,
829 1392 965 1475 Valeri,
989 1391 1048 1463 ubi
1071 1405 1151 1463 sunl
1172 1391 1271 1462 iidem

179 1517 231 1588 illi
250 1538 345 1609 quos
363 1537 536 1614 memoras
552 1515 775 1608 Carthaginis
789 1515 1004 1586 domitores?
1019 1513 1272 1606 Respondebis:

179 1638 350 1712 hominos
369 1641 521 1718 luerunt,
538 1659 633 1710 mors
651 1637 726 1709 iure
745 1660 809 1709 suo
827 1615 891 1710 usa
909 1649 973 1708 ost.
989 1638 1057 1708 Sed
1074 1637 1132 1708 ubi
1150 1659 1273 1731 quaeso

181 1783 374 1834 romanum
400 1772 456 1833 est
481 1761 665 1855 imperium
686 1757 839 1832 omnium
859 1760 1016 1833 ultimum
1036 1772 1140 1854 atque
1161 1762 1274 1832 fortis-

183 1885 345 1956 simum?
358 1883 459 1966 Quod
477 1905 538 1976 per
555 1884 684 1953 serrum
699 1884 782 1966 aevi,
803 1885 978 1955 metallum
997 1903 1100 1954 omne
1114 1903 1272 1976 succum-

181 2007 238 2077 bit
252 2004 346 2074 visio
364 2005 421 2075 illa
439 2003 545 2094 regiis
564 2003 699 2098 Assyrii
714 2006 924 2095 designavit.
941 2007 1041 2076 Certe
1056 2006 1168 2099 ipsum
1186 2023 1274 2096 quo-

182 2150 259 2218 que
281 2147 367 2197 auro
386 2135 422 2196 ct
442 2134 586 2215 argento
609 2136 714 2217 atque
735 2149 806 2198 aere
827 2127 1015 2219 praerigida
1036 2126 1110 2197 acie
1131 2127 1272 2196 cornmi-

183 2253 298 2331 nutis,
331 2247 589 2340 impermixtum
621 2258 737 2333 testae,
760 2248 855 2340 quod
883 2269 965 2340 pars
988 2247 1134 2318 visionis
1154 2245 1273 2316 novis-

185 2373 279 2442 sima
304 2367 545 2463 portendebat,
573 2391 641 2441 non
666 2369 710 2440 ab
732 2369 799 2441 alio
825 2373 1059 2452 confractum,
1089 2368 1152 2439 sed
1179 2367 1272 2460 quod

184 2492 368 2588 proprium
390 2491 469 2562 ferri
483 2491 556 2574 fuit,
576 2491 778 2583 rubiginosa
791 2493 1006 2563 consumitur
1025 2501 1215 2562 senectute.
1230 2491 1273 2560 Ut

185 2614 367 2686 verulam
394 2637 473 2686 cum
502 2613 622 2685 ultimo
648 2615 871 2707 Maximoque
893 2613 1110 2694 concludam,
1145 2633 1270 2704 magna

187 2737 294 2809 tantis
307 2737 479 2829 extemplls
497 2737 588 2807 inest
600 2738 800 2810 consolatio.
819 2736 893 2808 Non
912 2736 1074 2830 praeripio
1086 2735 1145 2807 tibi
1161 2757 1269 2829 spem,

186 2859 252 2931 sed
271 2859 464 2931 cautionem
483 2858 687 2951 permisceo.
701 2859 864 2930 Fortunae
882 2858 1069 2930 blanditias
1087 2858 1271 2949 minasque

185 2982 408 3065 contemnito,
423 2992 538 3053 elnon
558 2991 689 3054 tantum
709 2982 754 3055 ad
770 3005 810 3053 ea
831 3003 912 3076 quae
931 2985 998 3056 iam
1017 3003 1086 3053 non
1104 2981 1269 3052 evenisse

186 3126 258 3174 non
272 3115 432 3195 possunt,
456 3105 519 3175 sed
539 3106 583 3176 ad
604 3107 719 3177 omnia
739 3127 820 3198 quae
838 3107 987 3178 'evenire
1009 3114 1170 3199 possunt,
1195 3115 1270 3175 tan-

187 3246 294 3318 quam
317 3244 462 3317 prorsus
483 3237 652 3296 eventura
674 3227 752 3308 sint,
775 3229 968 3318 accingere.
991 3227 1070 3298 llari
1092 3236 1126 3297 et
1149 3228 1270 3321 impla-

187 3345 289 3418 cabili
315 3369 393 3418 cum
420 3347 522 3416 hoste
548 3346 674 3416 bellum
702 3348 870 3437 gerimus
895 3369 1014 3438 paoem
1042 3369 1181 3439 sperare
1200 3367 1269 3416 non

188 3491 389 3563 possumus
405 3468 584 3541 victoriam
603 3488 801 3563 possumus,
821 3467 887 3538 nisi
902 3468 1068 3550 cedimus
1089 3468 1154 3537 nisi
1173 3469 1268 3538 lalsis

188 3590 410 3685 opinionibus
438 3594 549 3663 locum
577 3591 719 3661 damus.
748 3590 895 3660 Stultum
924 3599 978 3659 est
1009 3601 1177 3661 aeternum
1214 3589 1268 3660 hic

189 3709 319 3802 aliquid
333 3709 398 3782 sibi
416 3711 588 3781 hominem
609 3731 758 3804 sperare,
774 3731 852 3780 cum
872 3710 1057 3781 videamus
1071 3731 1178 3800 regna
1192 3710 1266 3804 ipsa

191 3832 356 3903 mortalia.
376 3832 470 3902 Vale.
