3062 4798
281 353 340 413 tto
626 364 666 409 nn
689 362 790 410 ussus
812 357 1034 408 rtnrnmrraus

280 511 374 582 runt,
398 499 432 569 iu
453 498 578 568 eadem
601 496 776 589 republica
797 498 930 567 versati
952 505 1051 581 sunt,
1075 518 1144 567 non
1164 496 1300 568 eisdem
1319 507 1369 566 ta-

282 645 359 692 men
378 621 549 691 honcrum
572 618 755 710 gradibus
771 619 945 710 altiusque
963 618 1120 690 ascendit
1134 618 1263 688 Cicero.
1278 616 1367 699 Quid

281 745 410 813 multa‘?
440 743 535 812 Bene
568 739 858 833 concorditerque
877 741 1136 812 cohabitabunt.
1170 741 1228 822 Et,
1264 738 1366 810 crede

279 865 376 947 mihi,
400 887 530 958 paucos
552 867 637 958 tales
659 864 803 955 iungere
825 875 964 954 poteras
991 887 1038 934 ex
1064 862 1225 935 omnibus
1253 863 1365 933 saeclis

279 988 516 1078 augentibus
536 987 614 1058 licet
634 985 932 1078 illedoctior„ille
954 985 1132 1058 disertior:
1161 1007 1291 1079 sequor
1318 987 1333 1055 l
1352 1026 1366 1035 -

279 1134 388 1182 mam:
411 1110 561 1202 denique
583 1109 612 1179 si
634 1110 726 1201 loqui
747 1110 878 1191 ausim,
902 1130 942 1179 ac
966 1108 1046 1201 quis
1072 1109 1217 1180 deorum
1240 1107 1365 1198 quisve

279 1233 456 1303 hominnm
479 1253 547 1302 non
568 1231 682 1303 dicam
715 1231 803 1301 inter
838 1241 951 1302 tantas
986 1253 1042 1301 me
1072 1229 1220 1301 iudicem
1245 1239 1363 1323 partes

279 1365 423 1437 statuat,
439 1355 502 1426 sed
520 1357 608 1426 ultro
629 1355 784 1426 iudicare
804 1376 929 1424 ausum
948 1354 1126 1425 inoffensis
1140 1352 1285 1425 auribus
1301 1375 1363 1423 au-

277 1478 362 1563 diat,
385 1478 524 1570 quando
544 1489 658 1548 tamen
679 1478 726 1548 ita
747 1479 811 1548 fert
831 1478 969 1547 animus
993 1480 1127 1569 loquar,
1147 1487 1185 1546 ut
1213 1476 1275 1546 tibi
1302 1478 1364 1547 uni

278 1605 313 1672 in
334 1601 510 1672 sinistram
529 1621 649 1670 aurem
673 1601 932 1686 insussurrem,-
948 1599 1113 1692 quicquid
1130 1598 1165 1670 id
1186 1608 1252 1668 est.
1275 1598 1362 1669 Cum

277 1724 438 1816 equidem
460 1724 577 1813 magni
600 1722 714 1806 ambo,
737 1732 797 1793 aut
818 1746 873 1793 me
895 1745 994 1793 amor
1013 1732 1049 1793 et
1066 1721 1282 1793 familiaritas
1300 1723 1364 1792 fal-

277 1849 362 1929 lunt,
387 1857 446 1916 aut
466 1845 559 1916 omni
582 1867 629 1915 ex
647 1854 746 1936 parte
767 1845 878 1915 maior
895 1854 950 1916 est
967 1844 1097 1917 Cicero.
1115 1846 1143 1915 Ο
1160 1844 1246 1937 quid
1262 1844 1364 1915 dixi?

275 1990 490 2072 quorsumve
510 1977 546 2038 et
568 1978 819 2061 praerumptum
837 1969 1001 2040 inlocum
1024 1965 1158 2060 prodii?
1179 1968 1249 2040 Sed
1269 1968 1360 2048 disi3

278 2091 341 2163 sed
362 2091 492 2184 prodii3
523 2104 628 2184 atque
653 2092 785 2163 utinam
818 2113 887 2162 non
921 2091 1036 2162 minus
1067 2089 1236 2176 audaciae,
1257 2113 1362 2185 quam

279 2214 395 2288 iudicii
415 2214 604 2287 discrimen
625 2215 781 2288 adierim.
803 2214 898 2285 Vale.
1233 2215 1251 2250 ⁶

708 2643 888 2708 EPISTULA
909 2645 942 2706 V.

392 2829 586 2878 runnulscus
609 2829 778 2879 Purunucn
800 2831 951 2880 GERARDO
972 2829 1090 2880 suarm
1111 2832 1136 2879 S.
1160 2833 1188 2880 P.
1210 2833 1241 2880 ll.

336 3005 417 3057 Mittit
436 3005 584 3072 Augustini
603 3003 807 3074 Gon-sessiones,
826 3007 971 3078 multaque
989 3007 1100 3063 disserit
1117 3008 1152 3063 de
1170 3009 1302 3066 mendosa
1368 3011 1372 3020 ⁴

679 3093 815 3148 librorum
835 3095 960 3151 lectione.

374 3304 587 3376 Promissum
621 3307 808 3398 Augustini
834 3310 1098 3382 Confessionum
1124 3310 1250 3382 librum
1280 3335 1357 3383 cum

276 3427 331 3498 his
352 3426 473 3500 litteris
487 3429 532 3501 ad
546 3439 578 3500 te
595 3431 686 3516 misi,
705 3453 810 3524 quem
828 3433 1124 3507 correctissimum
1142 3436 1259 3505 forsan
1279 3456 1359 3527 spe-

275 3571 333 3622 ras
350 3573 392 3622 eo
410 3552 505 3643 quod
525 3575 624 3624 meus
642 3553 759 3623 luerit:
782 3553 832 3624 sic
850 3555 942 3625 enim
962 3555 1021 3625 tibi
1040 3561 1251 3648 persuasum
1271 3557 1356 3640 scio,

275 3694 331 3742 me
351 3677 429 3765 plus
456 3675 587 3767 aliquid
612 3697 692 3748 esse
717 3700 822 3769 quam
849 3680 990 3769 vulgus.
1020 3679 1059 3749 ld
1085 3679 1119 3748 in
1146 3701 1266 3750 aurem
1297 3678 1357 3750 tibi

274 3817 464 3885 persuasor
483 3798 635 3889 optimus
656 3821 753 3870 amor
774 3801 956 3892 eloquitur.
979 3800 1055 3871 Noli
1080 3801 1130 3872 sic
1157 3803 1264 3873 frater
1285 3801 1358 3892 opi-

274 3919 362 3988 nari:
384 3921 453 3990 noli
470 3941 593 4010 quaeso
615 3932 648 3992 te
670 3923 800 4003 fallere,
820 3943 934 4014 neque
953 3934 986 3995 te
1007 3923 1052 3994 ab
1073 3924 1139 3997 alio
1156 3925 1226 3995 falli
1249 3924 1355 3994 sinas.

273 4039 308 4107 Si
328 4039 387 4109 tibi
406 4041 470 4112 hoc
491 4065 589 4114 amor
606 4045 689 4117 dicit
708 4045 860 4116 mendax
877 4057 944 4118 est:
966 4047 995 4117 si
1013 4048 1110 4131 alius,
1126 4047 1270 4139 ignarus
1288 4047 1357 4117 mei

272 4166 339 4225 est:
367 4161 397 4228 si
425 4165 569 4255 tuipse,
593 4188 732 4256 possem
756 4167 816 4238 tibi
837 4170 979 4242 credere
1006 4170 1070 4242 nisi
1094 4191 1243 4243 amares.
1265 4170 1356 4255 Quid
