2988 4800
390 350 482 398 LIBER
503 351 713 402 DUUDEGIMUS.
727 373 762 382 ·-
775 353 928 402 Erlsnonl
951 353 993 401 lll.
1171 343 1225 404 ’ῙΠ

140 485 311 557 virentia:
328 495 422 557 totus
434 487 469 557 in
483 483 587 557 finem
601 487 780 580 prominet.
795 487 978 559 Pulchrum
995 492 1228 580 spectaculum

138 612 332 700 argutulus
355 610 571 681 adolescens:
593 611 818 682 elementario
837 633 919 682 sene
936 611 983 680 nil
1001 611 1145 704 turpius
1165 635 1228 682 nec

139 731 256 802 doctis
281 731 427 804 senibus
450 736 568 825 placet.
591 733 785 804 Praestitisti
814 733 911 803 illud:
945 733 1009 802 hoc
1037 746 1159 804 caveto
1184 757 1228 806 ne

140 864 313 945 praestes:
336 855 461 926 melius
486 877 630 948 puerum
653 854 753 940 mori,
772 877 877 948 quam
897 855 986 925 inter
1006 855 1150 947 puerilia
1173 878 1228 926 se·
1301 939 1305 946 Ι

140 986 350 1046 uescentem
370 977 503 1050 vivere.
530 977 753 1069 Compaterer
778 976 919 1070 quidem
946 976 1022 1047 tibi:
1051 977 1115 1049 sed
1140 977 1227 1048 bene

140 1096 278 1167 habes:
306 1097 439 1189 integra
473 1107 527 1169 est
559 1109 658 1181 aetaS,
693 1109 727 1170 et
760 1099 875 1170 adbuc
904 1100 1061 1171 mutandi
1093 1099 1227 1170 consilii

141 1227 288 1312 tempus
310 1217 431 1290 habes.
453 1219 522 1290 lllis
541 1221 616 1290 sine
632 1219 866 1291 consulatione
884 1221 1049 1291 misereor
1066 1220 1125 1314 qui
1142 1231 1228 1292 aeta-

143 1351 217 1412 tem
238 1365 349 1436 prope
369 1344 436 1414 iam
460 1352 565 1414 totam
584 1342 618 1413 in
637 1343 702 1414 hoc
723 1343 906 1437 gymnasio
922 1352 1226 1436 consumpserunt,

143 1466 272 1557 quales
290 1464 373 1534 mibi
391 1466 479 1538 duos
501 1465 560 1536 alit
580 1464 710 1536 amicus
727 1465 1024 1559 cisalpinaGallia,
1045 1469 1158 1538 cleros
1178 1468 1229 1536 vi-

143 1608 215 1672 roS,
236 1586 302 1658 sed
318 1585 468 1659 obscuro
486 1587 655 1660 exercitio
677 1609 813 1680 semper
833 1609 1032 1681 oppressos.
1052 1587 1126 1658 Tibi
1143 1611 1228 1660 vero

144 1711 251 1782 etiam
274 1714 427 1802 gratulor
452 1709 511 1803 qui
538 1710 623 1782 illud
646 1710 815 1782 eximium
835 1712 957 1805 patriae
978 1720 1107 1783 nostrae
1128 1711 1226 1784 sidus

148 1841 220 1902 tam
248 1830 434 1924 propitium
454 1830 637 1924 experiris.
665 1831 725 1902 llle
751 1832 844 1903 enim
870 1855 962 1904 unus
990 1832 1044 1904 vir
1069 1843 1137 1916 est,
1167 1833 1227 1924 qui

149 1953 297 2044 inglorio
317 1952 425 2024 labori
446 1952 550 2023 finem
572 1952 748 2048 imponere
768 1953 853 2026 velit
876 1965 913 2024 et
938 1956 1062 2026 valeat.
1090 1955 1226 2046 Surge:

148 2076 203 2147 ille
237 2085 271 2147 te
305 2085 419 2161 vocat,
443 2097 563 2167 surge,
585 2075 828 2170 circumspice,
853 2086 955 2168 teque
980 2077 1094 2171 ipsum
1121 2097 1227 2147 nosse

149 2199 271 2294 incipe,
294 2210 330 2270 et
350 2220 487 2291 aequam
508 2197 643 2269 viribus
661 2219 802 2269 assume
820 2199 1010 2270 materiam.
1029 2197 1120 2282 Quid
1133 2200 1226 2269 enim

147 2322 236 2413 agie,
273 2343 335 2393 oro
369 2333 416 2406 te,
452 2343 578 2416 pueros
611 2321 764 2394 docens‘l
796 2320 1009 2413 Reipublicae
1048 2322 1226 2412 negotium

147 2447 233 2537 agis.
253 2447 343 2537 Age,
364 2446 428 2518 sed
445 2457 477 2516 te
496 2445 652 2537 dignius:
671 2443 734 2516 sed
751 2443 876 2515 melius
896 2466 1025 2538 pueros
1043 2442 1225 2528 docebunt,

146 2570 204 2660 qui
226 2569 357 2640 slmiles
380 2579 460 2640 sunt
481 2569 558 2638 illis.
587 2569 631 2638 Ut
656 2568 749 2639 enim
782 2589 847 2637 vos
881 2564 995 2640 dicere
1025 2567 1165 2638 soletis:
1192 2567 1236 2636 in

147 2689 319 2760 similibus
341 2689 449 2762 facilis
469 2699 504 2760 et
525 2711 633 2782 prona
654 2690 843 2762 transfusio
863 2699 929 2760 est.
958 2689 1008 2758 Tu
1034 2691 1088 2760 fac
1112 2689 1226 2782 potius

146 2811 240 2903 quod
263 2812 327 2882 viri
347 2812 508 2906 probent,
544 2835 648 2904 quam
681 2811 775 2904 quod
807 2811 906 2904 pueri
939 2811 1118 2881 mirentur.
1140 2811 1228 2894 Quae

147 2945 270 3005 natura
290 2933 470 3019 discrevit,
493 2956 555 3007 our
574 2935 757 3006 confundis
778 2932 945 3025 ingenia?
964 2932 1067 3004 Graio
1084 2931 1227 3003 consilio

147 3075 367 3128 moveamur:
388 3079 486 3148 quom
502 3059 634 3148 quisquc
651 3058 740 3126 norit
757 3058 915 3126 artemio
933 3058 993 3126 lucc
1009 3078 1043 3125 se
1060 3066 1226 3125 coerceat:

146 3178 200 3248 oui
220 3178 308 3250 illud
329 3177 543 3264 addiderim,
568 3179 683 3271 utqui
702 3180 822 3273 plures
839 3179 950 3266 novit,
969 3197 1045 3252 eam
1067 3180 1228 3272 praeferat

147 3296 180 3370 in
199 3322 270 3392 qua
291 3299 479 3392 gloriosius
497 3321 536 3372 se
556 3308 729 3372 exerceat.
756 3300 846 3371 Vale.

287 3446 350 3502 Kal.
366 3445 478 3518 Aprilis.
495 3447 645 3502 Avenlone.
