3062 4798
366 377 458 424 bruun
480 376 996 426 surrruosoucruus.-srrsroun
1019 377 1069 423 vn.
1200 361 1256 422 ltu

184 508 289 601 Atqui
310 519 537 603 percunctare
560 511 891 605 unumquemlibet,
919 532 988 580 non
1018 510 1130 582 dicam
1150 531 1195 578 ex
1218 508 1259 578 iis

184 653 273 726 quos
294 633 381 704 baec
401 634 525 706 cultior
550 657 653 727 quam
676 634 820 706 Rhenus
841 632 950 714 alluit,
974 632 1035 702 sed
1057 653 1144 722 quos
1167 630 1261 701 misit

185 754 344 826 incultior
362 755 418 826 illa
432 755 611 828 barbaries
630 778 733 850 quam
752 755 929 827 Danubius
949 754 1023 827 sive
1040 754 1143 824 etlam
1156 775 1258 844 quam

186 877 337 947 Tlranais
370 891 520 972 asperat.
548 879 645 949 Dicet
671 878 731 947 tibi
758 877 805 947 nil
831 879 918 948 coelo
944 875 1055 968 patrio
1081 873 1258 953 blandius,

184 999 231 1069 nil
256 1020 298 1070 ea
321 1008 487 1072 terrarum
510 1002 651 1092 regione
679 993 835 1071 suavius.
858 999 1008 1070 Provide
1028 1019 1129 1080 cave,
1151 1019 1196 1067 ue
1216 997 1259 1066 ad

183 1123 473 1215 comparationem
495 1124 630 1195 vemas:
652 1122 870 1229 barbaricam
888 1121 981 1194 dicet
1002 1121 1143 1192 ltaliam.
1163 1121 1259 1190 Vale.

574 1637 766 1707 urlsroun
786 1639 853 1702 VIII.

218 1834 411 1884 runnulscus
432 1835 600 1885 auruleus
622 1836 739 1885 FRATRI
760 1835 922 1884 MATTHAEO
945 1835 1081 1884 GOMENSI
1103 1836 1128 1884 S.
1150 1836 1177 1883 Ρ.
1201 1835 1229 1882 n.

214 2011 400 2081 Cupiditatem
414 2009 536 2064 discendi
551 2026 584 2064 eo
600 2009 765 2064 nobiliorem
780 2024 910 2078 essequo
925 2009 1005 2062 vilior
1019 2013 1061 2062 est
1075 2009 1231 2063 dinitiarum

242 2099 386 2172 cupiditas.
403 2100 484 2154 Illam
498 2100 527 2154 ln
542 2099 630 2154 amico
643 2098 739 2154 laudat
752 2103 779 2152 el
793 2103 916 2152 veterum
932 2097 1066 2170 exemplis
1080 2098 1209 2182 illustrat.

283 2348 424 2419 Gaudeo
444 2348 603 2438 equidem
625 2356 660 2418 et
680 2348 801 2417 exulto
822 2347 982 2437 quotiens
1004 2347 1266 2416 litteratumvi-

187 2497 263 2546 rum
282 2471 439 2543 dlecendi
458 2469 619 2562 cupidum
640 2468 791 2539 invenio.
807 2468 900 2539 Solet
916 2468 1063 2537 avaritIa
1076 2466 1265 2560 quaerendo

186 2615 344 2667 crescere
361 2600 396 2664 et
418 2591 641 2664 successibus
663 2590 802 2671 irritari,
823 2611 926 2681 quem
946 2589 993 2660 ad
1010 2588 1114 2659 finem
1133 2589 1264 2670 nescio,

186 2739 274 2801 cum,
290 2716 356 2787 nisi
371 2716 458 2786 ratio
471 2717 592 2786 exulet
609 2735 628 2784 a
647 2711 985 2790 consiliisbumanis,
1006 2712 1121 2782 minus
1139 2732 1266 2806 cupere

187 2839 312 2912 debeat
338 2839 398 2931 qui
425 2840 502 2932 plus
529 2836 642 2910 babet.
670 2837 819 2907 Somnus
851 2835 1077 2918 dormiendo,
1111 2833 1267 2925 fatigatio

187 2961 400 3055 quiescendo
425 2961 631 3056 depellitur3
658 2960 736 3033 cibo
769 2962 898 3043 lanice,
933 2971 1015 3052 potu
1050 2957 1166 3030 sobrio
1192 2957 1267 3028 sitis

189 3084 417 3174 extinguitur.
437 3085 578 3154 Mirum:
602 3087 674 3155 sola
695 3084 835 3177 quidem
863 3083 1008 3154 avaritia
1030 3080 1189 3175 quaesitis
1210 3101 1267 3150 ac-

188 3183 360 3286 cenditur,
385 3215 422 3273 ut
443 3204 559 3275 surdis
580 3205 748 3275 cecinisse
769 3206 931 3276 videatur
949 3205 1112 3275 Horatius
1129 3202 1188 3274 ubi
1207 3201 1265 3272 ait:

310 3413 446 3492 Denique
464 3413 503 3474 sit
520 3413 590 3474 finis
607 3413 779 3492 quarendi3
797 3430 931 3490 cumque
948 3414 1057 3476 babeas
1073 3413 1140 3490 plus

309 3509 488 3591 Paupenen
506 3518 624 3572 metuas
643 3510 758 3583 minus,
776 3516 806 3571 et
824 3511 913 3571 finire
929 3509 1064 3572 laborem

308 3607 448 3688 Incipias,
468 3613 552 3687 parto
571 3605 652 3685 quod
669 3606 779 3668 archas
797 3655 909 3668 .....

192 3814 337 3886 Salubre
354 3814 553 3897 consilium,
579 3814 608 3884 si
626 3813 762 3907 penitus
784 3813 818 3882 in
840 3812 991 3892 animum
1019 3813 1270 3885 descendisset.

191 3939 261 4008 Nos
288 3958 373 4008 vero
399 3940 560 4010 mortales
582 3934 834 4006 immortaIIbus
855 3933 948 4005 curis
975 3935 1081 4028 pleni,
1107 3947 1177 4006 tum
1200 3957 1269 4006 ma-

191 4060 285 4130 xime
305 4058 462 4130 timorem
481 4058 687 4151 incipimus,
709 4066 745 4127 et
764 4054 935 4137 laborem,
958 4057 1041 4127 dum
1063 4055 1163 4128 finire
1183 4077 1269 4151 prae-

193 4179 362 4274 cipimur;
389 4181 514 4252 crescit
539 4180 696 4274 pecuniae
722 4178 874 4251 studium
902 4192 1080 4251 crescente
1115 4179 1269 4272 pecunia.
