3002 4794
462 345 554 396 aman
576 345 905 398 nunus-artsrcut
927 349 968 398 xt.
1219 337 1257 398 39

265 467 543 541 tanumerabitia
559 467 664 540 huius
684 468 822 559 generis
840 471 1001 562 exempla
1020 490 1059 540 se
1079 470 1256 561 ingerunt3

172 594 233 666 sed
254 599 295 662 ut
321 591 390 663 iam
415 590 668 684 longiusculam
695 590 879 685 epistolam
906 590 1005 662 brevi
1027 590 1096 662 fine
1120 593 1258 664 conclu·

170 713 267 799 dam,
291 713 379 806 quid
398 713 454 784 hic
474 712 552 783 miri
572 721 641 797 cst,
667 713 697 784 si
718 713 831 784 virtus
854 721 926 798 tua,
952 721 988 784 et
1008 715 1099 786 fama
1119 713 1258 786 uirtutis

169 857 286 908 comes
327 834 524 921 individua,
560 837 749 906 multorum
776 843 880 927 atque
913 833 949 905 in
979 834 1100 929 primis
1140 837 1259 908 latoris

170 958 398 1050 praesentium
422 956 504 1030 fidei
524 957 669 1043 credita,
689 979 745 1028 me
766 958 800 1028 iu
823 957 1006 1030 amicitiam
1028 966 1122 1030 tuam
1142 957 1260 1030 dulce-

170 1080 248 1152 dine
269 1089 412 1174 captum
435 1080 561 1152 trabit?
581 1079 782 1152 Praesertim
800 1101 879 1150 eum
897 1079 983 1169 nibil
1000 1077 1175 1172 impediat,
1191 1102 1258 1154 nou

170 1209 264 1286 aulae,
289 1223 359 1273 uon
379 1203 501 1295 patria,
519 1224 588 1273 non
602 1200 782 1296 imparitas
805 1201 1022 1274 studiorum?
1040 1201 1260 1274 Coufabuluri

171 1333 283 1395 tectum
319 1324 491 1396 hactenus
517 1324 710 1396 iucundum
736 1323 854 1394 animo
879 1343 958 1394 meo
981 1322 1060 1408 fuit,
1087 1324 1167 1396 binc
1192 1324 1260 1396 iam

170 1445 252 1516 mihi
275 1469 417 1518 manum
441 1447 556 1518 solitae
577 1446 822 1542 occupationes
841 1446 1006 1518 inliciunt.
1025 1447 1076 1518 Tu
1097 1468 1180 1520 uero
1198 1469 1261 1520 va-

170 1571 257 1654 le,et
271 1569 436 1661 quotiens
461 1569 590 1642 amicos
607 1577 685 1640 tuos
700 1553 911 1653 numerabis,
933 1589 1032 1653 cave,
1054 1591 1192 1662 quaeso,
1216 1592 1259 1642 ne

169 1712 286 1761 meum
313 1689 421 1762 sileas
443 1712 579 1762 numen.
601 1691 751 1777 Patavii,
777 1691 829 1762 Vl.
853 1690 935 1762 ldus
955 1691 1026 1762 lan.
1049 1689 1116 1763 sub
1137 1690 1260 1762 intem·

169 1821 277 1904 pestae
298 1813 414 1886 noctis
437 1812 587 1886 silentiu.

587 2231 765 2297 urtsrutt
786 2233 841 2297 llll.

406 2419 601 2470 uulneratus
622 2420 791 2470 Parauaea
813 2421 1028 2472 antenctae.

222 2587 258 2640 Se
271 2601 382 2642 morem
398 2586 424 2640 ei
437 2601 534 2657 gerara
546 2591 639 2658 negat,
654 2587 722 2642 dum
736 2591 849 2658 rogatur
863 2591 896 2642 ut
907 2586 1014 2642 litteras
1028 2585 1063 2641 ad
1078 2585 1204 2658 ignotum

589 2676 732 2734 hominem
746 2677 847 2734 mittat.

270 2919 418 2992 Mirarer
437 2918 532 3012 quod
552 2919 599 2992 ita
621 2930 652 2992 te
672 2941 770 2992 amor
789 2918 877 2990 mais
895 2918 980 2990 fallit
996 2918 1031 2990 in
1048 2917 1170 3004 rebus,
1191 2918 1258 2990 nisi

174 3059 268 3133 saepe
293 3040 517 3116 doctissimos
537 3042 716 3114 fefellisset
736 3040 950 3133 vicissetque
974 3039 1197 3128 fortissimos,
1224 3051 1259 3114 et

173 3163 363 3236 altissimos
388 3165 599 3238 inclinasset.
624 3163 816 3236 Extorsisti
844 3175 881 3238 ut
906 3165 1024 3256 ignoto
1051 3163 1255 3251 scriberem,

174 3286 415 3379 successitque
431 3281 584 3358 feliciter.
602 3285 762 3358 Amicum
780 3285 909 3358 bouum
927 3287 963 3357 in
980 3287 1122 3376 longum
1140 3307 1258 3358 aevum

112 3485 116 3496 .
174 3409 348 3502 quaesisse
368 3407 490 3480 videor
512 3407 639 3502 scripto
660 3408 770 3480 brevi.
794 3409 877 3482 Orta
898 3407 1025 3482 fiducia
1044 3430 1092 3480 ex
1112 3419 1255 3493 eventu,

173 3531 266 3623 quud
287 3531 323 3602 in
340 3531 448 3604 rebus
465 3533 574 3636 ferme
592 3531 754 3604 omuibus
771 3531 904 3615 accidit,
923 3531 1034 3606 iustas
1053 3538 1092 3602 ut
1108 3530 1257 3602 scribam

174 3653 286 3738 alteri,
309 3653 441 3744 ingenti
467 3654 607 3746 quidem
633 3663 672 3726 ut
696 3653 747 3726 ais
773 3656 861 3740 viro,
889 3675 993 3748 quem
1020 3675 1085 3724 nec
1109 3650 1258 3722 viderim

177 3785 299 3860 tamen,
314 3795 380 3846 nec
393 3774 572 3860 audierim,
587 3797 652 3848 nec
669 3776 809 3848 omnino
826 3775 993 3860 noverim,
1008 3771 1110 3866 quasi
1124 3781 1258 3848 certum

175 3896 306 3970 habeas
325 3897 375 3970 sic
392 3897 487 3969 illum
506 3897 607 3972 deme
628 3897 875 3981 iudicaturum,
896 3908 933 3969 ut
954 3905 990 3968 tu
1011 3893 1171 3979 dictitas;
1194 3917 1259 3967 nec

173 4022 342 4107 advertis,
356 4043 419 4106 seu
431 4022 527 4116 quod
542 4025 621 4117 plus
639 4020 816 4112 intelligat,
832 4041 895 4092 seu
909 4015 1002 4112 quud
1021 4029 1114 4090 amet
1130 4015 1255 4101 minus,

134 4159 136 4166 ·
175 4165 279 4235 possa
305 4143 353 4214 illi
380 4144 579 4216 aliudesse
604 4143 780 4216 iudicium.
808 4143 859 4215 lta
878 4144 1019 4228 famam,
1042 4163 1147 4236 quam
1169 4140 1259 4210 inter
