3002 4794
263 390 302 450 54
604 399 646 446 nn
667 397 767 446 nonus
788 396 1009 445 rnuurnnmus

266 541 321 589 me
348 527 382 587 et
399 526 568 609 quantum
594 515 784 605 intelligere
805 514 900 607 potui
928 511 1008 584 totis
1034 511 1139 582 animi
1166 512 1283 583 nervis
1309 535 1350 584 ac

263 638 399 710 viribus
421 660 476 708 me
498 647 600 729 teque
621 635 736 730 ipsum
758 633 802 704 ad
828 635 1025 706 solitudinis
1048 634 1201 705 studium
1226 634 1350 706 eohor-

264 771 357 833 tatus
371 782 422 831 es.
436 761 529 830 Bene
551 758 714 851 loqueris,
734 757 852 841 amice,
873 757 1071 849 prudenter,
1094 755 1250 842 fideliter,
1270 779 1349 848 gra-

262 881 369 964 viter,
392 879 587 951 salubriter.
614 881 664 949 lta
685 879 777 949 enim
804 879 927 962 sentio,
955 900 1023 948 non
1050 878 1190 969 quidem
1211 879 1246 949 in
1272 878 1349 949 uni-

262 1024 368 1074 verso
385 1001 516 1094 aliquid
533 1002 714 1085 diffiniens
736 1001 798 1072 sed
814 999 858 1070 de
876 999 977 1070 nobis
996 1000 1149 1091 loquens
1168 1000 1230 1071 vix
1246 1010 1349 1071 extra

263 1124 481 1197 solitudinem
499 1144 604 1217 posse
621 1121 793 1193 nos'bene
811 1121 941 1207 vivere,
957 1121 1046 1192 hene
1060 1122 1160 1206 mori,
1175 1143 1241 1192 nec
1252 1131 1347 1192 cerlo

262 1248 379 1318 minus
401 1247 469 1318 iarn
492 1245 536 1317 de
557 1252 667 1315 morte
689 1267 794 1336 quam
815 1243 861 1316 de
881 1245 966 1328 vita,
986 1265 1052 1315 nec
1071 1243 1187 1315 minus
1208 1244 1253 1315 de
1279 1254 1348 1314 ter-

263 1369 356 1440 mino
375 1389 482 1460 quam
508 1367 552 1438 de
579 1367 692 1440 stadio
717 1365 952 1457 cogitandum.
973 1367 1103 1438 Natura
1129 1367 1201 1438 dux
1229 1377 1347 1439 nostra

262 1513 326 1562 nos
348 1490 520 1562 solitarios
541 1489 631 1560 fecit.
653 1488 744 1573 Quid
763 1489 1035 1580 tergiversamur
1056 1499 1091 1560 ct
1111 1488 1269 1581 obliquas
1291 1509 1346 1560 se-

262 1614 403 1705 quimur
427 1613 530 1684 vias‘l
548 1611 625 1682 Non
651 1631 716 1681 nos
741 1611 835 1682 fallat
859 1611 1025 1702 longioris
1051 1610 1135 1682 vitae
1162 1633 1259 1703 spes,
1286 1621 1347 1683 aut

262 1735 347 1806 illud
380 1733 586 1806 Davidioum
621 1733 716 1824 quod
741 1731 1011 1804 innumerabiles
1042 1732 1111 1803 iam
1144 1733 1274 1818 fefellit,
1301 1734 1346 1808 de

261 1857 361 1927 annis
387 1856 621 1948 septuaginta,
650 1856 705 1926 vel
735 1857 771 1924 in
795 1854 1030 1949 potentatibus
1060 1855 1243 1946 octoginta.
1269 1858 1346 1929 Non

261 1977 419 2049 obluctor
439 1978 641 2071 prophetae:
663 1997 748 2048 vera
770 1988 852 2050 sunt
871 1977 999 2062 omnia,
1019 1978 1083 2049 sed
1104 1977 1215 2050 maior
1234 1977 1346 2051 homi-

261 2123 345 2172 num
371 2122 453 2195 pars
480 2100 807 2192 quinquagesimum
833 2121 904 2170 non
933 2099 1082 2191 attingit.
1116 2101 1208 2184 Quot
1239 2103 1344 2175 millia

260 2222 539 2315 occupationum,
568 2230 653 2314 quot
677 2230 871 2314 coeptorum
896 2243 1041 2315 pompas
1066 2220 1125 2293 illa
1144 2222 1345 2317 prophetica

261 2342 445 2436 interrupit
470 2343 671 2415 auctoritas:
688 2343 773 2414 dum
794 2342 888 2436 quod
905 2343 964 2414 ille
983 2355 1183 2415 extremum
1210 2346 1342 2438 posuit,

261 2487 324 2534 nos
345 2465 448 2556 quasi
469 2464 623 2537 medium
645 2467 821 2558 ponimus,
844 2475 880 2536 et
899 2468 995 2558 quod
1015 2468 1071 2538 ille
1091 2467 1211 2561 paucis
1238 2478 1344 2561 alque

260 2587 458 2670 vivacibus
485 2608 550 2656 nos
575 2587 736 2658 omnibus
763 2588 975 2681 pollicemur.
998 2590 1145 2661 Cessent
1166 2613 1248 2685 spes
1269 2592 1345 2664 ina-

260 2730 340 2779 nes:
362 2730 463 2780 nemo
484 2729 548 2778 nos
568 2708 676 2778 fallat:
698 2708 804 2780 immo
824 2732 909 2782 vero
933 2712 1177 2804 nosmetipsos¹
1190 2735 1258 2786 non
1280 2715 1344 2785 sal-

261 2832 383 2915 lamnS,
405 2853 519 2922 neque
540 2830 641 2902 nobis
662 2831 794 2904 accidat
814 2831 1076 2907 Ciceronianum
1097 2836 1182 2908 illud
1201 2836 1261 2908 ubi
1280 2837 1341 2909 ait:

260 2953 385 3021 Metelli
404 2965 512 3043 sperat
533 2953 597 3022 sibi
615 2954 749 3042 quisque
767 2956 948 3042 fortunam.
970 2957 1098 3028 Potens
1119 2969 1175 3030 est
1199 2959 1342 3051 quidem

258 3075 351 3144 Deus
371 3073 486 3162 omnia
507 3072 697 3164 singularia
714 3082 818 3167 atque
838 3075 1024 3168 magnifica
1040 3077 1140 3150 nohis
1161 3057 1342 3151 daretne-

259 3194 312 3265 bis
334 3205 450 3266 tamen
470 3205 505 3267 et
521 3217 584 3288 pro
601 3204 720 3268 nostra
738 3196 962 3270 modestiaet
982 3222 1045 3292 pro
1057 3201 1232 3273 communi
1246 3211 1341 3274 sorte

259 3317 438 3389 hominum
452 3319 495 3390 de
512 3319 756 3390 communibus
777 3319 999 3412 cogitandum
1018 3330 1084 3394 est.
1099 3323 1167 3394 Sed
1182 3331 1279 3394 esto:
1295 3324 1342 3396 sit

258 3440 331 3509 vita
350 3439 563 3530 longissima.
591 3438 767 3522 Quantum
788 3453 904 3514 tamen
929 3443 975 3514 ab
999 3454 1157 3516 extremo
1181 3442 1340 3516 absimus

258 3563 357 3635 sacile
378 3562 583 3655 perpendes,
606 3563 635 3634 si
656 3566 775 3636 oculos
793 3564 827 3633 in
850 3573 947 3656 terga
972 3565 1170 3650 reflexeris,
1193 3575 1229 3635 et
1255 3587 1341 3636 ven-

126 3769 129 3775 !
259 3695 375 3757 turum
409 3693 545 3779 tempus
572 3684 684 3757 meliri
717 3686 866 3780 ooeperis
897 3686 1127 3758 aestimatione
1160 3685 1338 3780 praeteriti.

257 3806 359 3890 Quod
376 3817 492 3879 autem
517 3806 562 3880 ad
587 3806 665 3892 hoc,
688 3808 791 3900 quasi
819 3831 889 3880 non
910 3812 987 3880 leve
1011 3809 1229 3901 praesidium,
1256 3809 1340 3880 vitae

258 3927 422 3998 solitariae
442 3927 568 4000 librum
584 3929 685 4023 pelis
706 3951 750 4000 ne
771 3928 838 4002 dici
856 3929 998 4024 quidem
1016 3951 1105 4022 opus
1126 3939 1211 4000 erat.
1232 3929 1341 4012 Quid·

134 4042 140 4050 ’
258 4046 402 4139 quidex
418 4050 485 4121 hoc
502 4051 642 4142 ingenio
654 4049 895 4144 depromptum
912 4061 948 4122 et
965 4049 1025 4121 tibi
1039 4050 1339 4144 promptissimum

257 4168 337 4251 erit,
362 4169 429 4240 etsi
449 4171 482 4240 in
504 4170 680 4262 publicum
705 4172 861 4243 nondum
881 4173 966 4244 illud
986 4171 1125 4255 exierit,
1154 4180 1191 4242 ut
1216 4171 1338 4244 sileam
