3024 4802
279 338 336 398 518
619 293 777 396 acaunus
798 345 1020 394 rnunmnmus

279 510 320 560 ac
340 487 430 558 laetis
451 484 629 578 auspiciis,
651 497 687 556 et
704 497 743 557 ut
758 483 851 555 Graii
868 503 1006 572 magam
1026 479 1293 575 veneficamque
1308 485 1359 555 ia-

279 610 528 691 mosissimam,
558 609 606 678 sic
635 607 745 679 nostri
774 606 875 677 dulce
894 605 1023 677 bonum
1049 604 1171 699 patriae
1204 615 1361 697 reporta-

280 748 369 806 runt.
404 731 560 815 Quorum
594 742 710 802 tamen
736 753 782 801 ex
808 750 955 800 numero
974 751 1043 800 non
1077 729 1141 798 fui:
1167 751 1273 800 nemo
1298 729 1359 800 tibi

279 856 461 929 mendacio
493 854 701 926 blandiatur.
735 853 903 936 Quamvis
937 863 1053 923 autem
1092 863 1188 924 tanto
1220 854 1361 943 negotio

278 984 381 1072 longe
402 982 526 1072 impar,
549 977 677 1049 iudicio
696 989 811 1048 tamen
831 975 1036 1067 benigniore
1055 976 1264 1047 mittentium
1285 979 1362 1066 glo

278 1105 409 1175 riosum
441 1101 594 1173 laborem
626 1100 779 1191 effugere
812 1100 1074 1192 nequivissem,
1109 1098 1178 1170 nisi
1210 1098 1360 1191 publicis

278 1225 370 1295 votis
390 1225 537 1316 privatae
556 1223 719 1315 quaedam
752 1221 972 1293 obstitissent
996 1241 1129 1303 causes,
1151 1241 1240 1312 quas
1267 1243 1361 1292 nunc

279 1348 419 1419 siluisse
451 1347 663 1439 praestiterit.
692 1346 741 1417 Ne
773 1366 860 1416 vero
891 1345 1010 1414 forsan
1036 1342 1091 1413 his
1118 1341 1220 1414 dictis
1245 1344 1359 1414 omnis

279 1472 400 1560 gloriae
426 1481 699 1562 contemptorem
720 1477 839 1560 putes,
862 1463 926 1538 sed
950 1467 1124 1557 intelligas
1145 1487 1216 1551 me,
1240 1475 1279 1536 ut
1297 1467 1359 1536 fal-

280 1613 353 1664 sam
375 1613 558 1684 respuere,
582 1592 633 1661 sic
653 1613 772 1663 veram
800 1591 945 1681 gloriam
973 1610 1043 1659 non
1064 1589 1221 1673 horrere,
1244 1587 1357 1660 dicam

277 1712 362 1804 quid
388 1715 506 1785 multis
539 1711 664 1782 diebus
696 1723 777 1803 post
801 1713 1048 1805 profectionem
1075 1714 1269 1802 legatorum
1296 1731 1358 1781 no

278 1846 429 1906 strorum
449 1844 485 1906 et
503 1855 611 1926 prope
629 1835 699 1905 iam
719 1833 883 1904 omuibus
903 1834 951 1904 ibi
971 1834 1154 1906 conventis
1178 1855 1220 1904 ac
1239 1831 1357 1904 firma-

278 1958 322 2028 tis
343 1956 516 2028 acciderit.
539 1957 672 2027 Caesari
698 1957 791 2028 enirn
817 1957 949 2028 interea
975 1958 1046 2028 mci
1069 1955 1284 2027 desiderium
1305 1957 1356 2026 in·

277 2079 394 2164 cessit,
416 2089 452 2150 et
471 2079 571 2150 cuius
593 2080 747 2149 animum
769 2101 884 2150 mores
898 2099 939 2150 ac
953 2080 1069 2150 studia
1082 2090 1243 2162 noverat,
1259 2089 1356 2172 opta-

277 2203 329 2272 vit
341 2211 377 2272 ct
388 2202 512 2272 faciem
525 2201 659 2272 videre.
674 2201 745 2270 lam
760 2201 874 2272 biems
889 2201 986 2271 miris
1006 2200 1119 2272 modis
1137 2201 1355 2283 induruerat3

277 2326 372 2396 misit
407 2335 537 2405 tamen,
567 2345 633 2394 nec
660 2323 946 2416 occupationibus
974 2324 1062 2395 meis
1095 2343 1261 2417 pareone,
1291 2344 1356 2393 nec

277 2445 400 2530 labori,
435 2457 470 2518 et
502 2446 597 2516 misit
627 2445 787 2517 nuntium
814 2447 1019 2530 solemnem,
1052 2446 1182 2538 quique
1215 2444 1356 2536 regibus

277 2565 426 2658 imperat
458 2589 512 2638 me
544 2569 682 2659 rogavit
706 2579 745 2640 ut
769 2566 814 2640 ad
839 2589 878 2639 se
909 2589 1057 2660 pergere
1083 2569 1297 2640 festinarem:
1322 2570 1355 2640 ei

278 2688 422 2781 insuper
453 2691 697 2780 precesmisit
722 2692 778 2761 cui
803 2692 852 2762 nil
883 2699 1093 2781 negaturum
1119 2713 1175 2762 me
1200 2691 1353 2785 putabat.

279 2809 352 2881 Nec
371 2811 520 2883 errabat.
536 2810 721 2893 Quidvis?
737 2813 796 2884 illo
811 2825 972 2898 vocante,
988 2824 1094 2906 atque
1110 2811 1177 2884 boc
1194 2826 1352 2905 urgente,

279 2932 492 3024 proficiscor.
518 2934 588 3004 Nec
609 2955 760 3024 unquam
775 2937 861 3005 alias
874 2935 1073 3007 evidentius
1093 2937 1257 3021 intellexi,
1274 2935 1356 3028 quid

279 3064 334 3122 est
350 3051 444 3144 quod
461 3053 509 3123 ait
520 3051 755 3144 Augustinus,
771 3044 927 3127 Italicum
943 3049 1093 3149 glaciale
1102 3060 1226 3130 solum.
1244 3058 1301 3129 Ad
1317 3059 1353 3128 ll.

280 3170 362 3242 ldus
383 3173 586 3246 Decembris
614 3175 697 3247 binc
716 3179 825 3250 movi:
847 3202 962 3273 neque
981 3191 1051 3253 tam
1073 3190 1226 3252 terreum
1250 3203 1352 3273 quam

279 3293 537 3366 adamantinum
558 3308 663 3390 atque
683 3299 890 3395 chalybeum
909 3302 976 3373 iter
991 3313 1078 3387 erat,
1093 3312 1128 3374 et
1141 3301 1265 3393 glaciei
1285 3290 1355 3373 m'c

192 3445 198 3462 ¹
279 3427 336 3488 tus
364 3420 526 3491 nonnisi
557 3421 649 3492 nivis
678 3422 800 3494 solatio
826 3422 1021 3507 levabatur,
1043 3443 1124 3516 quae
1151 3423 1228 3516 ipsa
1252 3423 1353 3494 etiam

279 3553 409 3633 praeter
429 3563 562 3614 morem
582 3545 702 3615 nescio
720 3544 806 3637 quid
827 3545 1029 3618 horrificum
1051 3545 1212 3618 babebat.
1234 3546 1355 3639 Capta-

278 3661 540 3738 hamus'tamen
566 3667 660 3737 omni
692 3666 806 3739 studio
831 3668 891 3740 ubi
916 3669 1150 3762 nequidquam
1171 3668 1296 3740 armati
1320 3669 1354 3738 in

279 3789 423 3878 glaciem
444 3811 613 3882 equorum
633 3790 742 3883 pedes
762 3803 950 3886 utcumque
969 3793 1208 3876 consisterent,
1230 3802 1266 3863 et
1285 3792 1354 3862 rui-

278 3927 335 3978 nae
361 3931 471 4001 pavor
493 3910 659 3982 assiduus
684 3915 755 3983 viae
788 3913 942 3987 laborem
969 3915 1099 3986 iecerat
1126 3935 1197 3984 non
1223 3913 1352 3984 sentiri.

278 4023 332 4094 Ad
352 4029 428 4100 haec
453 4044 488 4103 et
515 4032 651 4105 brumae
671 4045 706 4106 et
730 4035 841 4126 algori
861 4036 1001 4119 nebula,
1024 4037 1138 4128 qualis
1164 4037 1199 4106 in
1226 4055 1355 4106 memo

278 4146 364 4215 riam
391 4151 568 4223 hominum
596 4177 664 4227 non
689 4169 756 4242 est,
779 4169 814 4230 et
833 4161 922 4231 coelo
948 4160 1070 4231 immiti
1096 4169 1268 4230 terrarum
1293 4177 1353 4227 va-
