2958 4804
346 367 437 418 amur
461 365 956 418 uucluusrunrrus.-or1sroul
978 368 1008 416 x.
1152 351 1211 414 255

559 711 737 778 EPISTULA
758 712 791 776 X.

202 966 397 1018 Fuluclscus
417 967 586 1018 Purnlucl
607 967 745 1018 alcotan
765 967 935 1019 lcclllouo
955 968 997 1018 Er
1017 967 1150 1018 IOHANNI

538 1067 665 1118 annulo
687 1067 712 1116 S.
735 1067 762 1117 Ρ.
783 1068 814 1118 Ι).

134 1237 271 1294 Hortatur
289 1244 440 1314 utrumque
455 1244 501 1309 ut,
517 1238 640 1312 deponta
658 1240 810 1310 simultate,
826 1241 944 1298 alterum
958 1241 1029 1298 alter
1046 1243 1075 1298 in
1090 1248 1215 1298 mutuam

496 1328 715 1385 benevolentiam
729 1330 851 1402 recipiat.

236 1607 383 1699 Iungam
403 1626 482 1690 vos,
506 1605 717 1697 magnanimi
736 1606 817 1692 viri,
837 1606 1057 1680 florentinum
1077 1631 1118 1686 ac
1137 1631 1217 1706 par-

140 1731 359 1825 thenopaeum
386 1730 510 1802 decus:
537 1730 680 1822 iungam
705 1750 772 1822 ago
791 1751 872 1817 vm,
896 1731 925 1804 si
958 1732 1127 1827 patimini,
1154 1755 1218 1806 nco

138 1863 332 1928 contactum
357 1853 478 1926 amicae
493 1848 619 1926 manus
639 1854 850 1926 horrescitis.
876 1855 951 1926 Non
972 1857 1141 1929 rationem
1166 1865 1219 1930 te·

137 1977 293 2062 meritas,
320 1998 390 2049 non
414 1975 546 2050 invidia
567 1975 781 2062 charitatem,
806 2001 875 2052 non
896 1980 1079 2054 consilium
1105 1985 1216 2068 loror,

138 2109 313 2192 postremo
332 2119 402 2172 uon
421 2097 565 2170 affectus
587 2099 655 2170 mci
675 2097 857 2188 glutinum,
880 2121 950 2192 quo
976 2121 1134 2194 praescus
1158 2124 1217 2174 ca-

138 2222 259 2307 lamus,
268 2221 466 2294 immovero
480 2221 663 2313 praesentis
675 2221 799 2293 calami
811 2221 1003 2294 ministerio
1016 2222 1112 2317 pacis
1124 2245 1220 2295 ama-

140 2351 191 2418 tor
215 2341 388 2428 Christus,
416 2343 550 2416 animos
571 2353 711 2416 nostros
730 2325 819 2429 uuit,
853 2343 1089 2416 detractorum
1116 2344 1219 2418 inane

140 2487 295 2538 murmur
312 2465 487 2560 impediet.
501 2466 628 2558 Magna
645 2487 785 2560 sempor
801 2463 962 2538 amicitiae
978 2466 1033 2539 vis
1050 2475 1118 2552 est;
1136 2467 1220 2538 nihil

141 2586 185 2658 illi
205 2586 354 2674 difficile,
376 2588 461 2660 nihil
480 2587 713 2683 impossihile:
739 2589 1034 2684 verissimumque
1059 2599 1115 2662 cst
1138 2612 1221 2684 poe-

143 2711 247 2784 ticum
266 2710 363 2784 illud:
385 2712 508 2782 Omnia
523 2713 629 2784 vincit
647 2735 756 2782 arnor:
773 2733 838 2786 vos
857 2733 979 2786 verum
998 2712 1034 2782 in
1050 2711 1153 2786 vobis
1170 2715 1221 2784 cf-

141 2830 233 2908 ficite
251 2835 346 2927 quod
366 2835 536 2929 sequitur:
556 2835 603 2906 Et
621 2859 681 2908 nos
698 2834 848 2906 cedamus
863 2837 980 2906 amori.
1000 2834 1128 2920 Cedias,
1147 2857 1217 2920 oro,

143 2957 198 3031 cui
234 2958 405 3032 immanes
439 2957 569 3032 cedunt
603 2958 748 3046 belluae,
786 2959 842 3032 oui
874 2958 1067 3031 barbaricae
1094 2957 1222 3032 cedunt

143 3090 291 3166 mentes,
310 3081 366 3155 oui
380 3093 504 3177 parent
519 3082 734 3156 insensibilia
751 3086 930 3156 clementa.
946 3083 1072 3170 Cedite,
1086 3103 1218 3177 quaeso

143 3201 207 3288 illi,
225 3203 282 3276 cui
298 3214 484 3299 postquam
497 3205 685 3292 cesseritis,
699 3207 816 3279 omnia
831 3206 934 3279 vohis
955 3207 1090 3280 ocdcut.
1111 3207 1222 3278 Nolite

144 3345 248 3398 aures
280 3313 474 3413 obstruere,
508 3330 626 3402 oculos
659 3339 832 3413 avertere,
868 3325 1043 3400 obdurare
1075 3329 1219 3412 animos,
1326 3325 1332 3334 '

144 3471 233 3542 quos
265 3450 380 3524 iustus
410 3451 612 3524 melioribus
644 3452 796 3524 consiliis
829 3452 976 3544 complet
1003 3471 1110 3522 amor.
1133 3452 1220 3522 Earn

149 3569 232 3642 mihi
254 3593 352 3668 spem
373 3572 492 3647 tribuit
511 3575 686 3666 geminata
704 3572 879 3659 nobilitas
900 3595 981 3668 quae
1001 3594 1114 3668 usque
1134 3572 1223 3646 adeo

147 3713 211 3764 vos
237 3693 398 3781 illustrat,
426 3707 463 3770 ut
491 3697 525 3768 in
552 3695 689 3771 duabus
718 3696 863 3770 urbibus
896 3706 967 3768 tam
1000 3696 1150 3788 magnis,
1182 3717 1223 3766 ac

151 3815 288 3891 duobus
316 3819 352 3890 in
371 3820 522 3916 populis,
549 3816 619 3894 duo
641 3822 739 3893 velut
755 3821 883 3892 eximia
904 3818 1018 3891 sidera
1047 3819 1219 3912 fulgeatis.
1312 3915 1314 3919 Ι

151 3939 204 4012 Nil
223 3943 338 4035 magis
359 3951 452 4022 certe
467 3965 573 4037 quam
594 3965 693 4016 amor
712 3943 898 4036 ignobilem
926 3942 1078 4016 animum
1109 3963 1224 4016 secer-

151 4063 201 4137 nit
216 4088 238 4138 a
257 4064 374 4138 nobili.
394 4064 495 4138 Illum
512 4067 618 4160 igilur
636 4063 752 4139 audite
769 4068 851 4140 talia
866 4066 981 4140 visum
1004 4065 1146 4140 assidue
1161 4089 1224 4140 vc-

113 4199 117 4208 ·
150 4185 235 4262 stris
262 4188 388 4263 animis
418 4189 654 4284 inspirantem.
690 4221 705 4258 α
729 4190 806 4275 Quo
835 4189 870 4262 in
902 4191 1079 4265 divorsum
1109 4191 1221 4272 abilis,
