3062 4798
320 332 379 391 tl8
666 345 705 406 uu
726 344 826 391 eunus
849 341 1070 390 ruurumrueus

318 482 447 551 culosae
468 476 640 548 hirudinis
657 477 692 546 in
710 497 842 547 morem
863 496 1051 568 nequeam,
1073 474 1140 544 nisi
1162 477 1282 566 plenos
1304 475 1401 544 avel-

319 603 402 671 lere:
424 599 471 671 ita
493 620 588 694 saepe
608 598 692 668 mihi
713 597 791 669 dies
818 597 1018 692 impransus
1040 595 1317 692 praeterlabitur,
1340 616 1407 665 nox

319 723 497 795 insomnis.
525 725 564 792 In
589 745 660 816 quo
685 719 826 814 quidem
852 720 1068 792 delectationi
1098 741 1190 790 mcae
1207 741 1313 811 quam
1335 719 1403 789 iam

318 848 391 917 fere
416 847 567 929 unicam,
595 867 659 917 nec
685 845 751 916 nisi
776 866 822 914 ex
848 845 1040 915 litterarum
1061 842 1208 915 lectione
1227 841 1399 937 percipio,

318 978 485 1060 quantum
515 968 580 1039 hac
615 979 672 1038 tua
705 967 908 1038 liberalitate
943 967 988 1036 sit
1020 965 1190 1049 additum,
1213 987 1284 1036 non
1306 965 1402 1036 facile

318 1094 448 1184 vulgus
468 1091 659 1172 existimet,
678 1090 734 1160 cni
751 1100 852 1162 extra
864 1109 1057 1185 ‘corporeos
1079 1109 1208 1160 sensus
1229 1089 1326 1160 nulla
1343 1108 1404 1159 vo-

318 1217 430 1308 luptas
446 1219 516 1284 est:
535 1222 572 1284 tu
586 1233 670 1286 vero
684 1211 861 1305 perfacile,
884 1233 998 1304 neque
1017 1210 1189 1281 mirabere
1206 1209 1286 1281 libri
1300 1209 1402 1280 huius

317 1338 506 1408 adventum
524 1357 580 1406 me
601 1336 758 1407 sitienter
776 1345 880 1427 atque
899 1333 1005 1406 anxie
1025 1342 1245 1425 expectasse.
1269 1333 1345 1405 Scis
1364 1343 1400 1402 ut

317 1457 495 1552 cupiditati
516 1445 619 1549 lon‘ga
639 1456 809 1540 brevitas,
832 1455 1004 1529 festinatio
1024 1455 1125 1527 tarda
1150 1462 1217 1526 est.
1244 1455 1349 1538 Quod
1374 1455 1402 1525 si

317 1579 409 1670 apud
429 1580 603 1650 Nasonem
624 1580 773 1651 amantis
794 1578 906 1650 insani
928 1577 1074 1650 verbum
1096 1588 1196 1650 est:·‘

439 1756 572 1836 Septima
589 1774 649 1820 nox
667 1759 783 1836 agitur,
801 1759 935 1838 spatium
950 1757 1027 1821 mihi
1044 1749 1164 1836 longius
1181 1775 1260 1821 anno

316 1943 400 2037 quid
426 1943 511 2014 mibi
537 1946 653 2015 visum
677 1955 777 2038 putas
798 1944 854 2016 cui
881 1916 970 2016 inter
990 1946 1264 2040 expectandum,
1292 1957 1332 2018 nt
1354 1968 1399 2017 ex

319 2087 467 2160 persona
486 2067 630 2139 alterius
651 2067 699 2138 ait
716 2068 822 2140 idern:

437 2247 520 2310 Luna
538 2253 645 2326 quater
661 2247 759 2324 latuit,
778 2255 841 2310 toto
860 2255 968 2327 quater
985 2249 1060 2311 orbe
1077 2249 1231 2311 recrevit‘l
1316 2303 1320 2310 .

317 2435 576 2508 Solet'houesta
593 2434 804 2528 cupientium
825 2434 963 2506 flamma
984 2435 1138 2507 serenior
1154 2457 1235 2506 esse
1253 2458 1324 2507 non
1343 2457 1399 2506 se-

316 2557 425 2650 gnior.
448 2556 614 2628 Consulto
636 2565 752 2628 tamen
773 2564 886 2628 actum
909 2577 1002 2640 reor,
1025 2578 1094 2636 non
1115 2557 1255 2650 quidem
1278 2557 1398 2628 abste

315 2681 374 2773 qui
403 2679 436 2748 in
462 2677 630 2750 mittendo
651 2682 796 2751 multam
821 2677 1074 2751 solicitudinem
1097 2675 1265 2763 habuisti,
1288 2703 1309 2751 a
1331 2682 1398 2750 for·

316 2811 400 2872 tuna
420 2803 548 2895 potius,
565 2810 602 2872 ut
617 2802 694 2895 ipsa
711 2800 831 2872 dilatio
846 2799 1022 2900 desiderio
1043 2823 1122 2872 meo
1142 2804 1255 2873 calcar
1277 2823 1398 2873 munc-

314 2925 414 3014 rique
434 2923 659 3014 tungratiam
680 2925 884 2995 cumularet.
905 2925 972 2994 Pro
988 2946 1057 3017 quo
1076 2923 1137 2994 tibi
1154 2933 1272 3014 grates
1294 2924 1398 2994 meri·

316 3052 370 3114 tas
391 3043 533 3134 agendi,
560 3065 603 3112 ne
624 3047 712 3114 sorte
732 3053 835 3138 putes
870 3046 980 3142 quod·
996 3046 1100 3118 huius
1133 3047 1291 3140 epistolae
1316 3067 1399 3116 con-

318 3171 438 3233 textus
461 3175 521 3234 aut
541 3163 731 3236 diesunus
759 3166 905 3237 'modum
929 3176 1070 3250 statuat,
1093 3190 1163 3238 non
1183 3167 1289 3240 alium
1311 3167 1397 3238 scito

315 3279 420 3378 quam
436 3287 580 3380 legendi
599 3287 809 3383 vivendique
831 3287 935 3361 finem
966 3291 1048 3361 lore.
1069 3291 1165 3375 Vale,
1188 3292 1298 3363 nostri
1324 3313 1399 3362 me-

316 3427 401 3480 mor.
