3062 4798
407 387 501 437 LIBER
521 387 1005 442 snxrusuucrtlus.-nrrsrona
1026 393 1089 443 VIII.
1133 353 1138 359 a
1227 385 1286 448 389

93 577 100 590 .
203 534 393 620 expectare
405 548 512 619 cogar
526 530 579 600 vel
593 525 717 598 Iulium
736 530 789 599 vel
808 529 1045 601 Decembrem.
1064 529 1286 622 Digredimur

203 649 404 722 valedicto.
423 650 510 720 Tum
529 649 676 742 primum
696 649 790 724 sensi
811 650 869 722 uhi
887 672 1016 722 essem.
1035 652 1175 725 Interim
1193 653 1285 726 enim

204 771 354 844 durante
374 771 544 863 colloquio
565 773 686 844 Rornae
705 771 761 857 sui,
784 772 956 866 visusque
978 795 1056 844 sum
1078 775 1204 846 Metelli
1222 777 1287 848 Ce-

204 891 328 977 ciliam,
349 901 384 964 et
403 891 515 964 Fulvii
536 891 730 985 Sulpiciam,
752 903 788 964 et
807 892 951 966 Gracchi
974 895 1167 969 Corneliam
1189 899 1287 973 vide-

205 1035 259 1100 re,
281 1023 317 1084 et
336 1013 475 1086 Catonis
495 1013 665 1099 Martiam,
688 1025 724 1087 et
744 1017 916 1088 AEmiliam
937 1018 1089 1092 Africani
1110 1030 1286 1116 totamque

204 1136 298 1208 illam
327 1135 435 1207 aciem
463 1137 649 1208 illustrium
675 1149 831 1211 veterum
862 1139 1091 1222 seminarum;
1124 1143 1216 1230 sive,
1248 1155 1286 1217 ut

157 1323 159 1328 .
205 1259 466 1332 convenientius
492 1261 537 1332 ad
567 1283 640 1331 rem
667 1262 790 1354 loquar
818 1273 853 1334 et
878 1263 971 1334 aetati
997 1274 1129 1337 nostrae
1155 1267 1282 1360 aptius,

201 1387 379 1457 ¹Romanas
401 1383 528 1455 Christi
548 1383 705 1476 virgines
724 1387 888 1470 Priscam,
911 1388 1126 1475 Prassedem,
1149 1393 1286 1465 Puden-

206 1507 508 1590 tianam,Ceciliam
523 1519 558 1579 et
573 1506 755 1600 Agnetem.
770 1509 854 1581 Inde
868 1509 1060 1601 digressus
1075 1515 1153 1584 luce
1166 1517 1285 1609 proxi-

205 1652 262 1701 ma
286 1633 426 1702 fratrem
453 1627 534 1712 vidi,
563 1629 686 1713 virum,
714 1629 780 1701 nisi
807 1654 861 1702 me
888 1654 985 1703 amor
1010 1635 1106 1718 fallit,
1129 1638 1284 1710 omnium

204 1772 293 1847 quos
312 1750 445 1823 vidisse
464 1750 680 1821 meminerim
699 1749 788 1823 inter
808 1754 1019 1847 procellosas
1040 1756 1162 1828 mundi
1179 1759 1285 1830 mise·
1344 1791 1347 1798 ·

205 1874 275 1946 rias
298 1871 494 1944 lelioIssime
512 1873 745 1964 navigantem,
764 1873 867 1946 etsie
888 1897 908 1946 a
931 1879 1076 1949 terrenis
1097 1881 1281 1968 elevatum,

204 2003 308 2090 atque
329 1995 375 2066 ita
402 1995 624 2087 dispositum,
654 2004 690 2067 ut
711 2006 747 2067 et
766 1996 801 2067 in
822 1998 895 2067 vita
922 1997 1072 2070 bominis
1098 1999 1188 2072 illius
1210 2003 1284 2072 lau-

203 2121 306 2192 detur
326 2121 434 2202 Deus,
461 2128 496 2190 et
515 2139 582 2209 ego
606 2141 816 2211 quamquam
847 2120 1024 2212 proposito
1050 2122 1151 2212 longe
1173 2121 1283 2214 impar

203 2264 244 2315 ac
264 2241 432 2325 moribus,
461 2239 666 2313 erubescam
691 2241 832 2334 quidem
861 2243 905 2313 ab
932 2241 1052 2312 ultimo
1080 2243 1280 2336 praeveniri,

203 2366 373 2460 gaudeam
396 2374 512 2437 tamen
533 2385 573 2434 ac
594 2363 720 2454 glorier
740 2361 823 2432 mibi
851 2364 951 2434 talem
978 2364 1157 2456 sanguinis
1179 2374 1283 2460 atque

202 2487 291 2560 uteri
309 2487 418 2559 inisse
434 2494 642 2558 consortem.
658 2486 730 2556 lllio
748 2485 837 2556 inter
853 2507 1038 2575 germanos
1056 2485 1282 2580 quinquennii

202 2608 410 2702 postlmrlnio
431 2611 672 2681 reconiunotos
689 2609 831 2697 longum
849 2631 911 2701 pro
929 2617 1083 2701 tempore
1100 2609 1283 2702 cupidum-

202 2755 271 2825 que
289 2734 499 2826 colloquium
518 2733 603 2803 Iuit:
626 2735 734 2804 multa
754 2730 862 2803 ibide
883 2730 1016 2814 multis
1040 2731 1104 2802 sed
1124 2730 1168 2802 de
1189 2734 1282 2804 nullo

201 2857 426 2950 pluraquam
451 2855 495 2928 de
516 2857 623 2929 Laelio
649 2866 790 2939 nostr03
816 2854 965 2948 qualiter
990 2855 1125 2924 fortuna
1154 2864 1278 2936 tecum,
1318 2897 1323 2902 ·

200 2979 347 3070 qualiter
368 2989 404 3051 tu
427 3003 505 3052 oum
528 2980 593 3064 illa,
614 2979 699 3072 quid
719 3000 859 3072 ageres,
882 2977 941 3048 ubi
962 2997 1079 3059 esses,
1101 2997 1206 3068 quam
1228 2975 1282 3049 vi-

189 3112 247 3173 ·tae
268 3101 360 3174 viam
383 3103 591 3193 sequereris,
618 3102 703 3195 quid
723 3103 768 3173 de
793 3122 997 3195 progressu,
1031 3098 1115 3191 quid
1141 3099 1185 3172 de
1212 3097 1282 3170 fine

192 3222 416 3314 disponeres,
434 3245 539 3315 quam
558 3235 591 3294 te
608 3224 657 3294 tui
676 3224 822 3296 similem
840 3223 1039 3295 exhiberes.
1058 3222 1121 3293 Cui
1139 3244 1217 3294 cum
1235 3222 1281 3296 ad

201 3346 338 3439 singula
358 3343 627 3440 respondissem,
649 3345 816 3416 laetiorem
833 3367 939 3437 qnam
958 3344 1159 3416 inveneram
1178 3345 1279 3416 dimi-

202 3467 253 3539 si:
274 3490 379 3561 quam
403 3490 489 3542 vero
518 3476 551 3539 te
579 3467 715 3539 salvere
735 3466 852 3560 cupiat
878 3464 967 3537 scire
989 3476 1021 3537 te
1049 3464 1197 3541 arbitror
1223 3489 1279 3542 mo

203 3589 314 3663 tacito.
336 3592 430 3664 Vale.

343 3735 387 3791 Ad
402 3737 507 3792 sontem
522 3735 635 3808 Sergia,
651 3734 724 3790 VIII.
743 3733 990 3798 KalendasMalas.

704 4039 783 4048 ...-
