3024 4802
252 401 311 462 old
401 413 441 460 nn
464 409 565 459 annus
588 409 811 460 solunianunus
833 409 926 461 uranu
949 409 1199 461 nonusnnuruus

251 551 421 645 impellas
443 569 535 620 neve
561 547 658 641 quod
678 548 753 631 libi
776 549 807 620 si
830 567 998 676 sapores
996 565 1236 642 summopere
1260 569 1349 642 pro

250 671 544 756 videndumeral,
561 605 1140 798 honestissimumordlndnlquein
1156 673 1349 767 professus

250 819 304 882 εε,
328 817 434 889 supra
454 793 646 887 gloriosum
673 794 859 886 Augustini
883 779 1018 872 limen
1047 784 1106 866 'ol
1119 816 1237 866 sacras
1263 817 1349 866 ere-

252 917 378 990 milioae
399 919 483 988 vitae
503 917 647 990 delicias
674 919 863 990 mullorum
891 915 1135 1010 religiosorum
1160 919 1346 992 hominum

251 1041 440 1116 devotione
473 1040 595 1112 humili
629 1039 826 1123 fundatum,
854 1053 912 1112 tua
939 1042 1118 1137 tyrannica
1144 1054 1179 1114 el
1203 1041 1348 1114 urbana

252 1164 419 1262 superbia
432 1166 490 1237 vel
503 1164 681 1238 concutias
700 1167 757 1236 vel
775 1165 937 1236 infames:
952 1165 1018 1237 sed
1034 1185 1169 1238 memor
1180 1176 1257 1237 aslo
1271 1161 1347 1237 sub

251 1290 376 1363 eodem
398 1297 489 1362 teoto
510 1288 731 1362 venerabiles
757 1289 868 1382 ipsius
889 1287 1078 1380 Augustini
1104 1289 1268 1383 reliquias
1293 1295 1346 1362 le-

252 1435 331 1486 oum
359 1431 457 1498 esse,
483 1429 636 1506 eumque
663 1411 835 1484 solicitum
862 1412 918 1484 sui
944 1411 1077 1483 ordinis
1104 1421 1140 1483 el
1163 1423 1343 1484 amantem

253 1537 367 1630 fingas
402 1533 464 1608 libi
498 1555 638 1630 semper
671 1534 932 1628 imaginarium,
970 1547 1008 1606 ul
1035 1533 1175 1618 dieitur,
1212 1542 1343 1608 testem

252 1669 357 1753 alque
385 1657 548 1731 omnihus
569 1676 652 1753 quae
672 1658 828 1751 gesseris
854 1669 915 1730 aul
937 1653 1073 1728 dixeris
1105 1668 1167 1730 aul
1196 1651 1343 1728 demum
1396 1653 1399 1658 ‘

250 1781 478 1873 cogitaveris,
508 1779 691 1852 interesse.
715 1780 868 1852 Tandem
898 1780 1021 1852 timeus
1041 1788 1139 1850 taum
1160 1778 1229 1852 sub
1248 1791 1342 1851 teste

251 1920 397 1998 poooare
416 1912 522 1997 alque
543 1921 585 1974 eu
604 1903 822 1975 committere
839 1901 970 1996 quibus
990 1912 1026 1974 el
1045 1913 1128 1974 tuos
1150 1902 1208 1972 illa
1228 1899 1343 1973 domi-

252 2047 320 2097 nus
352 2047 394 2098 ao
427 2024 610 2118 magister,
645 2035 682 2096 el
713 2026 868 2099 omnium
900 2027 1069 2120 magisler
1101 2043 1143 2099 ao
1174 2023 1341 2098 dominus

253 2146 413 2222 Christus
433 2148 630 2223 offenditur.
652 2149 748 2221 Vale.

395 2279 554 2351 Mediolani,
570 2279 645 2336 vlll.
663 2279 726 2336 Kal.
742 2277 855 2354 Aprilis.

591 3220 665 3262 Flllls
683 3220 804 3264 SECUNDI
823 3220 989 3264 volumius.
