<?xml version="1.0" encoding="UTF-8"?>
<!DOCTYPE html PUBLIC "-//W3C//DTD XHTML 1.0 Transitional//EN"
    "http://www.w3.org/TR/xhtml1/DTD/xhtml1-transitional.dtd">
<html xmlns="http://www.w3.org/1999/xhtml" xml:lang="en" lang="en">
 <head>
  <title>
</title>
<meta http-equiv="Content-Type" content="text/html;charset=utf-8" />
  <meta name='ocr-system' content='tesseract 3.04.00' />
  <meta name='ocr-capabilities' content='ocr_page ocr_carea ocr_par ocr_line ocrx_word'/>
</head>
<body>
  <div class='ocr_page' id='page_1' title='image "./franciscipetrar01fracgoog_0078.png"; bbox 0 0 3002 4794; ppageno 0'>
   <div class='ocr_carea' id='block_1_1' title="bbox 426 337 1232 396">
    <p class='ocr_par' dir='ltr' id='par_1_1' title="bbox 426 337 1232 396">
     <span class='ocr_line' id='line_1_1' title="bbox 426 337 1232 396; baseline 0.006 -6"><span class='ocrx_word' id='word_1_1' title='bbox 426 343 517 390; x_wconf 80' lang='grc' dir='ltr'><strong>ιιιιιιιι</strong></span> <span class='ocrx_word' id='word_1_2' title='bbox 541 343 687 392; x_wconf 84' lang='lat' dir='ltr'>uucruus</span> <span class='ocrx_word' id='word_1_3' title='bbox 701 345 904 394; x_wconf 80' lang='lat' dir='ltr'>-srtsrotu</span> <span class='ocrx_word' id='word_1_4' title='bbox 926 347 968 395; x_wconf 94' lang='grc' dir='ltr'><strong>ιιι.</strong></span> <span class='ocrx_word' id='word_1_5' title='bbox 1196 337 1232 396; x_wconf 77' lang='lat' dir='ltr'>ou</span> 
     </span>
    </p>
   </div>
   <div class='ocr_carea' id='block_1_2' title="bbox 60 477 1250 3638">
    <p class='ocr_par' dir='ltr' id='par_1_2' title="bbox 60 477 1250 3638">
     <span class='ocr_line' id='line_1_2' title="bbox 147 477 1233 575; baseline 0.006 -26"><span class='ocrx_word' id='word_1_6' title='bbox 147 483 344 573; x_wconf 85' lang='lat' dir='ltr'>ingressus,</span> <span class='ocrx_word' id='word_1_7' title='bbox 365 478 532 570; x_wconf 80' lang='lat' dir='ltr'>angelicis</span> <span class='ocrx_word' id='word_1_8' title='bbox 559 477 701 550; x_wconf 88' lang='lat' dir='ltr'>assidue</span> <span class='ocrx_word' id='word_1_9' title='bbox 726 481 907 575; x_wconf 81' lang='lat' dir='ltr'>colloquiis</span> <span class='ocrx_word' id='word_1_10' title='bbox 933 483 1126 554; x_wconf 78' lang='lat' dir='ltr'>recrearis?</span> <span class='ocrx_word' id='word_1_11' title='bbox 1151 483 1233 556; x_wconf 83' lang='lat' dir='ltr'>felix</span> 
     </span>
     <span class='ocr_line' id='line_1_3' title="bbox 145 601 1234 697; baseline 0.003 -21"><span class='ocrx_word' id='word_1_12' title='bbox 145 603 251 676; x_wconf 90' lang='lat' dir='ltr'>animi</span> <span class='ocrx_word' id='word_1_13' title='bbox 265 606 534 694; x_wconf 75' lang='lat' dir='ltr'>fortunatusque</span> <span class='ocrx_word' id='word_1_14' title='bbox 547 601 723 697; x_wconf 78' lang='lat' dir='ltr'>propositi,</span> <span class='ocrx_word' id='word_1_15' title='bbox 742 601 801 695; x_wconf 90' lang='lat' dir='ltr'>qui</span> <span class='ocrx_word' id='word_1_16' title='bbox 816 603 982 675; x_wconf 90' lang='lat' dir='ltr'>muudum</span> <span class='ocrx_word' id='word_1_17' title='bbox 999 614 1068 675; x_wconf 85' lang='lat' dir='ltr'>tam</span> <span class='ocrx_word' id='word_1_18' title='bbox 1082 607 1234 680; x_wconf 85' lang='lat' dir='ltr'>maxime</span> 
     </span>
     <span class='ocr_line' id='line_1_4' title="bbox 147 723 1231 820; baseline 0.001 -24"><span class='ocrx_word' id='word_1_19' title='bbox 147 725 384 798; x_wconf 76' lang='lat' dir='ltr'>blandientem</span> <span class='ocrx_word' id='word_1_20' title='bbox 410 726 526 798; x_wconf 87' lang='lat' dir='ltr'>medio</span> <span class='ocrx_word' id='word_1_21' title='bbox 555 725 670 796; x_wconf 76' lang='lat' dir='ltr'>etatis</span> <span class='ocrx_word' id='word_1_22' title='bbox 702 725 786 797; x_wconf 89' lang='lat' dir='ltr'>flore</span> <span class='ocrx_word' id='word_1_23' title='bbox 813 723 864 796; x_wconf 88' lang='lat' dir='ltr'>sic</span> <span class='ocrx_word' id='word_1_24' title='bbox 889 747 1052 818; x_wconf 89' lang='lat' dir='ltr'>spernere</span> <span class='ocrx_word' id='word_1_25' title='bbox 1077 727 1231 820; x_wconf 89' lang='lat' dir='ltr'>potuisti,</span> 
     </span>
     <span class='ocr_line' id='line_1_5' title="bbox 146 845 1232 942; baseline 0.002 -26"><span class='ocrx_word' id='word_1_26' title='bbox 146 849 309 942; x_wconf 90' lang='lat' dir='ltr'>interque</span> <span class='ocrx_word' id='word_1_27' title='bbox 331 847 490 919; x_wconf 82' lang='lat' dir='ltr'>Sirenum</span> <span class='ocrx_word' id='word_1_28' title='bbox 514 869 620 920; x_wconf 88' lang='lat' dir='ltr'>voces</span> <span class='ocrx_word' id='word_1_29' title='bbox 640 845 820 918; x_wconf 88' lang='lat' dir='ltr'>obstructa</span> <span class='ocrx_word' id='word_1_30' title='bbox 841 856 936 918; x_wconf 92' lang='lat' dir='ltr'>tutus</span> <span class='ocrx_word' id='word_1_31' title='bbox 963 870 1047 918; x_wconf 88' lang='lat' dir='ltr'>aure</span> <span class='ocrx_word' id='word_1_32' title='bbox 1072 849 1232 921; x_wconf 91' lang='lat' dir='ltr'>transire.</span> 
     </span>
     <span class='ocr_line' id='line_1_6' title="bbox 144 970 1234 1064; baseline 0.001 -23"><span class='ocrx_word' id='word_1_33' title='bbox 144 973 233 1042; x_wconf 88' lang='lat' dir='ltr'>Dum</span> <span class='ocrx_word' id='word_1_34' title='bbox 254 993 325 1063; x_wconf 79' lang='lat' dir='ltr'>ego</span> <span class='ocrx_word' id='word_1_35' title='bbox 347 979 380 1041; x_wconf 93' lang='lat' dir='ltr'>te</span> <span class='ocrx_word' id='word_1_36' title='bbox 401 973 570 1064; x_wconf 92' lang='lat' dir='ltr'>alloquor,</span> <span class='ocrx_word' id='word_1_37' title='bbox 599 970 674 1062; x_wconf 88' lang='lat' dir='ltr'>ipse</span> <span class='ocrx_word' id='word_1_38' title='bbox 701 991 758 1042; x_wconf 91' lang='lat' dir='ltr'>res</span> <span class='ocrx_word' id='word_1_39' title='bbox 785 991 882 1042; x_wconf 86' lang='lat' dir='ltr'>meas</span> <span class='ocrx_word' id='word_1_40' title='bbox 909 992 990 1062; x_wconf 81' lang='lat' dir='ltr'>ago,</span> <span class='ocrx_word' id='word_1_41' title='bbox 1013 970 1043 1041; x_wconf 92' lang='lat' dir='ltr'>si</span> <span class='ocrx_word' id='word_1_42' title='bbox 1064 973 1151 1042; x_wconf 88' lang='lat' dir='ltr'>forte</span> <span class='ocrx_word' id='word_1_43' title='bbox 1177 973 1234 1044; x_wconf 90' lang='lat' dir='ltr'>vel</span> 
     </span>
     <span class='ocr_line' id='line_1_7' title="bbox 146 1093 1233 1188; baseline 0.003 -24"><span class='ocrx_word' id='word_1_44' title='bbox 146 1093 195 1165; x_wconf 92' lang='lat' dir='ltr'>sic</span> <span class='ocrx_word' id='word_1_45' title='bbox 218 1115 323 1166; x_wconf 85' lang='lat' dir='ltr'>sacro</span> <span class='ocrx_word' id='word_1_46' title='bbox 344 1094 459 1166; x_wconf 90' lang='lat' dir='ltr'>ardori</span> <span class='ocrx_word' id='word_1_47' title='bbox 481 1103 552 1177; x_wconf 93' lang='lat' dir='ltr'>tuo,</span> <span class='ocrx_word' id='word_1_48' title='bbox 576 1093 764 1166; x_wconf 85' lang='lat' dir='ltr'>admodum</span> <span class='ocrx_word' id='word_1_49' title='bbox 790 1105 930 1188; x_wconf 91' lang='lat' dir='ltr'>torpens</span> <span class='ocrx_word' id='word_1_50' title='bbox 955 1103 990 1164; x_wconf 91' lang='lat' dir='ltr'>ct</span> <span class='ocrx_word' id='word_1_51' title='bbox 1012 1097 1116 1186; x_wconf 78' lang='lat' dir='ltr'>longo</span> <span class='ocrx_word' id='word_1_52' title='bbox 1137 1098 1233 1188; x_wconf 80' lang='lat' dir='ltr'>gela-</span> 
     </span>
     <span class='ocr_line' id='line_1_8' title="bbox 148 1215 1232 1310; baseline 0.007 -27"><span class='ocrx_word' id='word_1_53' title='bbox 148 1223 218 1287; x_wconf 91' lang='lat' dir='ltr'>tum</span> <span class='ocrx_word' id='word_1_54' title='bbox 242 1215 315 1288; x_wconf 87' lang='lat' dir='ltr'>situ</span> <span class='ocrx_word' id='word_1_55' title='bbox 342 1219 582 1310; x_wconf 75' lang='lat' dir='ltr'>pectusculum</span> <span class='ocrx_word' id='word_1_56' title='bbox 609 1239 723 1288; x_wconf 92' lang='lat' dir='ltr'>meum</span> <span class='ocrx_word' id='word_1_57' title='bbox 750 1217 988 1290; x_wconf 86' lang='lat' dir='ltr'>incalesceret.</span> <span class='ocrx_word' id='word_1_58' title='bbox 1015 1218 1091 1289; x_wconf 85' lang='lat' dir='ltr'>Tibi</span> <span class='ocrx_word' id='word_1_59' title='bbox 1116 1229 1232 1291; x_wconf 90' lang='lat' dir='ltr'>autem</span> 
     </span>
     <span class='ocr_line' id='line_1_9' title="bbox 145 1339 1233 1436; baseline 0.002 -26"><span class='ocrx_word' id='word_1_60' title='bbox 145 1340 279 1410; x_wconf 84' lang='lat' dir='ltr'>clamor</span> <span class='ocrx_word' id='word_1_61' title='bbox 299 1362 416 1426; x_wconf 81' lang='lat' dir='ltr'>mene,</span> <span class='ocrx_word' id='word_1_62' title='bbox 439 1349 477 1410; x_wconf 89' lang='lat' dir='ltr'>ut</span> <span class='ocrx_word' id='word_1_63' title='bbox 494 1339 636 1411; x_wconf 89' lang='lat' dir='ltr'>minime</span> <span class='ocrx_word' id='word_1_64' title='bbox 653 1339 759 1424; x_wconf 89' lang='lat' dir='ltr'>utilis,</span> <span class='ocrx_word' id='word_1_65' title='bbox 784 1339 834 1411; x_wconf 89' lang='lat' dir='ltr'>sic</span> <span class='ocrx_word' id='word_1_66' title='bbox 854 1339 994 1412; x_wconf 89' lang='lat' dir='ltr'>minime</span> <span class='ocrx_word' id='word_1_67' title='bbox 1014 1341 1233 1436; x_wconf 90' lang='lat' dir='ltr'>importunus</span> 
     </span>
     <span class='ocr_line' id='line_1_10' title="bbox 144 1461 1232 1556; baseline 0.003 -22"><span class='ocrx_word' id='word_1_68' title='bbox 144 1483 224 1534; x_wconf 87' lang='lat' dir='ltr'>esse</span> <span class='ocrx_word' id='word_1_69' title='bbox 241 1461 396 1535; x_wconf 88' lang='lat' dir='ltr'>debebit.</span> <span class='ocrx_word' id='word_1_70' title='bbox 418 1463 540 1556; x_wconf 89' lang='lat' dir='ltr'>Neque</span> <span class='ocrx_word' id='word_1_71' title='bbox 559 1462 651 1534; x_wconf 88' lang='lat' dir='ltr'>enirn</span> <span class='ocrx_word' id='word_1_72' title='bbox 672 1461 745 1546; x_wconf 92' lang='lat' dir='ltr'>tiro,</span> <span class='ocrx_word' id='word_1_73' title='bbox 767 1471 806 1532; x_wconf 91' lang='lat' dir='ltr'>ut</span> <span class='ocrx_word' id='word_1_74' title='bbox 823 1462 914 1546; x_wconf 93' lang='lat' dir='ltr'>olim,</span> <span class='ocrx_word' id='word_1_75' title='bbox 938 1462 999 1534; x_wconf 86' lang='lat' dir='ltr'>sed</span> <span class='ocrx_word' id='word_1_76' title='bbox 1017 1463 1146 1534; x_wconf 81' lang='lat' dir='ltr'>Christi</span> <span class='ocrx_word' id='word_1_77' title='bbox 1165 1465 1232 1536; x_wconf 87' lang='lat' dir='ltr'>iam</span> 
     </span>
     <span class='ocr_line' id='line_1_11' title="bbox 146 1583 1232 1678; baseline 0.003 -24"><span class='ocrx_word' id='word_1_78' title='bbox 146 1585 244 1656; x_wconf 91' lang='lat' dir='ltr'>miles</span> <span class='ocrx_word' id='word_1_79' title='bbox 268 1607 324 1669; x_wconf 90' lang='lat' dir='ltr'>es,</span> <span class='ocrx_word' id='word_1_80' title='bbox 345 1587 446 1676; x_wconf 83' lang='lat' dir='ltr'>longa</span> <span class='ocrx_word' id='word_1_81' title='bbox 467 1584 588 1655; x_wconf 90' lang='lat' dir='ltr'>militia</span> <span class='ocrx_word' id='word_1_82' title='bbox 614 1583 793 1678; x_wconf 90' lang='lat' dir='ltr'>probatus.</span> <span class='ocrx_word' id='word_1_83' title='bbox 815 1584 951 1656; x_wconf 87' lang='lat' dir='ltr'>Gratias</span> <span class='ocrx_word' id='word_1_84' title='bbox 972 1585 1032 1669; x_wconf 91' lang='lat' dir='ltr'>illi,</span> <span class='ocrx_word' id='word_1_85' title='bbox 1056 1584 1117 1678; x_wconf 90' lang='lat' dir='ltr'>qui</span> <span class='ocrx_word' id='word_1_86' title='bbox 1137 1593 1232 1657; x_wconf 83' lang='lat' dir='ltr'>tauto</span> 
     </span>
     <span class='ocr_line' id='line_1_12' title="bbox 147 1699 1250 1798; baseline 0.001 -22"><span class='ocrx_word' id='word_1_87' title='bbox 147 1706 280 1791; x_wconf 88' lang='lat' dir='ltr'>honore</span> <span class='ocrx_word' id='word_1_88' title='bbox 302 1706 482 1798; x_wconf 81' lang='lat' dir='ltr'>diguatus,</span> <span class='ocrx_word' id='word_1_89' title='bbox 509 1715 557 1790; x_wconf 92' lang='lat' dir='ltr'>et,</span> <span class='ocrx_word' id='word_1_90' title='bbox 585 1716 624 1777; x_wconf 90' lang='lat' dir='ltr'>ut</span> <span class='ocrx_word' id='word_1_91' title='bbox 650 1725 744 1798; x_wconf 88' lang='lat' dir='ltr'>saepe</span> <span class='ocrx_word' id='word_1_92' title='bbox 764 1705 865 1791; x_wconf 87' lang='lat' dir='ltr'>alias,</span> <span class='ocrx_word' id='word_1_93' title='bbox 887 1727 933 1778; x_wconf 83' lang='lat' dir='ltr'>ex</span> <span class='ocrx_word' id='word_1_94' title='bbox 955 1707 1095 1798; x_wconf 81' lang='lat' dir='ltr'>agmine</span> <span class='ocrx_word' id='word_1_95' title='bbox 1117 1699 1250 1780; x_wconf 76' lang='lat' dir='ltr'>medio&#39;</span> 
     </span>
     <span class='ocr_line' id='line_1_13' title="bbox 145 1827 1231 1924; baseline 0.002 -26"><span class='ocrx_word' id='word_1_96' title='bbox 145 1828 376 1900; x_wconf 88' lang='lat' dir='ltr'>adversarum</span> <span class='ocrx_word' id='word_1_97' title='bbox 395 1827 544 1923; x_wconf 90' lang='lat' dir='ltr'>partium</span> <span class='ocrx_word' id='word_1_98' title='bbox 563 1829 734 1920; x_wconf 79' lang='lat' dir='ltr'>insignem</span> <span class='ocrx_word' id='word_1_99' title='bbox 755 1831 970 1922; x_wconf 79' lang='lat' dir='ltr'>transfugam</span> <span class='ocrx_word' id='word_1_100' title='bbox 986 1830 1031 1901; x_wconf 91' lang='lat' dir='ltr'>ud</span> <span class='ocrx_word' id='word_1_101' title='bbox 1050 1853 1114 1902; x_wconf 88' lang='lat' dir='ltr'>sua</span> <span class='ocrx_word' id='word_1_102' title='bbox 1132 1831 1231 1924; x_wconf 81' lang='lat' dir='ltr'>signu</span> 
     </span>
     <span class='ocr_line' id='line_1_14' title="bbox 145 1951 1231 2048; baseline 0.004 -26"><span class='ocrx_word' id='word_1_103' title='bbox 145 1952 327 2024; x_wconf 88' lang='lat' dir='ltr'>convertit.</span> <span class='ocrx_word' id='word_1_104' title='bbox 348 1953 448 2022; x_wconf 92' lang='lat' dir='ltr'>Prius</span> <span class='ocrx_word' id='word_1_105' title='bbox 470 1973 556 2044; x_wconf 80' lang='lat' dir='ltr'>ergo</span> <span class='ocrx_word' id='word_1_106' title='bbox 577 1951 726 2023; x_wconf 90' lang='lat' dir='ltr'>verebar</span> <span class='ocrx_word' id='word_1_107' title='bbox 750 1953 1018 2048; x_wconf 89' lang='lat' dir='ltr'>intempestivas</span> <span class='ocrx_word' id='word_1_108' title='bbox 1040 1955 1231 2034; x_wconf 74' lang='lat' dir='ltr'>tibiuoces</span> 
     </span>
     <span class='ocr_line' id='line_1_15' title="bbox 60 2071 1229 2168; baseline 0.003 -28"><span class='ocrx_word' id='word_1_109' title='bbox 60 2149 62 2152; x_wconf 51' lang='grc'><strong>,</strong></span> <span class='ocrx_word' id='word_1_110' title='bbox 144 2071 318 2164; x_wconf 80' lang='lat' dir='ltr'>ingerere,</span> <span class='ocrx_word' id='word_1_111' title='bbox 340 2073 505 2166; x_wconf 85' lang='lat' dir='ltr'>deinceps</span> <span class='ocrx_word' id='word_1_112' title='bbox 532 2095 679 2144; x_wconf 89' lang='lat' dir='ltr'>securus</span> <span class='ocrx_word' id='word_1_113' title='bbox 701 2081 735 2144; x_wconf 91' lang='lat' dir='ltr'>te</span> <span class='ocrx_word' id='word_1_114' title='bbox 761 2095 922 2144; x_wconf 88' lang='lat' dir='ltr'>securum</span> <span class='ocrx_word' id='word_1_115' title='bbox 950 2075 1025 2168; x_wconf 90' lang='lat' dir='ltr'>ipse</span> <span class='ocrx_word' id='word_1_116' title='bbox 1050 2077 1229 2167; x_wconf 90' lang='lat' dir='ltr'>compello.</span> 
     </span>
     <span class='ocr_line' id='line_1_16' title="bbox 144 2194 1230 2289; baseline 0.003 -26"><span class='ocrx_word' id='word_1_117' title='bbox 144 2195 395 2289; x_wconf 87' lang='lat' dir='ltr'>incipientibus</span> <span class='ocrx_word' id='word_1_118' title='bbox 428 2196 651 2267; x_wconf 89' lang='lat' dir='ltr'>formidolosa</span> <span class='ocrx_word' id='word_1_119' title='bbox 678 2204 761 2266; x_wconf 92' lang='lat' dir='ltr'>suut</span> <span class='ocrx_word' id='word_1_120' title='bbox 785 2194 916 2266; x_wconf 90' lang='lat' dir='ltr'>omnia:</span> <span class='ocrx_word' id='word_1_121' title='bbox 943 2217 1024 2288; x_wconf 88' lang='lat' dir='ltr'>quae</span> <span class='ocrx_word' id='word_1_122' title='bbox 1052 2195 1230 2268; x_wconf 88' lang='lat' dir='ltr'>timuimus</span> 
     </span>
     <span class='ocr_line' id='line_1_17' title="bbox 143 2317 1230 2412; baseline 0.001 -24"><span class='ocrx_word' id='word_1_123' title='bbox 143 2317 253 2412; x_wconf 90' lang='lat' dir='ltr'>puori,</span> <span class='ocrx_word' id='word_1_124' title='bbox 282 2319 523 2390; x_wconf 86' lang='lat' dir='ltr'>adolescentes</span> <span class='ocrx_word' id='word_1_125' title='bbox 543 2318 696 2389; x_wconf 90' lang='lat' dir='ltr'>risimus.</span> <span class='ocrx_word' id='word_1_126' title='bbox 730 2317 872 2389; x_wconf 88' lang='lat' dir='ltr'>lllilitem</span> <span class='ocrx_word' id='word_1_127' title='bbox 901 2317 1120 2412; x_wconf 79' lang='lat' dir='ltr'>inexpertum</span> <span class='ocrx_word' id='word_1_128' title='bbox 1142 2329 1230 2390; x_wconf 88' lang='lat' dir='ltr'>stra-</span> 
     </span>
     <span class='ocr_line' id='line_1_18' title="bbox 142 2439 1230 2534; baseline 0.003 -26"><span class='ocrx_word' id='word_1_129' title='bbox 142 2439 234 2532; x_wconf 90' lang='lat' dir='ltr'>pitus</span> <span class='ocrx_word' id='word_1_130' title='bbox 253 2441 369 2512; x_wconf 93' lang='lat' dir='ltr'>omnis</span> <span class='ocrx_word' id='word_1_131' title='bbox 388 2441 578 2523; x_wconf 64' lang='lat' dir='ltr'>exanimat</span> <span class='ocrx_word' id='word_1_132' title='bbox 599 2439 745 2512; x_wconf 90' lang='lat' dir='ltr'>duratus</span> <span class='ocrx_word' id='word_1_133' title='bbox 766 2439 867 2511; x_wconf 90' lang='lat' dir='ltr'>bellis</span> <span class='ocrx_word' id='word_1_134' title='bbox 884 2442 978 2512; x_wconf 90' lang='lat' dir='ltr'>nullo</span> <span class='ocrx_word' id='word_1_135' title='bbox 993 2443 1132 2534; x_wconf 79' lang='lat' dir='ltr'>fragore</span> <span class='ocrx_word' id='word_1_136' title='bbox 1149 2462 1230 2513; x_wconf 77' lang='lat' dir='ltr'>eon-</span> 
     </span>
     <span class='ocr_line' id='line_1_19' title="bbox 143 2561 1228 2656; baseline -0.001 -22"><span class='ocrx_word' id='word_1_137' title='bbox 143 2565 283 2635; x_wconf 89' lang='lat' dir='ltr'>cutitur:</span> <span class='ocrx_word' id='word_1_138' title='bbox 307 2561 404 2634; x_wconf 90' lang='lat' dir='ltr'>rudis</span> <span class='ocrx_word' id='word_1_139' title='bbox 422 2571 527 2634; x_wconf 91' lang='lat' dir='ltr'>nauta</span> <span class='ocrx_word' id='word_1_140' title='bbox 545 2563 655 2656; x_wconf 94' lang='lat' dir='ltr'>primo</span> <span class='ocrx_word' id='word_1_141' title='bbox 672 2574 857 2635; x_wconf 91' lang='lat' dir='ltr'>ventorum</span> <span class='ocrx_word' id='word_1_142' title='bbox 873 2585 1050 2635; x_wconf 92' lang='lat' dir='ltr'>murmure</span> <span class='ocrx_word' id='word_1_143' title='bbox 1062 2571 1228 2651; x_wconf 86' lang='lat' dir='ltr'>terratur;</span> 
     </span>
     <span class='ocr_line' id='line_1_20' title="bbox 143 2685 1230 2778; baseline 0.002 -21"><span class='ocrx_word' id='word_1_144' title='bbox 143 2685 356 2778; x_wconf 83' lang='lat' dir='ltr'>gubernator</span> <span class='ocrx_word' id='word_1_145' title='bbox 377 2685 553 2778; x_wconf 81' lang='lat' dir='ltr'>antiquae,</span> <span class='ocrx_word' id='word_1_146' title='bbox 587 2685 646 2778; x_wconf 92' lang='lat' dir='ltr'>qui</span> <span class='ocrx_word' id='word_1_147' title='bbox 672 2686 800 2756; x_wconf 89' lang='lat' dir='ltr'>totiens</span> <span class='ocrx_word' id='word_1_148' title='bbox 827 2686 1044 2758; x_wconf 89' lang='lat' dir='ltr'>fatiscentem</span> <span class='ocrx_word' id='word_1_149' title='bbox 1065 2695 1101 2756; x_wconf 91' lang='lat' dir='ltr'>et</span> <span class='ocrx_word' id='word_1_150' title='bbox 1125 2708 1230 2759; x_wconf 80' lang='lat' dir='ltr'>exar-</span> 
     </span>
     <span class='ocr_line' id='line_1_21' title="bbox 142 2806 1229 2903; baseline 0.003 -26"><span class='ocrx_word' id='word_1_151' title='bbox 142 2817 272 2880; x_wconf 89' lang='lat' dir='ltr'>matam</span> <span class='ocrx_word' id='word_1_152' title='bbox 307 2808 450 2903; x_wconf 93' lang='lat' dir='ltr'>puppim</span> <span class='ocrx_word' id='word_1_153' title='bbox 484 2806 649 2900; x_wconf 87' lang='lat' dir='ltr'>perduxit</span> <span class='ocrx_word' id='word_1_154' title='bbox 668 2808 703 2876; x_wconf 92' lang='lat' dir='ltr'>iu</span> <span class='ocrx_word' id='word_1_155' title='bbox 726 2818 875 2900; x_wconf 90' lang='lat' dir='ltr'>portum,</span> <span class='ocrx_word' id='word_1_156' title='bbox 910 2829 958 2879; x_wconf 87' lang='lat' dir='ltr'>ex</span> <span class='ocrx_word' id='word_1_157' title='bbox 988 2811 1058 2878; x_wconf 91' lang='lat' dir='ltr'>alto</span> <span class='ocrx_word' id='word_1_158' title='bbox 1082 2807 1229 2901; x_wconf 89' lang='lat' dir='ltr'>despicit</span> 
     </span>
     <span class='ocr_line' id='line_1_22' title="bbox 141 2930 1228 3026; baseline 0.002 -26"><span class='ocrx_word' id='word_1_159' title='bbox 141 2931 268 3004; x_wconf 86' lang='lat' dir='ltr'>iratum</span> <span class='ocrx_word' id='word_1_160' title='bbox 289 2953 398 3002; x_wconf 88' lang='lat' dir='ltr'>marc.</span> <span class='ocrx_word' id='word_1_161' title='bbox 419 2932 527 3026; x_wconf 88' lang='lat' dir='ltr'>Spero</span> <span class='ocrx_word' id='word_1_162' title='bbox 547 2941 664 3002; x_wconf 91' lang='lat' dir='ltr'>autem</span> <span class='ocrx_word' id='word_1_163' title='bbox 685 2930 720 3002; x_wconf 94' lang='lat' dir='ltr'>in</span> <span class='ocrx_word' id='word_1_164' title='bbox 741 2932 814 3016; x_wconf 89' lang='lat' dir='ltr'>illc,</span> <span class='ocrx_word' id='word_1_165' title='bbox 837 2931 897 3024; x_wconf 91' lang='lat' dir='ltr'>qui</span> <span class='ocrx_word' id='word_1_166' title='bbox 917 2939 953 3001; x_wconf 89' lang='lat' dir='ltr'>te</span> <span class='ocrx_word' id='word_1_167' title='bbox 974 2930 1019 3002; x_wconf 93' lang='lat' dir='ltr'>ab</span> <span class='ocrx_word' id='word_1_168' title='bbox 1039 2940 1138 3001; x_wconf 89' lang='lat' dir='ltr'>utero</span> <span class='ocrx_word' id='word_1_169' title='bbox 1154 2952 1228 3002; x_wconf 84' lang='lat' dir='ltr'>ma-</span> 
     </span>
     <span class='ocr_line' id='line_1_23' title="bbox 142 3054 1228 3147; baseline 0 -21"><span class='ocrx_word' id='word_1_170' title='bbox 142 3055 202 3126; x_wconf 93' lang='lat' dir='ltr'>tris</span> <span class='ocrx_word' id='word_1_171' title='bbox 229 3063 315 3138; x_wconf 86' lang='lat' dir='ltr'>tuae,</span> <span class='ocrx_word' id='word_1_172' title='bbox 343 3055 388 3126; x_wconf 91' lang='lat' dir='ltr'>ad</span> <span class='ocrx_word' id='word_1_173' title='bbox 408 3055 474 3125; x_wconf 89' lang='lat' dir='ltr'>hcc</span> <span class='ocrx_word' id='word_1_174' title='bbox 501 3054 710 3128; x_wconf 86' lang='lat' dir='ltr'>laboriosum</span> <span class='ocrx_word' id='word_1_175' title='bbox 736 3067 830 3128; x_wconf 89' lang='lat' dir='ltr'>certe</span> <span class='ocrx_word' id='word_1_176' title='bbox 857 3057 919 3127; x_wconf 91' lang='lat' dir='ltr'>sad</span> <span class='ocrx_word' id='word_1_177' title='bbox 946 3055 1136 3147; x_wconf 80' lang='lat' dir='ltr'>gloriosum</span> <span class='ocrx_word' id='word_1_178' title='bbox 1162 3057 1228 3128; x_wconf 90' lang='lat' dir='ltr'>iter</span> 
     </span>
     <span class='ocr_line' id='line_1_24' title="bbox 140 3177 1226 3272; baseline 0.001 -24"><span class='ocrx_word' id='word_1_179' title='bbox 140 3177 346 3270; x_wconf 89' lang='lat' dir='ltr'>assumpsit,</span> <span class='ocrx_word' id='word_1_180' title='bbox 370 3186 408 3247; x_wconf 92' lang='lat' dir='ltr'>ut</span> <span class='ocrx_word' id='word_1_181' title='bbox 432 3178 635 3270; x_wconf 89' lang='lat' dir='ltr'>pervarias</span> <span class='ocrx_word' id='word_1_182' title='bbox 661 3178 881 3250; x_wconf 85' lang='lat' dir='ltr'>difficultates</span> <span class='ocrx_word' id='word_1_183' title='bbox 908 3189 1002 3251; x_wconf 91' lang='lat' dir='ltr'>tutus</span> <span class='ocrx_word' id='word_1_184' title='bbox 1024 3179 1058 3248; x_wconf 94' lang='lat' dir='ltr'>in</span> <span class='ocrx_word' id='word_1_185' title='bbox 1080 3177 1226 3272; x_wconf 90' lang='lat' dir='ltr'>patriam</span> 
     </span>
     <span class='ocr_line' id='line_1_25' title="bbox 140 3298 1224 3396; baseline -0.002 -24"><span class='ocrx_word' id='word_1_186' title='bbox 140 3299 363 3394; x_wconf 87' lang='lat' dir='ltr'>pervenires:</span> <span class='ocrx_word' id='word_1_187' title='bbox 381 3300 476 3393; x_wconf 92' lang='lat' dir='ltr'>quod</span> <span class='ocrx_word' id='word_1_188' title='bbox 490 3302 582 3372; x_wconf 92' lang='lat' dir='ltr'>nulla</span> <span class='ocrx_word' id='word_1_189' title='bbox 601 3309 635 3372; x_wconf 91' lang='lat' dir='ltr'>te</span> <span class='ocrx_word' id='word_1_190' title='bbox 649 3299 797 3396; x_wconf 89' lang='lat' dir='ltr'>amplius</span> <span class='ocrx_word' id='word_1_191' title='bbox 811 3321 927 3372; x_wconf 92' lang='lat' dir='ltr'>rerum</span> <span class='ocrx_word' id='word_1_192' title='bbox 942 3301 1047 3373; x_wconf 89' lang='lat' dir='ltr'>facies</span> <span class='ocrx_word' id='word_1_193' title='bbox 1062 3298 1224 3384; x_wconf 84' lang='lat' dir='ltr'>movebit,</span> 
     </span>
     <span class='ocr_line' id='line_1_26' title="bbox 140 3421 1225 3507; baseline 0.001 -17"><span class='ocrx_word' id='word_1_194' title='bbox 140 3443 206 3491; x_wconf 92' lang='lat' dir='ltr'>non</span> <span class='ocrx_word' id='word_1_195' title='bbox 238 3425 367 3506; x_wconf 72' lang='lat' dir='ltr'>luctus</span> <span class='ocrx_word' id='word_1_196' title='bbox 395 3444 464 3493; x_wconf 94' lang='lat' dir='ltr'>non</span> <span class='ocrx_word' id='word_1_197' title='bbox 490 3440 600 3507; x_wconf 84' lang='lat' dir='ltr'>curae,</span> <span class='ocrx_word' id='word_1_198' title='bbox 623 3443 692 3494; x_wconf 93' lang='lat' dir='ltr'>nou</span> <span class='ocrx_word' id='word_1_199' title='bbox 714 3421 837 3506; x_wconf 89' lang='lat' dir='ltr'>morbi,</span> <span class='ocrx_word' id='word_1_200' title='bbox 860 3443 928 3494; x_wconf 94' lang='lat' dir='ltr'>non</span> <span class='ocrx_word' id='word_1_201' title='bbox 957 3432 1133 3505; x_wconf 88' lang='lat' dir='ltr'>senectus,</span> <span class='ocrx_word' id='word_1_202' title='bbox 1157 3443 1225 3492; x_wconf 96' lang='lat' dir='ltr'>nou</span> 
     </span>
     <span class='ocr_line' id='line_1_27' title="bbox 138 3546 772 3638; baseline 0 -22"><span class='ocrx_word' id='word_1_203' title='bbox 138 3555 270 3634; x_wconf 86' lang='lat' dir='ltr'>matus,</span> <span class='ocrx_word' id='word_1_204' title='bbox 294 3567 364 3616; x_wconf 94' lang='lat' dir='ltr'>non</span> <span class='ocrx_word' id='word_1_205' title='bbox 381 3546 503 3630; x_wconf 89' lang='lat' dir='ltr'>fames,</span> <span class='ocrx_word' id='word_1_206' title='bbox 526 3567 596 3616; x_wconf 91' lang='lat' dir='ltr'>non</span> <span class='ocrx_word' id='word_1_207' title='bbox 617 3555 772 3638; x_wconf 78' lang='lat' dir='ltr'>egestae,</span> 
     </span>
    </p>
   </div>
   <div class='ocr_carea' id='block_1_3' title="bbox 299 3727 1065 3809">
    <p class='ocr_par' dir='ltr' id='par_1_3' title="bbox 299 3727 1065 3809">
     <span class='ocr_line' id='line_1_28' title="bbox 299 3727 1065 3809; baseline -0.001 -19"><span class='ocrx_word' id='word_1_208' title='bbox 299 3727 464 3792; x_wconf 77' lang='lat' dir='ltr'>terribiles</span> <span class='ocrx_word' id='word_1_209' title='bbox 482 3728 552 3792; x_wconf 87' lang='lat' dir='ltr'>visu</span> <span class='ocrx_word' id='word_1_210' title='bbox 568 3729 692 3807; x_wconf 88' lang='lat' dir='ltr'>formae,</span> <span class='ocrx_word' id='word_1_211' title='bbox 711 3729 888 3809; x_wconf 90' lang='lat' dir='ltr'>lethumque</span> <span class='ocrx_word' id='word_1_212' title='bbox 904 3729 1050 3808; x_wconf 84' lang='lat' dir='ltr'>laborque</span> <span class='ocrx_word' id='word_1_213' title='bbox 1056 3749 1065 3802; x_wconf 81' lang='lat'><em>3</em></span> 
     </span>
    </p>
   </div>
   <div class='ocr_carea' id='block_1_4' title="bbox 136 3921 548 4016">
    <p class='ocr_par' dir='ltr' id='par_1_4' title="bbox 136 3921 548 4016">
     <span class='ocr_line' id='line_1_29' title="bbox 136 3921 548 4016; baseline -0.002 -21"><span class='ocrx_word' id='word_1_214' title='bbox 136 3933 315 4016; x_wconf 90' lang='lat' dir='ltr'>postremo</span> <span class='ocrx_word' id='word_1_215' title='bbox 333 3943 403 3992; x_wconf 95' lang='lat' dir='ltr'>non</span> <span class='ocrx_word' id='word_1_216' title='bbox 424 3921 548 4014; x_wconf 83' lang='lat' dir='ltr'>ingens</span> 
     </span>
    </p>
   </div>
   <div class='ocr_carea' id='block_1_5' title="bbox 298 4055 1050 4240">
    <p class='ocr_par' dir='ltr' id='par_1_5' title="bbox 298 4055 1050 4240">
     <span class='ocr_line' id='line_1_30' title="bbox 783 4055 982 4120; baseline -0.005 -1"><span class='ocrx_word' id='word_1_217' title='bbox 783 4058 893 4120; x_wconf 89' lang='lat' dir='ltr'>ianitor</span> <span class='ocrx_word' id='word_1_218' title='bbox 911 4055 982 4120; x_wconf 89' lang='lat' dir='ltr'>Orci</span> 
     </span>
     <span class='ocr_line' id='line_1_31' title="bbox 298 4162 1050 4240; baseline 0.001 -13"><span class='ocrx_word' id='word_1_219' title='bbox 298 4163 372 4227; x_wconf 84' lang='lat' dir='ltr'>Ossa</span> <span class='ocrx_word' id='word_1_220' title='bbox 392 4175 485 4240; x_wconf 86' lang='lat' dir='ltr'>super</span> <span class='ocrx_word' id='word_1_221' title='bbox 501 4162 650 4226; x_wconf 87' lang='lat' dir='ltr'>recubans</span> <span class='ocrx_word' id='word_1_222' title='bbox 668 4169 755 4226; x_wconf 83' lang='lat' dir='ltr'>anuo</span> <span class='ocrx_word' id='word_1_223' title='bbox 772 4177 889 4227; x_wconf 86' lang='lat' dir='ltr'>semesa</span> <span class='ocrx_word' id='word_1_224' title='bbox 906 4168 1033 4228; x_wconf 87' lang='lat' dir='ltr'>cruento</span> <span class='ocrx_word' id='word_1_225' title='bbox 1042 4186 1050 4238; x_wconf 89' lang='lat'>;</span> 
     </span>
    </p>
   </div>
   <div class='ocr_carea' id='block_1_6' title="bbox 0 0 1506 4794">
    <p class='ocr_par' dir='ltr' id='par_1_6' title="bbox 0 0 1506 4794">
     <span class='ocr_line' id='line_1_32' title="bbox 0 0 1506 4794; baseline 0 3"><span class='ocrx_word' id='word_1_226' title='bbox 0 0 1506 4794; x_wconf 95' lang='lat' dir='ltr'> </span> 
     </span>
    </p>
   </div>
  </div>
 </body>
</html>
