2988 4800
259 349 313 409 184
591 362 630 408 uu
652 360 753 408 arnus
775 359 996 408 suururturnus

254 498 419 592 pendum,
434 496 526 588 quod
544 519 623 566 eum
642 497 729 566 inter
747 505 887 567 sanctos
903 505 939 566 et
956 496 1154 578 historicos,
1174 497 1328 590 interque

253 621 476 716 philosophos
497 628 533 690 et
552 628 674 713 poetas
695 618 950 689 nobilissimum
977 619 1061 690 illud
1087 627 1183 690 tuum
1210 641 1329 691 versa-

204 795 207 803 .
254 748 349 809 retur
368 737 544 828 ingenium
560 735 666 829 (tanta
687 736 741 806 vis
761 736 889 806 amoris
906 733 982 828 est),
1002 738 1178 828 opuscula,
1199 736 1276 807 sive
1293 749 1330 806 ut

253 861 364 931 dicam
386 859 518 942 verius,
539 879 651 949 nugas
672 879 768 927 meas
790 855 957 946 singulari
979 857 1130 948 quodam
1155 857 1329 929 desiderio

252 981 437 1072 flagitares.
460 982 589 1051 Verum
616 980 663 1049 ita
688 988 742 1048 est
767 986 902 1062 natura,
934 988 972 1048 ut
1004 978 1249 1049 vehementius
1270 1001 1329 1050 no·

252 1115 344 1176 stros
364 1104 554 1184 deformes,
574 1123 679 1194 quam
697 1102 828 1171 alienos
846 1102 1016 1171 formosos
1030 1099 1117 1170 filios
1132 1100 1327 1193 diligamus,

250 1249 314 1296 neo
334 1226 449 1318 inepte
479 1225 523 1296 ab
546 1225 712 1296 illaudato
736 1225 815 1294 lieet
848 1233 948 1317 poeta
981 1224 1111 1294 dictum
1137 1234 1214 1294 est:
1235 1248 1330 1294 soom

252 1351 366 1439 oot'qoe
386 1370 553 1440 sponsam,
575 1349 657 1416 otoo·
675 1369 800 1428 mooun
820 1369 915 1416 soom
937 1349 1051 1438 coique
1072 1371 1225 1433 umorem,
1249 1350 1332 1418 mibi

250 1493 368 1540 meum.
387 1471 439 1541 Tu
459 1491 598 1563 quoque
619 1493 721 1553 nuno,
741 1478 839 1562 pater
856 1469 998 1561 optime,
1018 1469 1052 1539 in
1069 1469 1195 1541 iudicio
1212 1493 1329 1541 rerum

251 1617 406 1666 mearum
428 1614 497 1663 non
517 1592 596 1686 quis
613 1613 680 1683 ego
697 1592 778 1675 sim,
803 1592 866 1662 sed
885 1615 990 1686 quem
1012 1603 1048 1663 tu
1068 1593 1257 1677 coniectas,
1278 1606 1330 1665 at-

251 1717 376 1788 tendis.
400 1718 489 1786 Sane
510 1714 605 1807 quod
625 1715 759 1804 aliquos
781 1737 828 1785 ex
849 1713 973 1785 libellis
990 1716 1190 1786 memoratis
1208 1725 1330 1810 optare

251 1851 296 1920 te,
320 1837 382 1907 sed
403 1836 539 1906 iniussu
566 1856 643 1906 meo
663 1837 755 1906 nolle
775 1857 836 1907 eos
854 1848 1046 1928 asportare,
1070 1838 1207 1908 villicus
1228 1861 1329 1910 meus

251 1961 368 2043 refert,
391 1957 632 2052 nescioquem
654 1966 827 2052 torporem
850 1957 964 2030 ardori
987 1971 1046 2030 tuo
1072 1947 1220 2031 mixtum
1241 1960 1330 2032 indi-

250 2094 315 2153 eat.
342 2082 452 2165 Utere,
474 2102 607 2173 quaeso,
629 2080 665 2150 in
683 2101 753 2163 me,
776 2081 880 2173 inque
901 2081 989 2152 meis
1009 2082 1136 2152 reculis
1161 2082 1237 2154 iure
1259 2093 1328 2155 tuo.

249 2208 430 2275 Postremo
447 2205 606 2289 noveriS,
635 2225 691 2274 me
716 2226 934 2274 communem
954 2204 1134 2275 dominum
1154 2204 1329 2279 Albanen-

251 2351 324 2399 sem
343 2351 422 2400 eum
440 2327 509 2398 tuis
533 2327 656 2398 litteris
674 2327 812 2398 adiisse.
832 2327 938 2399 Cuius
960 2328 1143 2421 responsio
1159 2340 1228 2400 est:
1249 2353 1329 2423 gra-

252 2463 325 2523 tum
360 2474 397 2522 se
430 2450 557 2521 habere
579 2449 673 2543 quod
701 2449 841 2531 scribis;
873 2460 1040 2521 caeterum
1066 2473 1108 2523 eo
1142 2473 1182 2522 se
1213 2454 1359 2535 animo,

248 2596 343 2657 esse,
358 2585 397 2644 ut
413 2595 567 2666 unquam
586 2593 767 2644 romanum
788 2572 985 2665 pontificem
1003 2575 1037 2645 in
1055 2574 1161 2645 rebus
1179 2571 1326 2671 propriis

249 2721 318 2768 non
338 2697 466 2788 fatiget.
487 2695 634 2766 Videtur
657 2695 739 2764 mihi
760 2695 922 2766 humanis
944 2696 1190 2790 cupiditatibus
1210 2698 1329 2768 excel-

250 2821 319 2891 sior
338 2821 430 2891 votis
453 2820 526 2890 suis
548 2819 689 2889 modum
710 2819 885 2913 posuisse,
908 2844 972 2893 nec
992 2833 1061 2894 tam
1083 2824 1231 2894 lortunae
1252 2844 1328 2894 suae

249 2965 353 3033 quam
375 2942 489 3012 animo
511 2941 766 3032 gratulandum.
800 2943 972 3014 Rumores
1004 2944 1092 3014 alios
1120 2943 1222 3015 nosti.
1249 2945 1327 3014 Rex

250 3063 380 3134 siculus
417 3064 561 3134 dilatum
594 3063 754 3136 diadema
787 3067 952 3159 percepit,
988 3067 1148 3160 interque
1182 3089 1262 3138 eum
1293 3079 1328 3138 et

249 3184 476 3277 hungaricam
495 3194 711 3276 regnatorem
727 3209 806 3279 pax,
823 3197 860 3257 ut
876 3199 1015 3271 aeterna,
1028 3187 1220 3259 conveniet.
1234 3188 1327 3279 Papa

248 3319 367 3378 noster
392 3329 412 3377 a
438 3311 547 3378 morte
579 3307 780 3394 revertitur,
807 3309 969 3402 quamvis
997 3310 1177 3382 redeundo
1202 3310 1326 3382 eodem

248 3438 421 3524 properet.
456 3427 627 3499 Ostiensis
660 3439 791 3514 autem,
826 3431 910 3501 dum
935 3430 1013 3501 haee
1037 3430 1097 3500 tibi
1124 3429 1323 3513 scriberem,

151 3547 154 3554 '
248 3553 398 3622 animam
413 3551 550 3643 agebat3
571 3573 685 3643 quam,
700 3552 783 3622 dum
798 3552 874 3622 haee
886 3553 991 3642 leges
1005 3551 1237 3636 exhalaverit;
1254 3553 1322 3645 qui,

248 3686 285 3745 ut
311 3675 396 3745 mihi
422 3674 572 3758 videtur,
608 3683 744 3746 matura
771 3674 902 3745 sibiae
930 3684 1076 3760 naturae,
1106 3677 1169 3747 sed
1200 3674 1325 3746 acerba

249 3798 448 3890 reipublicae
471 3808 578 3867 morte
599 3797 810 3889 defungitur.
831 3800 931 3883 Vale,
954 3800 1085 3892 praesul
1106 3797 1257 3890 egregie.

389 3945 538 4000 Auenione.
556 3945 616 4001 Kal.
635 3945 787 4002 Februarii.

744 4138 821 4150 ...ι-.-
