3024 4802
284 439 295 454 .
397 372 489 422 LIBER
511 370 1016 422 ocultusuuutttUS.-m³1suotl
1039 373 1079 419 lll.
1132 354 1136 360 ¹
1216 358 1276 420 493

616 646 794 713 urlstotn
814 647 859 711 lX.

384 837 576 888 Fatuclscus
597 836 766 887 Parauaea
786 832 963 885 Fanuutsuo
985 831 1091 882 PRIORl

510 938 701 991 snucuouutt
722 936 964 987 nrosrotouuu.

317 1161 319 1166 ,
349 1098 429 1164 Quod
445 1113 461 1152 a
475 1095 570 1170 paucis
584 1096 614 1151 in
628 1095 716 1166 patria
730 1098 860 1148 noscatur
875 1092 934 1148 eius
949 1091 1024 1148 laudi
1038 1091 1128 1147 vertit.

297 1347 398 1431 Quod
414 1347 530 1419 visum
545 1346 623 1431 luit,
638 1346 796 1438 epistolae
807 1355 878 1416 tuae
890 1342 1054 1438 respondi
1067 1354 1104 1416 et
1121 1343 1200 1417 misi
1217 1367 1277 1440 per

198 1472 375 1545 fortuitum
403 1468 589 1563 quemdam
616 1477 748 1540 nostrae
768 1467 981 1563 Reipublicae
1002 1467 1177 1554 nuntium,
1197 1489 1277 1541 cum

198 1617 267 1687 quo
283 1595 393 1665 multa
412 1592 458 1665 de
477 1602 521 1677 te,
548 1591 584 1663 in
610 1588 737 1685 quibus
758 1590 843 1663 illud
863 1592 1019 1686 apprime
1043 1591 1129 1663 mihi
1151 1590 1278 1686 placuit

197 1716 290 1809 quod
303 1715 473 1811 patriaeat
492 1713 628 1788 civibus
649 1735 771 1807 parum
792 1723 908 1798 notus,
930 1735 1043 1807 coque
1061 1713 1145 1788 mihi
1166 1714 1278 1787 notior

195 1837 389 1931 clariorque
408 1847 444 1909 et
460 1836 572 1909 carior
588 1857 639 1908 es.
659 1838 801 1931 Semper
817 1838 861 1910 de
878 1845 911 1909 te
927 1836 1016 1910 bene
1034 1837 1189 1933 speravi:
1208 1836 1277 1909 iam

197 1980 339 2054 sperare
359 1957 494 2030 desino.
516 1960 603 2053 Spes
623 1959 715 2031 enim
741 1959 861 2032 incerti
881 1959 1089 2053 venturique
1112 1958 1195 2031 boni
1214 1981 1277 2033 no-

194 2103 292 2163 men;
313 2089 349 2153 et
367 2079 450 2150 mihi
469 2078 514 2151 de
537 2091 572 2151 te
591 2080 661 2152 iam
685 2080 769 2151 nihil
794 2079 913 2152 incerti
934 2090 1001 2153 est.
1027 2080 1216 2177 Epicurum
1236 2100 1277 2151 ac
1348 2143 1352 2150 .

194 2203 429 2278 Democritum
464 2183 732 2275 studiosissimae
769 2202 906 2274 urbium
939 2201 1087 2275 Athenae
1123 2205 1277 2275 famosos

195 2330 327 2402 mundo
351 2330 500 2412 accolas,
529 2325 595 2398 sibi
620 2333 737 2398 autem
762 2324 955 2416 incognitos
981 2323 1145 2398 habuere.
1172 2325 1277 2396 Mire·
1371 2347 1373 2353 ⁴

195 2475 274 2526 mur
294 2452 323 2524 si
346 2462 378 2525 te
396 2449 583 2523 mercatrix
599 2459 634 2522 et
650 2446 785 2521 lanifica
802 2455 921 2520 nostra
937 2469 1008 2520 non
1024 2440 1181 2520 noverit?
1202 2449 1276 2522 illa·

196 2599 302 2670 gnum
323 2579 436 2648 locum
457 2576 624 2646 hactenus
650 2573 686 2643 in
712 2583 830 2646 nostra
850 2571 1000 2645 amicitia
1025 2571 1176 2645 tenuisti.
1197 2573 1273 2658 En,

195 2721 298 2793 quem
319 2698 534 2793 impossibile
559 2694 754 2769 arbitrabar
779 2697 874 2790 quod
897 2698 986 2768 alter
1009 2697 1170 2783 anteiret,
1199 2697 1275 2791 ipsc

197 2833 229 2895 te
248 2823 366 2919 praeis.
384 2823 435 2896 lta
452 2821 593 2916 quidem
610 2821 683 2891 illc
703 2841 770 2890 -me
803 2819 847 2890 de
873 2829 918 2904 te,
941 2840 1045 2912 quem
1066 2820 1154 2892 facie
1173 2822 1274 2913 plane

195 2931 308 3028 norat,
329 2945 431 3038 quasi
456 2946 501 3017 de
525 2943 694 3016 Diudamo
719 2952 779 3016 aut
799 2943 924 3014 Calano
941 2941 1104 3014 Indorum
1122 2943 1275 3038 philoso-

194 3065 274 3159 phis
293 3066 490 3156 loquentem
507 3066 628 3150 audiit,
648 3067 813 3138 attonitus
834 3077 938 3160 atque
960 3073 1165 3161 suspensus,
1188 3063 1275 3138 deli-

195 3185 252 3258 xis
272 3185 307 3254 in
327 3205 384 3256 me
403 3185 526 3270 oculis,
548 3195 584 3256 et
604 3190 701 3258 velut
717 3189 860 3260 horrore
880 3190 962 3261 novi
987 3189 1135 3261 monstri
1154 3187 1274 3260 cuius·

194 3303 292 3402 piam¹
311 3329 426 3380 coram
452 3308 619 3391 extantia
646 3307 727 3380 dum
754 3331 822 3381 non
841 3309 901 3381 tibi
927 3311 991 3383 sed
1015 3311 1274 3404 veroadstipu-

195 3432 294 3504 larer.
316 3431 391 3522 Ego
410 3437 531 3502 contra
552 3425 734 3523 stuporem
750 3451 820 3502 non
840 3432 964 3508 insulsi
984 3432 1134 3504 hominis
1156 3443 1274 3526 stupe-

194 3553 286 3639 bam,
309 3564 345 3625 et
363 3563 401 3625 ut
420 3554 487 3628 dici
513 3557 601 3626 solet
625 3554 661 3626 in
687 3553 764 3625 sinu
791 3554 915 3624 tacitus
936 3554 1148 3645 gaudebam:
1169 3563 1205 3624 et
1229 3552 1273 3624 ad

195 3696 250 3744 me
270 3673 473 3749 identidem:
496 3685 647 3768 quantus
668 3684 723 3746 est
743 3674 798 3747 ille
815 3696 915 3747 meus
932 3675 1033 3748 cuius
1051 3674 1106 3748 hic
1124 3699 1204 3747 cum
1223 3679 1273 3748 la-

195 3806 267 3867 tera
287 3797 415 3870 viderit
445 3797 610 3870 verticem
642 3808 736 3870 certe
768 3820 836 3871 non
865 3797 971 3870 vidit!
999 3800 1086 3870 Puto
1119 3797 1272 3872 nubibus

193 3919 326 3990 cinctus
358 3928 448 4002 erat;
482 3919 575 4013 quod
608 3921 759 3993 excelsis
792 3920 967 3994 montibus
1001 3922 1182 4005 usuvenit;
1202 3922 1272 3994 imo

195 4061 278 4112 vero
296 4039 407 4113 nubes
428 4050 645 4125 excesserat3
662 4042 756 4134 quod
776 4043 806 4113 si
827 4029 974 4139 Olympo
991 4044 1114 4129 datur,
1142 4053 1271 4138 quanto

194 4161 302 4234 altior'
320 4163 378 4237 illa
405 4186 489 4259 pars
522 4163 648 4237 animae
669 4175 725 4239 est
744 4167 945 4261 passionum
972 4165 1118 4239 nebulas
1150 4187 1271 4260 super-
