<?xml version="1.0" encoding="UTF-8"?>
<!DOCTYPE html PUBLIC "-//W3C//DTD XHTML 1.0 Transitional//EN"
    "http://www.w3.org/TR/xhtml1/DTD/xhtml1-transitional.dtd">
<html xmlns="http://www.w3.org/1999/xhtml" xml:lang="en" lang="en">
 <head>
  <title>
</title>
<meta http-equiv="Content-Type" content="text/html;charset=utf-8" />
  <meta name='ocr-system' content='tesseract 3.04.00' />
  <meta name='ocr-capabilities' content='ocr_page ocr_carea ocr_par ocr_line ocrx_word'/>
</head>
<body>
  <div class='ocr_page' id='page_1' title='image "./franciscipetrar01fracgoog_0175.png"; bbox 0 0 2988 4800; ppageno 0'>
   <div class='ocr_carea' id='block_1_1' title="bbox 224 285 966 346">
    <p class='ocr_par' dir='ltr' id='par_1_1' title="bbox 224 285 966 346">
     <span class='ocr_line' id='line_1_1' title="bbox 224 285 966 346; baseline 0 -4"><span class='ocrx_word' id='word_1_1' title='bbox 224 285 282 344; x_wconf 80' lang='lat' dir='ltr'>lot</span> <span class='ocrx_word' id='word_1_2' title='bbox 558 298 598 344; x_wconf 81' lang='lat' dir='ltr'>ns</span> <span class='ocrx_word' id='word_1_3' title='bbox 621 297 720 344; x_wconf 79' lang='lat' dir='ltr'>nanus</span> <span class='ocrx_word' id='word_1_4' title='bbox 743 297 966 346; x_wconf 75' lang='lat' dir='ltr'>raummamus</span> 
     </span>
    </p>
   </div>
   <div class='ocr_carea' id='block_1_2' title="bbox 168 428 1331 4201">
    <p class='ocr_par' dir='ltr' id='par_1_2' title="bbox 168 428 1331 4201">
     <span class='ocr_line' id='line_1_2' title="bbox 224 428 1328 522; baseline 0.001 -25"><span class='ocrx_word' id='word_1_5' title='bbox 224 430 291 499; x_wconf 92' lang='lat' dir='ltr'>lam</span> <span class='ocrx_word' id='word_1_6' title='bbox 313 429 450 522; x_wconf 88' lang='lat' dir='ltr'>parcius</span> <span class='ocrx_word' id='word_1_7' title='bbox 471 428 615 513; x_wconf 86' lang='lat' dir='ltr'>odisset,</span> <span class='ocrx_word' id='word_1_8' title='bbox 637 428 699 499; x_wconf 91' lang='lat' dir='ltr'>sed</span> <span class='ocrx_word' id='word_1_9' title='bbox 717 452 767 511; x_wconf 85' lang='lat' dir='ltr'>ne,</span> <span class='ocrx_word' id='word_1_10' title='bbox 787 438 824 498; x_wconf 93' lang='lat' dir='ltr'>ut</span> <span class='ocrx_word' id='word_1_11' title='bbox 847 428 895 498; x_wconf 92' lang='lat' dir='ltr'>ait</span> <span class='ocrx_word' id='word_1_12' title='bbox 915 429 1053 513; x_wconf 78' lang='lat' dir='ltr'>Florus,</span> <span class='ocrx_word' id='word_1_13' title='bbox 1080 441 1169 498; x_wconf 79' lang='lat' dir='ltr'>rnatu</span> <span class='ocrx_word' id='word_1_14' title='bbox 1194 433 1328 499; x_wconf 67' lang='lat' dir='ltr'>tilleto</span> 
     </span>
     <span class='ocr_line' id='line_1_3' title="bbox 226 552 1325 645; baseline 0.002 -25"><span class='ocrx_word' id='word_1_15' title='bbox 226 554 352 620; x_wconf 71' lang='lat' dir='ltr'>remulce</span> <span class='ocrx_word' id='word_1_16' title='bbox 380 552 480 634; x_wconf 78' lang='lat' dir='ltr'>urbis,</span> <span class='ocrx_word' id='word_1_17' title='bbox 508 555 679 620; x_wconf 70' lang='lat' dir='ltr'>luecuriori</span> <span class='ocrx_word' id='word_1_18' title='bbox 701 553 840 640; x_wconf 77' lang='lat' dir='ltr'>[elicitos</span> <span class='ocrx_word' id='word_1_19' title='bbox 867 563 986 620; x_wconf 80' lang='lat' dir='ltr'>nostrae</span> <span class='ocrx_word' id='word_1_20' title='bbox 1012 552 1101 620; x_wconf 84' lang='lat' dir='ltr'>urbis</span> <span class='ocrx_word' id='word_1_21' title='bbox 1132 553 1325 645; x_wconf 78' lang='lat' dir='ltr'><em>inciperet.</em></span> 
     </span>
     <span class='ocr_line' id='line_1_4' title="bbox 224 672 1326 766; baseline 0.002 -24"><span class='ocrx_word' id='word_1_22' title='bbox 224 674 290 758; x_wconf 87' lang='lat' dir='ltr'>Qui</span> <span class='ocrx_word' id='word_1_23' title='bbox 314 693 441 743; x_wconf 82' lang='lat' dir='ltr'>utinam</span> <span class='ocrx_word' id='word_1_24' title='bbox 462 672 605 744; x_wconf 89' lang='lat' dir='ltr'>oonsilio</span> <span class='ocrx_word' id='word_1_25' title='bbox 625 674 805 756; x_wconf 90' lang='lat' dir='ltr'>valuisset,</span> <span class='ocrx_word' id='word_1_26' title='bbox 825 673 1083 764; x_wconf 77' lang='lat' dir='ltr'>mansissetque</span> <span class='ocrx_word' id='word_1_27' title='bbox 1104 689 1220 766; x_wconf 80' lang='lat' dir='ltr'>potrus</span> <span class='ocrx_word' id='word_1_28' title='bbox 1243 697 1326 744; x_wconf 91' lang='lat' dir='ltr'>no-</span> 
     </span>
     <span class='ocr_line' id='line_1_5' title="bbox 224 796 1324 887; baseline 0.001 -21"><span class='ocrx_word' id='word_1_29' title='bbox 224 797 377 867; x_wconf 90' lang='lat' dir='ltr'>hiscum</span> <span class='ocrx_word' id='word_1_30' title='bbox 399 796 559 865; x_wconf 83' lang='lat' dir='ltr'>hostibus</span> <span class='ocrx_word' id='word_1_31' title='bbox 581 806 713 866; x_wconf 89' lang='lat' dir='ltr'>etcum</span> <span class='ocrx_word' id='word_1_32' title='bbox 736 797 959 887; x_wconf 78' lang='lat' dir='ltr'>Carthagine,</span> <span class='ocrx_word' id='word_1_33' title='bbox 983 818 1087 887; x_wconf 94' lang='lat' dir='ltr'>quam</span> <span class='ocrx_word' id='word_1_34' title='bbox 1109 819 1187 866; x_wconf 90' lang='lat' dir='ltr'>eum</span> <span class='ocrx_word' id='word_1_35' title='bbox 1209 797 1324 867; x_wconf 89' lang='lat' dir='ltr'>vitiis</span> 
     </span>
     <span class='ocr_line' id='line_1_6' title="bbox 224 919 1323 1012; baseline 0.003 -25"><span class='ocrx_word' id='word_1_36' title='bbox 224 930 260 988; x_wconf 88' lang='lat' dir='ltr'>et</span> <span class='ocrx_word' id='word_1_37' title='bbox 279 921 454 1011; x_wconf 89' lang='lat' dir='ltr'>voluptate</span> <span class='ocrx_word' id='word_1_38' title='bbox 474 928 658 988; x_wconf 90' lang='lat' dir='ltr'>certamen.</span> <span class='ocrx_word' id='word_1_39' title='bbox 681 919 811 988; x_wconf 87' lang='lat' dir='ltr'>Meliori</span> <span class='ocrx_word' id='word_1_40' title='bbox 832 922 908 989; x_wconf 90' lang='lat' dir='ltr'>loco</span> <span class='ocrx_word' id='word_1_41' title='bbox 931 941 987 988; x_wconf 89' lang='lat' dir='ltr'>res</span> <span class='ocrx_word' id='word_1_42' title='bbox 1015 929 1159 1004; x_wconf 91' lang='lat' dir='ltr'>starent,</span> <span class='ocrx_word' id='word_1_43' title='bbox 1183 931 1222 990; x_wconf 92' lang='lat' dir='ltr'>ut</span> <span class='ocrx_word' id='word_1_44' title='bbox 1241 943 1323 1012; x_wconf 88' lang='lat' dir='ltr'>pu-</span> 
     </span>
     <span class='ocr_line' id='line_1_7' title="bbox 226 1041 1319 1136; baseline -0.002 -22"><span class='ocrx_word' id='word_1_45' title='bbox 226 1055 271 1126; x_wconf 92' lang='lat' dir='ltr'>to,</span> <span class='ocrx_word' id='word_1_46' title='bbox 294 1041 476 1133; x_wconf 88' lang='lat' dir='ltr'>rariusque</span> <span class='ocrx_word' id='word_1_47' title='bbox 494 1051 686 1133; x_wconf 88' lang='lat' dir='ltr'>pugnatum</span> <span class='ocrx_word' id='word_1_48' title='bbox 700 1054 804 1126; x_wconf 89' lang='lat' dir='ltr'>esset,</span> <span class='ocrx_word' id='word_1_49' title='bbox 821 1051 855 1112; x_wconf 91' lang='lat' dir='ltr'>et</span> <span class='ocrx_word' id='word_1_50' title='bbox 873 1042 1029 1113; x_wconf 90' lang='lat' dir='ltr'>crebrius</span> <span class='ocrx_word' id='word_1_51' title='bbox 1043 1043 1319 1136; x_wconf 87' lang='lat' dir='ltr'>triumphatum.</span> 
     </span>
     <span class='ocr_line' id='line_1_8' title="bbox 226 1163 1321 1254; baseline -0.001 -19"><span class='ocrx_word' id='word_1_52' title='bbox 226 1165 383 1248; x_wconf 82' lang='lat' dir='ltr'>Quorsus</span> <span class='ocrx_word' id='word_1_53' title='bbox 412 1164 509 1232; x_wconf 77' lang='lat' dir='ltr'>haec?</span> <span class='ocrx_word' id='word_1_54' title='bbox 529 1164 644 1232; x_wconf 80' lang='lat' dir='ltr'>forsan</span> <span class='ocrx_word' id='word_1_55' title='bbox 666 1163 871 1254; x_wconf 86' lang='lat' dir='ltr'>interroges.</span> <span class='ocrx_word' id='word_1_56' title='bbox 894 1164 983 1248; x_wconf 86' lang='lat' dir='ltr'>Quia</span> <span class='ocrx_word' id='word_1_57' title='bbox 1006 1165 1146 1235; x_wconf 89' lang='lat' dir='ltr'>scilicet</span> <span class='ocrx_word' id='word_1_58' title='bbox 1178 1166 1321 1236; x_wconf 91' lang='lat' dir='ltr'>multos</span> 
     </span>
     <span class='ocr_line' id='line_1_9' title="bbox 226 1284 1319 1378; baseline -0.003 -20"><span class='ocrx_word' id='word_1_59' title='bbox 226 1310 377 1377; x_wconf 89' lang='lat' dir='ltr'>auguror</span> <span class='ocrx_word' id='word_1_60' title='bbox 397 1287 531 1354; x_wconf 89' lang='lat' dir='ltr'>futuros</span> <span class='ocrx_word' id='word_1_61' title='bbox 553 1284 680 1376; x_wconf 91' lang='lat' dir='ltr'>quibus</span> <span class='ocrx_word' id='word_1_62' title='bbox 702 1285 903 1376; x_wconf 90' lang='lat' dir='ltr'>quiescendi</span> <span class='ocrx_word' id='word_1_63' title='bbox 918 1287 985 1355; x_wconf 91' lang='lat' dir='ltr'>iam</span> <span class='ocrx_word' id='word_1_64' title='bbox 1000 1286 1061 1356; x_wconf 88' lang='lat' dir='ltr'>tibi</span> <span class='ocrx_word' id='word_1_65' title='bbox 1075 1296 1211 1378; x_wconf 81' lang='lat' dir='ltr'>ternpus</span> <span class='ocrx_word' id='word_1_66' title='bbox 1226 1309 1319 1357; x_wconf 87' lang='lat' dir='ltr'>esse</span> 
     </span>
     <span class='ocr_line' id='line_1_10' title="bbox 226 1407 1320 1499; baseline -0.001 -20"><span class='ocrx_word' id='word_1_67' title='bbox 226 1411 396 1481; x_wconf 88' lang='lat' dir='ltr'>videatur.</span> <span class='ocrx_word' id='word_1_68' title='bbox 415 1407 498 1478; x_wconf 84' lang='lat' dir='ltr'>Mihi</span> <span class='ocrx_word' id='word_1_69' title='bbox 519 1408 655 1499; x_wconf 86' lang='lat' dir='ltr'>penitus</span> <span class='ocrx_word' id='word_1_70' title='bbox 681 1408 821 1479; x_wconf 87' lang='lat' dir='ltr'>diversa</span> <span class='ocrx_word' id='word_1_71' title='bbox 847 1431 942 1478; x_wconf 91' lang='lat' dir='ltr'>mens</span> <span class='ocrx_word' id='word_1_72' title='bbox 969 1416 1036 1478; x_wconf 87' lang='lat' dir='ltr'>est:</span> <span class='ocrx_word' id='word_1_73' title='bbox 1059 1409 1088 1478; x_wconf 91' lang='lat' dir='ltr'>si</span> <span class='ocrx_word' id='word_1_74' title='bbox 1110 1431 1164 1478; x_wconf 93' lang='lat' dir='ltr'>me</span> <span class='ocrx_word' id='word_1_75' title='bbox 1185 1409 1320 1480; x_wconf 90' lang='lat' dir='ltr'>audire</span> 
     </span>
     <span class='ocr_line' id='line_1_11' title="bbox 227 1529 1320 1614; baseline -0.002 -14"><span class='ocrx_word' id='word_1_76' title='bbox 227 1532 393 1614; x_wconf 88' lang='lat' dir='ltr'>volueris,</span> <span class='ocrx_word' id='word_1_77' title='bbox 417 1530 506 1601; x_wconf 88' lang='lat' dir='ltr'>scies</span> <span class='ocrx_word' id='word_1_78' title='bbox 529 1553 637 1598; x_wconf 91' lang='lat' dir='ltr'>unum</span> <span class='ocrx_word' id='word_1_79' title='bbox 658 1551 739 1600; x_wconf 91' lang='lat' dir='ltr'>esse</span> <span class='ocrx_word' id='word_1_80' title='bbox 760 1530 889 1600; x_wconf 89' lang='lat' dir='ltr'>laboris</span> <span class='ocrx_word' id='word_1_81' title='bbox 916 1542 951 1600; x_wconf 90' lang='lat' dir='ltr'>et</span> <span class='ocrx_word' id='word_1_82' title='bbox 971 1529 1055 1601; x_wconf 89' lang='lat' dir='ltr'>vitae</span> <span class='ocrx_word' id='word_1_83' title='bbox 1081 1529 1201 1614; x_wconf 85' lang='lat' dir='ltr'>finem,</span> <span class='ocrx_word' id='word_1_84' title='bbox 1229 1531 1320 1601; x_wconf 92' lang='lat' dir='ltr'>tibi-</span> 
     </span>
     <span class='ocr_line' id='line_1_12' title="bbox 226 1653 1318 1747; baseline -0.003 -23"><span class='ocrx_word' id='word_1_85' title='bbox 226 1677 294 1747; x_wconf 93' lang='lat' dir='ltr'>que</span> <span class='ocrx_word' id='word_1_86' title='bbox 313 1666 348 1724; x_wconf 89' lang='lat' dir='ltr'>et</span> <span class='ocrx_word' id='word_1_87' title='bbox 368 1653 528 1724; x_wconf 89' lang='lat' dir='ltr'>omnibus</span> <span class='ocrx_word' id='word_1_88' title='bbox 549 1653 651 1723; x_wconf 90' lang='lat' dir='ltr'>claris</span> <span class='ocrx_word' id='word_1_89' title='bbox 672 1653 758 1722; x_wconf 91' lang='lat' dir='ltr'>viris</span> <span class='ocrx_word' id='word_1_90' title='bbox 780 1675 892 1744; x_wconf 86' lang='lat' dir='ltr'>usque</span> <span class='ocrx_word' id='word_1_91' title='bbox 914 1654 959 1724; x_wconf 93' lang='lat' dir='ltr'>ad</span> <span class='ocrx_word' id='word_1_92' title='bbox 979 1664 1178 1725; x_wconf 79' lang='lat' dir='ltr'>extremum</span> <span class='ocrx_word' id='word_1_93' title='bbox 1207 1653 1318 1746; x_wconf 87' lang='lat' dir='ltr'>spiri-</span> 
     </span>
     <span class='ocr_line' id='line_1_13' title="bbox 228 1773 1317 1848; baseline 0 0"><span class='ocrx_word' id='word_1_94' title='bbox 228 1787 302 1848; x_wconf 92' lang='lat' dir='ltr'>tum</span> <span class='ocrx_word' id='word_1_95' title='bbox 326 1778 381 1847; x_wconf 89' lang='lat' dir='ltr'>vel</span> <span class='ocrx_word' id='word_1_96' title='bbox 402 1798 481 1845; x_wconf 92' lang='lat' dir='ltr'>cum</span> <span class='ocrx_word' id='word_1_97' title='bbox 502 1773 629 1844; x_wconf 83' lang='lat' dir='ltr'>visibili</span> <span class='ocrx_word' id='word_1_98' title='bbox 663 1778 720 1844; x_wconf 94' lang='lat' dir='ltr'>vel</span> <span class='ocrx_word' id='word_1_99' title='bbox 753 1799 832 1846; x_wconf 91' lang='lat' dir='ltr'>cum</span> <span class='ocrx_word' id='word_1_100' title='bbox 866 1775 1033 1847; x_wconf 87' lang='lat' dir='ltr'>invisibili</span> <span class='ocrx_word' id='word_1_101' title='bbox 1052 1777 1154 1847; x_wconf 91' lang='lat' dir='ltr'>hoste</span> <span class='ocrx_word' id='word_1_102' title='bbox 1174 1780 1317 1848; x_wconf 87' lang='lat' dir='ltr'>luctan-</span> 
     </span>
     <span class='ocr_line' id='line_1_14' title="bbox 228 1898 1317 1994; baseline -0.002 -24"><span class='ocrx_word' id='word_1_103' title='bbox 228 1901 312 1971; x_wconf 95' lang='lat' dir='ltr'>dum</span> <span class='ocrx_word' id='word_1_104' title='bbox 333 1903 416 1970; x_wconf 88' lang='lat' dir='ltr'>foro.</span> <span class='ocrx_word' id='word_1_105' title='bbox 438 1898 654 1982; x_wconf 87' lang='lat' dir='ltr'>Quinetiam</span> <span class='ocrx_word' id='word_1_106' title='bbox 681 1898 774 1992; x_wconf 82' lang='lat' dir='ltr'>(vide</span> <span class='ocrx_word' id='word_1_107' title='bbox 800 1910 967 1991; x_wconf 89' lang='lat' dir='ltr'>quantum</span> <span class='ocrx_word' id='word_1_108' title='bbox 994 1923 1015 1972; x_wconf 92' lang='lat' dir='ltr'>a</span> <span class='ocrx_word' id='word_1_109' title='bbox 1039 1901 1215 1972; x_wconf 90' lang='lat' dir='ltr'>communi</span> <span class='ocrx_word' id='word_1_110' title='bbox 1236 1901 1317 1994; x_wconf 93' lang='lat' dir='ltr'>opi-</span> 
     </span>
     <span class='ocr_line' id='line_1_15' title="bbox 229 2021 1316 2115; baseline 0.001 -25"><span class='ocrx_word' id='word_1_111' title='bbox 229 2021 330 2092; x_wconf 89' lang='lat' dir='ltr'>nione</span> <span class='ocrx_word' id='word_1_112' title='bbox 350 2021 530 2115; x_wconf 84' lang='lat' dir='ltr'>dissentio)</span> <span class='ocrx_word' id='word_1_113' title='bbox 554 2023 768 2113; x_wconf 76' lang='lat' dir='ltr'>seminatum</span> <span class='ocrx_word' id='word_1_114' title='bbox 791 2022 851 2091; x_wconf 93' lang='lat' dir='ltr'>tibi</span> <span class='ocrx_word' id='word_1_115' title='bbox 878 2022 1030 2094; x_wconf 91' lang='lat' dir='ltr'>laborem</span> <span class='ocrx_word' id='word_1_116' title='bbox 1056 2033 1092 2092; x_wconf 91' lang='lat' dir='ltr'>et</span> <span class='ocrx_word' id='word_1_117' title='bbox 1117 2023 1247 2093; x_wconf 90' lang='lat' dir='ltr'>senties</span> <span class='ocrx_word' id='word_1_118' title='bbox 1273 2034 1316 2094; x_wconf 88' lang='lat' dir='ltr'>et</span> 
     </span>
     <span class='ocr_line' id='line_1_16' title="bbox 230 2143 1314 2240; baseline 0.002 -26"><span class='ocrx_word' id='word_1_119' title='bbox 230 2143 412 2234; x_wconf 77' lang='lat' dir='ltr'>gaudebis.</span> <span class='ocrx_word' id='word_1_120' title='bbox 434 2144 534 2214; x_wconf 92' lang='lat' dir='ltr'>Nullo</span> <span class='ocrx_word' id='word_1_121' title='bbox 549 2168 701 2237; x_wconf 87' lang='lat' dir='ltr'>unquam</span> <span class='ocrx_word' id='word_1_122' title='bbox 721 2156 876 2240; x_wconf 90' lang='lat' dir='ltr'>tempore</span> <span class='ocrx_word' id='word_1_123' title='bbox 895 2154 964 2215; x_wconf 88' lang='lat' dir='ltr'>tam</span> <span class='ocrx_word' id='word_1_124' title='bbox 982 2166 1108 2236; x_wconf 88' lang='lat' dir='ltr'>magno</span> <span class='ocrx_word' id='word_1_125' title='bbox 1126 2145 1314 2216; x_wconf 87' lang='lat' dir='ltr'>conamine</span> 
     </span>
     <span class='ocr_line' id='line_1_17' title="bbox 230 2267 1317 2362; baseline 0.002 -24"><span class='ocrx_word' id='word_1_126' title='bbox 230 2268 511 2359; x_wconf 89' lang='lat' dir='ltr'>consurgendum</span> <span class='ocrx_word' id='word_1_127' title='bbox 533 2267 607 2352; x_wconf 89' lang='lat' dir='ltr'>tibi,</span> <span class='ocrx_word' id='word_1_128' title='bbox 631 2278 771 2360; x_wconf 89' lang='lat' dir='ltr'>tamque</span> <span class='ocrx_word' id='word_1_129' title='bbox 792 2291 897 2361; x_wconf 89' lang='lat' dir='ltr'>supra</span> <span class='ocrx_word' id='word_1_130' title='bbox 915 2268 1080 2362; x_wconf 92' lang='lat' dir='ltr'>teipsum</span> <span class='ocrx_word' id='word_1_131' title='bbox 1103 2269 1317 2340; x_wconf 76' lang='lat' dir='ltr'>attollendus</span> 
     </span>
     <span class='ocr_line' id='line_1_18' title="bbox 231 2390 1318 2464; baseline -0.001 -3"><span class='ocrx_word' id='word_1_132' title='bbox 231 2391 367 2462; x_wconf 90' lang='lat' dir='ltr'>animus</span> <span class='ocrx_word' id='word_1_133' title='bbox 399 2391 472 2460; x_wconf 91' lang='lat' dir='ltr'>fuit.</span> <span class='ocrx_word' id='word_1_134' title='bbox 506 2390 560 2460; x_wconf 80' lang='lat' dir='ltr'>Ad</span> <span class='ocrx_word' id='word_1_135' title='bbox 595 2415 731 2464; x_wconf 92' lang='lat' dir='ltr'>summa</span> <span class='ocrx_word' id='word_1_136' title='bbox 757 2391 946 2463; x_wconf 86' lang='lat' dir='ltr'>certamina</span> <span class='ocrx_word' id='word_1_137' title='bbox 966 2401 1110 2461; x_wconf 91' lang='lat' dir='ltr'>ventum</span> <span class='ocrx_word' id='word_1_138' title='bbox 1136 2400 1201 2461; x_wconf 89' lang='lat' dir='ltr'>est.</span> <span class='ocrx_word' id='word_1_139' title='bbox 1229 2392 1318 2462; x_wconf 91' lang='lat' dir='ltr'>Uni-</span> 
     </span>
     <span class='ocr_line' id='line_1_19' title="bbox 231 2515 1315 2609; baseline -0.002 -23"><span class='ocrx_word' id='word_1_140' title='bbox 231 2539 357 2588; x_wconf 85' lang='lat' dir='ltr'>versos</span> <span class='ocrx_word' id='word_1_141' title='bbox 378 2516 472 2588; x_wconf 90' lang='lat' dir='ltr'>orbis</span> <span class='ocrx_word' id='word_1_142' title='bbox 493 2517 661 2608; x_wconf 89' lang='lat' dir='ltr'>intelligat</span> <span class='ocrx_word' id='word_1_143' title='bbox 681 2518 716 2586; x_wconf 91' lang='lat' dir='ltr'>in</span> <span class='ocrx_word' id='word_1_144' title='bbox 738 2528 883 2609; x_wconf 85' lang='lat' dir='ltr'>utraque</span> <span class='ocrx_word' id='word_1_145' title='bbox 905 2519 1039 2587; x_wconf 88' lang='lat' dir='ltr'>fortuna</span> <span class='ocrx_word' id='word_1_146' title='bbox 1064 2515 1177 2608; x_wconf 90' lang='lat' dir='ltr'>qualis</span> <span class='ocrx_word' id='word_1_147' title='bbox 1198 2537 1315 2608; x_wconf 87' lang='lat' dir='ltr'>quan-</span> 
     </span>
     <span class='ocr_line' id='line_1_20' title="bbox 233 2638 1315 2733; baseline -0.003 -22"><span class='ocrx_word' id='word_1_148' title='bbox 233 2652 335 2711; x_wconf 90' lang='lat' dir='ltr'>tusve</span> <span class='ocrx_word' id='word_1_149' title='bbox 355 2639 411 2709; x_wconf 90' lang='lat' dir='ltr'>vir</span> <span class='ocrx_word' id='word_1_150' title='bbox 428 2639 550 2709; x_wconf 87' lang='lat' dir='ltr'>fueris:</span> <span class='ocrx_word' id='word_1_151' title='bbox 572 2661 685 2733; x_wconf 89' lang='lat' dir='ltr'>neque</span> <span class='ocrx_word' id='word_1_152' title='bbox 708 2648 744 2708; x_wconf 89' lang='lat' dir='ltr'>tu</span> <span class='ocrx_word' id='word_1_153' title='bbox 780 2649 922 2723; x_wconf 89' lang='lat' dir='ltr'>tantum,</span> <span class='ocrx_word' id='word_1_154' title='bbox 947 2639 1011 2710; x_wconf 90' lang='lat' dir='ltr'>sed</span> <span class='ocrx_word' id='word_1_155' title='bbox 1031 2638 1090 2731; x_wconf 93' lang='lat' dir='ltr'>qui</span> <span class='ocrx_word' id='word_1_156' title='bbox 1112 2638 1180 2709; x_wconf 92' lang='lat' dir='ltr'>tuis</span> <span class='ocrx_word' id='word_1_157' title='bbox 1207 2638 1315 2710; x_wconf 90' lang='lat' dir='ltr'>etiam</span> 
     </span>
     <span class='ocr_line' id='line_1_21' title="bbox 232 2760 1315 2854; baseline -0.004 -20"><span class='ocrx_word' id='word_1_158' title='bbox 232 2761 384 2834; x_wconf 90' lang='lat' dir='ltr'>consiliis</span> <span class='ocrx_word' id='word_1_159' title='bbox 406 2761 654 2854; x_wconf 90' lang='lat' dir='ltr'>obsequuntur.</span> <span class='ocrx_word' id='word_1_160' title='bbox 676 2760 792 2832; x_wconf 88' lang='lat' dir='ltr'>Habes</span> <span class='ocrx_word' id='word_1_161' title='bbox 814 2783 933 2852; x_wconf 88' lang='lat' dir='ltr'>regem</span> <span class='ocrx_word' id='word_1_162' title='bbox 954 2763 1068 2833; x_wconf 88' lang='lat' dir='ltr'>animo</span> <span class='ocrx_word' id='word_1_163' title='bbox 1095 2782 1226 2845; x_wconf 87' lang='lat' dir='ltr'>senem,</span> <span class='ocrx_word' id='word_1_164' title='bbox 1249 2783 1315 2831; x_wconf 88' lang='lat' dir='ltr'>an-</span> 
     </span>
     <span class='ocr_line' id='line_1_22' title="bbox 233 2872 1314 2978; baseline 0 -24"><span class='ocrx_word' id='word_1_165' title='bbox 233 2885 287 2955; x_wconf 88' lang='lat' dir='ltr'>nis</span> <span class='ocrx_word' id='word_1_166' title='bbox 309 2886 574 2968; x_wconf 87' lang='lat' dir='ltr'>adolescentem,</span> <span class='ocrx_word' id='word_1_167' title='bbox 594 2906 673 2954; x_wconf 88' lang='lat' dir='ltr'>eum</span> <span class='ocrx_word' id='word_1_168' title='bbox 694 2907 763 2976; x_wconf 89' lang='lat' dir='ltr'>quo</span> <span class='ocrx_word' id='word_1_169' title='bbox 785 2894 874 2954; x_wconf 92' lang='lat' dir='ltr'>terra</span> <span class='ocrx_word' id='word_1_170' title='bbox 895 2886 1051 2978; x_wconf 89' lang='lat' dir='ltr'>marique</span> <span class='ocrx_word' id='word_1_171' title='bbox 1077 2872 1222 2956; x_wconf 84' lang='lat' dir='ltr'>iactatus</span> <span class='ocrx_word' id='word_1_172' title='bbox 1247 2907 1314 2970; x_wconf 85' lang='lat' dir='ltr'>es,</span> 
     </span>
     <span class='ocr_line' id='line_1_23' title="bbox 234 3007 1312 3102; baseline 0 -26"><span class='ocrx_word' id='word_1_173' title='bbox 234 3029 338 3096; x_wconf 91' lang='lat' dir='ltr'>quem</span> <span class='ocrx_word' id='word_1_174' title='bbox 371 3029 433 3102; x_wconf 91' lang='lat' dir='ltr'>per</span> <span class='ocrx_word' id='word_1_175' title='bbox 454 3008 562 3076; x_wconf 92' lang='lat' dir='ltr'>multa</span> <span class='ocrx_word' id='word_1_176' title='bbox 580 3007 785 3099; x_wconf 84' lang='lat' dir='ltr'>praecipitia,</span> <span class='ocrx_word' id='word_1_177' title='bbox 808 3017 955 3098; x_wconf 80' lang='lat' dir='ltr'>cogente</span> <span class='ocrx_word' id='word_1_178' title='bbox 974 3011 1056 3094; x_wconf 87' lang='lat' dir='ltr'>fato,</span> <span class='ocrx_word' id='word_1_179' title='bbox 1079 3009 1114 3077; x_wconf 88' lang='lat' dir='ltr'>in</span> <span class='ocrx_word' id='word_1_180' title='bbox 1136 3030 1312 3079; x_wconf 90' lang='lat' dir='ltr'>summum</span> 
     </span>
     <span class='ocr_line' id='line_1_24' title="bbox 168 3112 1331 3224; baseline -0.005 -26"><span class='ocrx_word' id='word_1_181' title='bbox 168 3191 172 3198; x_wconf 89' lang='grc'><em>,</em></span> <span class='ocrx_word' id='word_1_182' title='bbox 220 3112 347 3200; x_wconf 81' lang='lat' dir='ltr'>¹status</span> <span class='ocrx_word' id='word_1_183' title='bbox 369 3129 510 3200; x_wconf 91' lang='lat' dir='ltr'>humani</span> <span class='ocrx_word' id='word_1_184' title='bbox 528 3128 703 3220; x_wconf 82' lang='lat' dir='ltr'>fastigium</span> <span class='ocrx_word' id='word_1_185' title='bbox 722 3129 929 3224; x_wconf 84' lang='lat' dir='ltr'>perduxisti.</span> <span class='ocrx_word' id='word_1_186' title='bbox 948 3130 1102 3202; x_wconf 90' lang='lat' dir='ltr'>Ostende</span> <span class='ocrx_word' id='word_1_187' title='bbox 1119 3129 1166 3199; x_wconf 90' lang='lat' dir='ltr'>illi</span> <span class='ocrx_word' id='word_1_188' title='bbox 1184 3128 1331 3223; x_wconf 89' lang='lat' dir='ltr'>quibus.</span> 
     </span>
     <span class='ocr_line' id='line_1_25' title="bbox 235 3252 1313 3346; baseline 0.003 -27"><span class='ocrx_word' id='word_1_189' title='bbox 235 3252 268 3320; x_wconf 93' lang='lat' dir='ltr'>in</span> <span class='ocrx_word' id='word_1_190' title='bbox 291 3252 383 3322; x_wconf 91' lang='lat' dir='ltr'>hunc</span> <span class='ocrx_word' id='word_1_191' title='bbox 403 3253 549 3322; x_wconf 83' lang='lat' dir='ltr'>fortunae</span> <span class='ocrx_word' id='word_1_192' title='bbox 584 3253 748 3323; x_wconf 86' lang='lat' dir='ltr'>verticem</span> <span class='ocrx_word' id='word_1_193' title='bbox 771 3255 815 3324; x_wconf 91' lang='lat' dir='ltr'>sit</span> <span class='ocrx_word' id='word_1_194' title='bbox 840 3265 998 3336; x_wconf 72' lang='lat' dir='ltr'>evectus</span> <span class='ocrx_word' id='word_1_195' title='bbox 1027 3253 1154 3346; x_wconf 91' lang='lat' dir='ltr'>quibus</span> <span class='ocrx_word' id='word_1_196' title='bbox 1178 3252 1313 3323; x_wconf 90' lang='lat' dir='ltr'>artibus</span> 
     </span>
     <span class='ocr_line' id='line_1_26' title="bbox 235 3374 1314 3470; baseline -0.001 -24"><span class='ocrx_word' id='word_1_197' title='bbox 235 3374 495 3446; x_wconf 89' lang='lat' dir='ltr'>consistendum</span> <span class='ocrx_word' id='word_1_198' title='bbox 518 3377 571 3446; x_wconf 90' lang='lat' dir='ltr'>sit.</span> <span class='ocrx_word' id='word_1_199' title='bbox 598 3377 718 3468; x_wconf 85' lang='lat' dir='ltr'>Neque</span> <span class='ocrx_word' id='word_1_200' title='bbox 745 3386 814 3446; x_wconf 88' lang='lat' dir='ltr'>tam</span> <span class='ocrx_word' id='word_1_201' title='bbox 841 3377 1003 3470; x_wconf 87' lang='lat' dir='ltr'>deinceps</span> <span class='ocrx_word' id='word_1_202' title='bbox 1025 3377 1247 3459; x_wconf 87' lang='lat' dir='ltr'>enitendum,</span> <span class='ocrx_word' id='word_1_203' title='bbox 1266 3387 1314 3446; x_wconf 88' lang='lat' dir='ltr'>ut</span> 
     </span>
     <span class='ocr_line' id='line_1_27' title="bbox 236 3499 1313 3591; baseline -0.003 -21"><span class='ocrx_word' id='word_1_204' title='bbox 236 3499 427 3570; x_wconf 88' lang='lat' dir='ltr'>adscendat</span> <span class='ocrx_word' id='word_1_205' title='bbox 447 3499 563 3582; x_wconf 90' lang='lat' dir='ltr'>altius,</span> <span class='ocrx_word' id='word_1_206' title='bbox 586 3521 690 3590; x_wconf 90' lang='lat' dir='ltr'>quam</span> <span class='ocrx_word' id='word_1_207' title='bbox 712 3508 750 3570; x_wconf 95' lang='lat' dir='ltr'>ut</span> <span class='ocrx_word' id='word_1_208' title='bbox 771 3500 944 3570; x_wconf 88' lang='lat' dir='ltr'>adscensu</span> <span class='ocrx_word' id='word_1_209' title='bbox 962 3520 1040 3569; x_wconf 90' lang='lat' dir='ltr'>sese</span> <span class='ocrx_word' id='word_1_210' title='bbox 1058 3499 1226 3591; x_wconf 88' lang='lat' dir='ltr'>approbet</span> <span class='ocrx_word' id='word_1_211' title='bbox 1243 3520 1313 3568; x_wconf 90' lang='lat' dir='ltr'>non</span> 
     </span>
     <span class='ocr_line' id='line_1_28' title="bbox 234 3621 1314 3716; baseline -0.004 -24"><span class='ocrx_word' id='word_1_212' title='bbox 234 3624 430 3715; x_wconf 88' lang='lat' dir='ltr'>indignum,</span> <span class='ocrx_word' id='word_1_213' title='bbox 453 3633 487 3693; x_wconf 91' lang='lat' dir='ltr'>et</span> <span class='ocrx_word' id='word_1_214' title='bbox 513 3621 769 3693; x_wconf 86' lang='lat' dir='ltr'>haereditarium</span> <span class='ocrx_word' id='word_1_215' title='bbox 799 3632 973 3716; x_wconf 89' lang='lat' dir='ltr'>sceptrum</span> <span class='ocrx_word' id='word_1_216' title='bbox 999 3643 1069 3692; x_wconf 87' lang='lat' dir='ltr'>non</span> <span class='ocrx_word' id='word_1_217' title='bbox 1094 3622 1206 3712; x_wconf 89' lang='lat' dir='ltr'>magis</span> <span class='ocrx_word' id='word_1_218' title='bbox 1232 3643 1314 3691; x_wconf 90' lang='lat' dir='ltr'>san-</span> 
     </span>
     <span class='ocr_line' id='line_1_29' title="bbox 191 3740 1312 3838; baseline -0.004 -21"><span class='ocrx_word' id='word_1_219' title='bbox 191 3740 195 3767; x_wconf 67' lang='lat'>‘</span> <span class='ocrx_word' id='word_1_220' title='bbox 236 3746 333 3838; x_wconf 88' lang='lat' dir='ltr'>guini</span> <span class='ocrx_word' id='word_1_221' title='bbox 351 3745 519 3829; x_wconf 91' lang='lat' dir='ltr'>debitum,</span> <span class='ocrx_word' id='word_1_222' title='bbox 543 3768 647 3838; x_wconf 93' lang='lat' dir='ltr'>quam</span> <span class='ocrx_word' id='word_1_223' title='bbox 669 3744 799 3815; x_wconf 88' lang='lat' dir='ltr'>virtuti.</span> <span class='ocrx_word' id='word_1_224' title='bbox 821 3746 897 3814; x_wconf 93' lang='lat' dir='ltr'>Non</span> <span class='ocrx_word' id='word_1_225' title='bbox 917 3745 998 3814; x_wconf 89' lang='lat' dir='ltr'>facit</span> <span class='ocrx_word' id='word_1_226' title='bbox 1018 3745 1141 3825; x_wconf 80' lang='lat' dir='ltr'>virum,</span> <span class='ocrx_word' id='word_1_227' title='bbox 1166 3743 1227 3814; x_wconf 90' lang='lat' dir='ltr'>sed</span> <span class='ocrx_word' id='word_1_228' title='bbox 1249 3742 1312 3813; x_wconf 90' lang='lat' dir='ltr'>de-</span> 
     </span>
     <span class='ocr_line' id='line_1_30' title="bbox 237 3867 1313 3962; baseline -0.001 -27"><span class='ocrx_word' id='word_1_229' title='bbox 237 3867 334 3957; x_wconf 89' lang='lat' dir='ltr'>tegit,</span> <span class='ocrx_word' id='word_1_230' title='bbox 357 3867 586 3962; x_wconf 89' lang='lat' dir='ltr'>principatus;</span> <span class='ocrx_word' id='word_1_231' title='bbox 608 3875 642 3937; x_wconf 89' lang='lat' dir='ltr'>et</span> <span class='ocrx_word' id='word_1_232' title='bbox 663 3868 812 3939; x_wconf 91' lang='lat' dir='ltr'>honores</span> <span class='ocrx_word' id='word_1_233' title='bbox 834 3889 900 3938; x_wconf 91' lang='lat' dir='ltr'>non</span> <span class='ocrx_word' id='word_1_234' title='bbox 919 3877 1056 3938; x_wconf 88' lang='lat' dir='ltr'>mutant</span> <span class='ocrx_word' id='word_1_235' title='bbox 1073 3889 1187 3937; x_wconf 87' lang='lat' dir='ltr'>mores</span> <span class='ocrx_word' id='word_1_236' title='bbox 1209 3873 1313 3957; x_wconf 88' lang='lat' dir='ltr'>atque</span> 
     </span>
     <span class='ocr_line' id='line_1_31' title="bbox 235 3986 1314 4070; baseline -0.002 -14"><span class='ocrx_word' id='word_1_237' title='bbox 235 3987 403 4070; x_wconf 86' lang='lat' dir='ltr'>animum,</span> <span class='ocrx_word' id='word_1_238' title='bbox 427 3989 489 4058; x_wconf 90' lang='lat' dir='ltr'>sed</span> <span class='ocrx_word' id='word_1_239' title='bbox 516 3989 713 4060; x_wconf 87' lang='lat' dir='ltr'>ostendunt.</span> <span class='ocrx_word' id='word_1_240' title='bbox 741 3986 916 4058; x_wconf 87' lang='lat' dir='ltr'>Persuade</span> <span class='ocrx_word' id='word_1_241' title='bbox 943 3987 989 4058; x_wconf 94' lang='lat' dir='ltr'>illi</span> <span class='ocrx_word' id='word_1_242' title='bbox 1015 3986 1130 4057; x_wconf 90' lang='lat' dir='ltr'>minus</span> <span class='ocrx_word' id='word_1_243' title='bbox 1156 4008 1237 4057; x_wconf 88' lang='lat' dir='ltr'>osse</span> <span class='ocrx_word' id='word_1_244' title='bbox 1258 4006 1314 4054; x_wconf 87' lang='lat' dir='ltr'>re-</span> 
     </span>
     <span class='ocr_line' id='line_1_32' title="bbox 236 4109 1313 4201; baseline -0.001 -25"><span class='ocrx_word' id='word_1_245' title='bbox 236 4129 316 4197; x_wconf 89' lang='lat' dir='ltr'>gem</span> <span class='ocrx_word' id='word_1_246' title='bbox 333 4110 440 4192; x_wconf 88' lang='lat' dir='ltr'>nasci,</span> <span class='ocrx_word' id='word_1_247' title='bbox 464 4134 566 4201; x_wconf 92' lang='lat' dir='ltr'>quam</span> <span class='ocrx_word' id='word_1_248' title='bbox 590 4110 715 4181; x_wconf 92' lang='lat' dir='ltr'>iudicio</span> <span class='ocrx_word' id='word_1_249' title='bbox 737 4133 856 4201; x_wconf 88' lang='lat' dir='ltr'>regem</span> <span class='ocrx_word' id='word_1_250' title='bbox 878 4109 969 4180; x_wconf 87' lang='lat' dir='ltr'>fieri:</span> <span class='ocrx_word' id='word_1_251' title='bbox 991 4131 1072 4180; x_wconf 89' lang='lat' dir='ltr'>esse</span> <span class='ocrx_word' id='word_1_252' title='bbox 1093 4109 1184 4179; x_wconf 91' lang='lat' dir='ltr'>enim</span> <span class='ocrx_word' id='word_1_253' title='bbox 1206 4110 1313 4179; x_wconf 86' lang='lat' dir='ltr'>fortu-</span> 
     </span>
    </p>
   </div>
   <div class='ocr_carea' id='block_1_3' title="bbox 0 0 1513 4800">
    <p class='ocr_par' dir='ltr' id='par_1_3' title="bbox 0 0 1513 4800">
     <span class='ocr_line' id='line_1_33' title="bbox 0 0 1513 4800; baseline 0 0"><span class='ocrx_word' id='word_1_254' title='bbox 0 0 1513 4800; x_wconf 95' lang='lat' dir='ltr'> </span> 
     </span>
    </p>
   </div>
  </div>
 </body>
</html>
