3002 4794
276 337 314 396 ll
610 350 651 396 DE
673 349 773 398 REBUS
795 349 1016 398 snfflnmalsus

274 515 366 564 nunc
378 494 490 564 lacere
501 494 615 586 palam
629 504 694 564 est.
712 494 757 563 Et
769 492 846 565 haec
857 493 1042 576 hactenus,
1064 494 1224 586 quamvis
1244 495 1352 563 multa

274 616 319 684 de
338 615 394 686 his
411 637 528 687 coram
552 616 646 710 loqui
667 617 826 701 habeam,
851 638 931 710 quae
961 617 1113 686 calamus
1139 613 1350 686 reformidat.

275 738 464 810 Comoediae
501 739 631 811 dictum
668 739 811 811 inieram
844 730 998 823 alteriue,
1021 737 1245 831 desinamque
1271 759 1352 807 cum

274 861 409 931 Plauto:
424 853 431 885 ¹

394 1058 488 1120 Nemo
507 1057 630 1138 (inquit)
649 1058 695 1120 ire
712 1073 899 1135 quemquam
915 1055 1034 1136 publica
1050 1055 1190 1135 prohihet
1207 1054 1274 1129 ria,
1311 1127 1312 1132 ἵ

395 1156 474 1220 Dum
490 1172 529 1218 ne
545 1172 600 1234 per
615 1156 745 1219 fundum
761 1159 880 1233 septum
896 1154 986 1217 iacias
1003 1154 1161 1230 semitam,

273 1361 309 1422 et
326 1372 407 1445 quae
424 1351 459 1420 in
476 1351 567 1422 hanc
587 1349 648 1420 tibi
667 1350 873 1422 sententiam
896 1359 1098 1443 sequuntur.
1114 1352 1244 1422 Locum
1257 1372 1355 1444 quae-

275 1475 347 1546 ris‘l
366 1473 525 1546 Curculio
538 1473 664 1544 sabulae
677 1495 803 1544 nomen
816 1484 881 1544 est.
897 1474 1053 1568 Denique
1066 1475 1133 1545 hoc
1148 1473 1208 1545 tibi
1223 1473 1354 1546 suadeo

275 1598 369 1690 quod
389 1596 472 1667 mihi
499 1595 619 1667 videor
643 1597 882 1690 persuasisse:
909 1597 1037 1669 veteris
1065 1596 1215 1668 flammae
1240 1607 1301 1669 aut
1325 1600 1354 1668 si

276 1719 360 1812 quid
379 1719 506 1789 savillae
528 1717 678 1810 tepentis
712 1721 941 1812 superfuerat,
973 1720 1137 1812 cogitatio
1157 1720 1351 1812 oppressit,

276 1850 413 1936 tempus
433 1840 566 1926 lenivit,
588 1839 780 1912 novissime
799 1864 892 1914 mors
913 1843 1075 1914 extinxit.
1097 1842 1199 1927 Quod
1223 1842 1354 1916 adhoc

276 1966 439 2035 humanae
458 1963 541 2033 vitae
559 1962 688 2034 bellum
711 1964 841 2050 attinet,
864 1967 1016 2058 receptui
1037 1966 1207 2037 cecinisse
1224 1985 1279 2035 me
1293 1987 1355 2034 no-

236 2177 240 2181 !
275 2085 381 2159 veris.
400 2087 476 2158 Non
497 2109 574 2158 sum
597 2086 658 2157 tibi
678 2111 771 2159 nunc
795 2089 890 2162 aliud
916 2089 1123 2184 scripturus
1150 2087 1210 2181 qui
1235 2097 1271 2159 et
1295 2086 1353 2159 ubi

276 2209 342 2278 sim
362 2209 469 2292 nosti,
491 2208 576 2302 quid
596 2220 629 2281 te
650 2230 810 2284 moneam
831 2211 1008 2305 intelligis,
1036 2212 1120 2307 quid
1152 2212 1196 2284 de
1229 2220 1262 2283 te
1281 2232 1354 2282 me

276 2342 371 2404 tuam
397 2333 510 2404 vides.
532 2335 632 2418 Vale,
651 2356 750 2420 cave,
770 2335 1005 2428 circumspice.

697 2834 875 2900 EPISTOLA
897 2837 932 2900 V.

246 2977 249 2982 ’
332 3009 526 3059 rnnncrsnus
546 3009 713 3058 narniam
735 3009 896 3058 nunonrno
918 3009 969 3057 ar.
993 3008 1151 3058 rinuunsr
1173 3009 1198 3058 s.
1221 3011 1248 3057 n.
1270 3008 1300 3056 n.

303 3159 397 3214 Multis
411 3161 549 3214 rationum
564 3161 710 3214 momentis
724 3159 840 3216 suadere
855 3161 962 3231 nititur,
987 3177 1016 3215 se
1039 3177 1105 3215 non
1118 3160 1210 3215 animo
1225 3159 1354 3230 cuiquam

384 3249 511 3318 nocendi,
535 3251 677 3321 multoque
701 3250 794 3304 minus
812 3249 957 3322 Episcopo,
982 3249 1011 3304 in
1027 3247 1110 3304 Curia
1123 3249 1214 3304 adhuc
1232 3248 1352 3318 morari,

383 3340 467 3410 idque
480 3346 580 3412 praeter
595 3356 674 3394 suam
688 3341 858 3396 voluntatem
871 3340 1004 3396 accidere.

377 3583 452 3654 Etsi
474 3603 569 3676 saepc
590 3581 816 3675 breviloquus
836 3581 948 3667 dolor,
977 3605 1224 3676 nonnunquam
1248 3581 1351 3651 etiam

279 3716 395 3777 mutus
417 3705 474 3790 sit,
494 3705 552 3777 ubi
573 3702 672 3797 gravi
691 3705 789 3777 obice
814 3703 912 3776 vocis
941 3703 1010 3783 ¹iter
1035 3683 1186 3777 obstruit
1214 3710 1350 3772 moestae

186 3853 188 3861 '
280 3828 493 3920 torpidaeque
513 3827 638 3899 mentis
658 3826 833 3910 anxietas;
854 3826 913 3897 ubi
935 3836 1050 3898 tamen
1070 3821 1240 3914 congelati
1265 3844 1352 3894 moe-

280 3947 369 4017 roris
389 3948 604 4023 obstaculum
621 3950 699 4022 laesi
711 3951 815 4022 animi
827 3953 941 4024 calore
953 3947 1148 4030 resolvitur,
1165 3945 1274 4017 verba
1287 3945 1352 4015 iter

279 4068 473 4155 inveniunt,
493 4082 528 4141 et
548 4094 643 4165 saepe
662 4073 929 4164 loquacissimus
949 4071 1046 4142 dolor
1069 4074 1135 4137 est.
1164 4067 1351 4160 Utriusque

373 4205 380 4237 ¹
399 4206 494 4267 plaut,
510 4207 637 4268 Curculio,
650 4215 712 4269 act,
727 4210 752 4268 l,
765 4223 798 4259 sc
815 4210 836 4256 l,
