2958 4804
392 373 483 421 LlllEll
504 371 786 421 DEClllUSTEll‘l'lUS.
798 391 834 402 -
847 372 999 420 EPISTULA
1020 373 1061 421 lv.
1208 362 1262 422 “2⁸21

175 508 285 580 ribus
301 519 491 579 exerceret.
508 507 693 590 Quiescere
714 517 847 600 poterat
864 509 1008 603 Ulysses
1028 508 1093 579 nisi
1112 509 1266 601 inexple-

174 630 255 703 bile
276 631 490 702 desiderium
513 632 619 701 multa
639 630 805 702 noscendi
826 630 960 701 cunctis
985 631 1081 701 illum
1106 629 1265 701 litoribus

175 755 364 848 terrisque
396 763 569 846 raptaret:
599 752 772 825 laboriosa
796 754 908 826 virtus
934 775 1015 846 quae
1040 775 1265 849 possessores

175 897 270 948 suos
293 877 474 970 quiescere
497 898 565 948 non
587 875 681 960 sinit,
697 875 878 961 laboriosa,
894 877 1049 969 inquam,
1064 877 1186 962 virtus,
1202 876 1265 948 sed

176 999 353 1090 gloriosa,
378 999 632 1084 sed1clara‚et
661 1021 756 1092 quae,
780 1010 817 1070 ut
838 999 1006 1083 laborem,
1034 1000 1084 1072 sic
1110 1022 1264 1073 amorem

176 1121 522 1214 admirationemque
538 1122 704 1194 conciliat.
719 1124 802 1193 llaec
819 1131 874 1193 est
889 1145 969 1216 qnae
986 1133 1022 1194 et
1037 1124 1200 1219 Ulyssem
1219 1123 1267 1194 si-

176 1245 308 1315 mulati
327 1245 466 1329 luroris
489 1243 519 1314 si
540 1265 582 1314 ea
607 1246 697 1316 lama
717 1267 801 1316 vera
822 1257 888 1332 est,
909 1257 944 1318 el
960 1245 1128 1317 Achillem
1147 1246 1265 1318 lnrlivi

177 1367 314 1438 amoris
335 1366 475 1437 latebris
494 1366 638 1439 eductos
658 1367 825 1463 perduxit
841 1367 886 1440 ad
905 1369 1050 1440 Troiam.
1071 1369 1123 1439 Nil
1141 1379 1202 1441 aut
1218 1368 1265 1438 illi

150 1551 151 1556 ,
177 1489 364 1584 proprium
385 1501 445 1560 aut
470 1488 550 1560 hnic
575 1501 771 1562 maternum
796 1490 923 1583 profuit
947 1489 1139 1582 ingenium;
1163 1492 1264 1562 lentis

178 1612 299 1682 virtus
336 1610 484 1715 adversa
520 1612 672 1685 consiliis
706 1612 907 1705 figmentum
942 1637 1043 1686 omne
1085 1615 1262 1689 discnssit.

179 1736 257 1807 Non
272 1746 421 1830 possunt
433 1736 499 1806 viri
513 1735 678 1828 insignes
697 1737 765 1808 nisi
783 1750 820 1810 ιιι
832 1739 965 1810 excelsi
982 1748 1131 1824 monleS,
1150 1741 1264 1812 occul·

181 1858 258 1929 lari.
283 1859 346 1930 Cui
368 1857 545 1950 singulare
565 1858 706 1951 aliquod
727 1869 863 1930 naturae
888 1859 1017 1932 donum
1038 1869 1102 1945 est,
1125 1860 1160 1932 in
1185 1883 1264 1955 per-

181 1981 296 2074 petuis
318 1981 494 2052 laboribus
516 1991 654 2052 atatem
675 1995 769 2073 aget:
806 1982 834 2052 si
868 1983 1086 2074 negotiorum
1107 1983 1262 2056 turbines

181 2104 354 2196 effugerit,
378 2104 424 2173 illi
444 2125 523 2175 eum
551 2103 586 2175 in
612 2103 745 2175 medias
767 2104 970 2176 solitudines
997 2116 1259 2199 persequentur.

180 2227 294 2297 Parvo
329 2247 454 2317 magna
475 2247 544 2296 non
565 2235 743 2298 constant:
776 2225 934 2320 quisquis
959 2247 997 2297 es
1032 2227 1090 2318 qui
1118 2227 1259 2297 virtutis

182 2347 296 2440 specie
317 2347 449 2420 illectus
469 2347 546 2419 eius
567 2358 741 2440 comptum
762 2349 990 2443 concupiscio,
1019 2347 1105 2420 scito
1127 2371 1198 2420 rem
1225 2359 1258 2420 to

182 2471 374 2543 maximam
407 2481 544 2564 optare,
575 2493 689 2565 neque
723 2493 831 2566 parvo
857 2472 1056 2564 parabilem,
1086 2473 1148 2544 sed
1175 2495 1257 2567 qnae

184 2603 290 2666 totum
311 2607 345 2665 te
363 2604 492 2688 poscat.
519 2594 681 2678 Proinde,
704 2604 751 2678 ut,
773 2593 901 2685 quibus
923 2595 1035 2686 magis
1056 2595 1142 2666 lorte
1163 2595 1260 2666 dele-

182 2719 344 2802 elaberis,
363 2718 533 2811 exemplis
554 2739 654 2810 agam
673 2727 709 2787 et
725 2716 929 2788 certioribus
946 2725 980 2787 el
998 2693 1143 2801 nostrii,
1164 2728 1261 2811 pote-

182 2855 233 2915 rat
245 2841 423 2915 Fabricius
435 2841 528 2914 domi
547 2863 737 2926 senescere,
759 2841 919 2934 quamvis
938 2849 1032 2914 esset
1048 2839 1257 2926 arctissima;

182 2966 304 3038 Curius
325 2964 361 3035 in
382 2965 517 3036 hortulo
538 2963 697 3034 manibus
732 2965 805 3036 suis
831 2965 937 3048 culto,
974 2965 1006 3036 in
1039 2964 1161 3056 agellis
1184 2966 1258 3036 suis

182 3092 363 3171 Serranus,
387 3087 561 3172 Quintius
587 3086 741 3172 Attilius3
767 3097 901 3180 poterat
925 3088 1087 3160 Camillus
1114 3087 1148 3157 in
1174 3110 1258 3182 paee

180 3213 322 3304 degere,
346 3232 410 3281 nec
427 3212 592 3303 praeclara
610 3211 718 3300 gloria
731 3210 895 3283 invidiam
914 3212 1041 3282 civium
1062 3221 1167 3304 alque
1181 3212 1258 3283 exi-

179 3334 260 3403 lium
275 3333 412 3414 mereri,
428 3331 494 3402 nisi
508 3353 568 3404 eos
584 3342 737 3425 spectata
755 3332 866 3405 virtus
885 3334 1056 3406 adversus
1070 3334 1254 3429 Pyrrhum,

180 3455 359 3539 Samnites
371 3455 506 3540 Poenos
521 3456 644 3541 Gallos
663 3465 768 3549 alque
780 3457 932 3550 undique
946 3456 1164 3548 ingruentem
1183 3455 1256 3526 bel-

180 3579 288 3648 lorum
304 3579 428 3649 molem
442 3578 549 3649 duces
564 3590 747 3671 perpetuos
762 3579 973 3673 Reipublicae
985 3578 1120 3650 debitos
1138 3600 1178 3650 ao
1195 3599 1257 3650 ne-

179 3698 349 3770 cessarios
367 3700 533 3792 elegisset
544 3699 784 3792 coegissetque
802 3700 869 3771 sub
886 3699 992 3770 armis
1007 3719 1123 3770 aevum
1138 3720 1253 3790 agere.

176 3820 336 3892 Poterant
360 3821 535 3914 Scipiones
561 3825 679 3894 Romae
701 3822 856 3893 suaviter
881 3844 921 3894 ae
946 3824 1096 3893 fraterne
1116 3822 1251 3904 vivere,

176 3939 333 4034 interque
356 3963 496 4014 suorum
519 3942 620 4013 busta
642 3941 792 4036 sepeliri,
814 3943 881 4014 nisi
902 3942 979 4014 illos
1004 3942 1157 4014 studium
1183 3943 1254 4012 vir-

176 4063 270 4147 tutis,
293 4073 370 4136 octo
392 4065 489 4135 annis
512 4065 663 4157 gloriose
684 4065 768 4136 actis
787 4065 822 4136 in
840 4066 1018 4161 Hispania,
1039 4077 1118 4160 post
1134 4066 1253 4137 claris-

176 4185 283 4258 simos
299 4187 435 4259 labores
454 4189 637 4281 peregrina
657 4191 777 4260 tellure
795 4189 1063 4284 procumbentes
1077 4189 1250 4261 obrueret.
