3062 4798
276 341 336 402 iii
423 382 438 410 .,
612 357 653 405 nn
675 357 776 407 nunus
796 355 1017 424 murmannus

278 490 308 558 si
329 489 363 559 id
383 490 502 581 egerit,
522 499 643 582 pacato
659 493 735 563 eius
753 493 910 584 privatus
927 501 1071 586 aspectu
1083 492 1311 584 ignominiam
1323 503 1358 566 et

277 634 451 684 carcerem
474 613 571 684 timet
588 625 623 685 et
639 614 786 687 verbera
805 626 844 686 et
856 629 1018 700 mortem,
1039 615 1122 707 quid
1143 616 1188 686 de
1205 627 1358 687 contem-

276 746 334 828 pto
355 736 477 806 aeterni
498 737 592 828 regis
613 736 759 828 imperio
781 737 1026 808 aestimandum
1044 740 1118 808 cst?
1139 738 1260 832 ltaque
1274 739 1356 809 nihii

276 844 529 953 praecipitanter
541 859 597 949 agi
614 867 774 952 oportere
788 861 900 951 palam
914 868 981 930 est:
996 859 1160 952 patientia
1173 859 1356 931 difficultas

275 980 438 1065 vincitur,
461 981 698 1075 optimumque
724 989 780 1053 est
803 980 998 1053 Psalmistae
1023 981 1220 1062 consitium,
1248 1003 1358 1076 expe-

274 1103 438 1174 ctandum
464 1103 667 1186 Dominum,
696 1104 941 1197 agendumque
967 1103 1130 1188 viriiiter,
1154 1113 1193 1174 ut
1212 1104 1271 1176 ilio
1293 1107 1357 1176 sci-

274 1228 352 1298 licet
372 1237 519 1298 vocante
540 1226 816 1320 respondeamus
834 1227 1012 1322 intrepidi;
1030 1227 1162 1304 interea
1182 1228 1276 1300 taciti
1294 1251 1356 1322 per

273 1351 471 1443 patientiam
498 1360 741 1444 expectantes,
764 1350 889 1441 dignos
916 1371 981 1422 nos
1007 1352 1121 1422 iacere
1148 1352 1354 1423 studeamus

273 1473 333 1564 qui
359 1473 540 1544 dexteram
567 1473 600 1542 in
628 1483 761 1571 partem
786 1494 955 1545 vocemur
980 1495 1001 1544 a
1026 1475 1184 1546 Domino.
1219 1474 1356 1546 Cicero-

240 1591 242 1603 ’
272 1595 414 1667 nianum
442 1617 581 1689 quoqne
608 1596 791 1667 consilium
819 1599 972 1668 salutare
996 1607 1035 1668 ut
1059 1597 1196 1668 interim
1222 1627 1237 1662 a
1266 1599 1356 1668 coia-

275 1743 291 1779 »
322 1736 400 1786 mus
425 1715 591 1787 iustitiam
619 1727 654 1786 et
679 1715 866 1809 pietatem,
889 1737 970 1810 quae
991 1737 1075 1788 eum
1102 1718 1302 1810 sit.magna
1321 1717 1356 1787 in

277 1867 291 1903 n
319 1835 522 1931 parentibus
542 1845 579 1908 et
599 1839 818 1933 propinquis,
838 1847 911 1910 tum
930 1839 963 1908 in
983 1840 1093 1932 patria
1108 1840 1265 1912 maxima
1285 1848 1353 1924 est,

276 1991 291 2027 n
320 1971 357 2033 et
370 1983 412 2032 ea
424 1960 497 2032 vita
512 1963 570 2032 via
587 1971 641 2033 cst
659 1962 693 2032 in
711 1964 847 2034 omium.
868 1989 883 2026 u
902 1959 978 2044 Quo
994 1961 1087 2033 dicto
1105 1962 1189 2054 quid
1206 1962 1355 2033 intendit

272 2085 366 2156 aliud
389 2084 458 2156 nisi
484 2086 579 2179 quod
604 2086 713 2157 nostri
738 2089 939 2179 loquuntur,
968 2085 1121 2157 viatores
1147 2107 1212 2160 nos
1237 2095 1354 2158 osten-

272 2209 374 2293 denS,
394 2208 522 2300 quibus
546 2209 591 2280 sit
607 2209 652 2280 ad
672 2211 798 2280 coelum
818 2209 875 2281 ubi
898 2207 1009 2303 patria
1027 2219 1082 2278 est
1098 2218 1231 2292 nostra,
1247 2207 1354 2280 hono-

271 2355 347 2402 rum
374 2334 437 2402 alis
464 2353 608 2425 operum
635 2333 874 2424 bonarumque
899 2331 1146 2423 cogitationum
1170 2330 1352 2422 gressibus

271 2454 545 2538 ascendendum
560 2454 654 2547 quod
671 2453 803 2525 facilins
818 2453 891 2536 fiet,
913 2467 950 2526 ut
962 2453 1075 2525 eidem
1093 2456 1217 2547 placet,
1238 2453 1266 2524 si
1285 2455 1350 2524 iam

270 2599 362 2647 nunc
382 2576 466 2647 dum
489 2596 612 2647 sumus
632 2577 667 2646 in
688 2595 833 2670 corpore
859 2577 1090 2649 eminebimus
1114 2578 1223 2658 foras,
1250 2583 1286 2644 et
1311 2595 1352 2644 ea

271 2719 352 2790 quae
365 2709 467 2768 extra
481 2709 562 2768 sunt
578 2701 861 2791 contemplantes
877 2721 982 2792 quam
997 2674 1150 2770 maxime
1162 2721 1226 2770 nos
1242 2676 1352 2769 acor-

271 2821 415 2914 porihus
436 2819 694 2896 abstrahemus..
716 2822 800 2891 Haeo
821 2822 904 2891 mihi
929 2821 1095 2893 videntur
1116 2822 1150 2891 in
1170 2823 1236 2892 hac
1257 2831 1351 2892 tanta

271 2941 472 3012 difficultate
498 2949 696 3011 sanctorum
723 2949 827 3034 atque
853 2941 1033 3014 doctorum
1062 2944 1239 3015 hominurn
1267 2965 1350 3014 sana

270 3061 430 3132 consilia:
443 3083 524 3131 narn
539 3063 679 3133 Senecae
691 3085 850 3159 praeceps
865 3065 950 3136 iliud
964 3077 998 3136 et
1016 3066 1192 3136 exoticam
1205 3066 1347 3156 dogma,

269 3181 364 3275 quod
381 3182 436 3252 vir
456 3181 606 3276 alioquin
628 3182 852 3258 doctissimus
873 3209 942 3258 non
963 3187 1063 3271 vidit,
1079 3188 1350 3283 dnm,tempora-

270 3307 321 3376 ies
335 3305 425 3396 sugit
437 3325 623 3390 aerumnas,
643 3306 763 3380 incidit
780 3308 814 3379 in
832 3318 997 3380 aeternas:
1013 3311 1144 3380 Horum
1156 3311 1262 3403 igitur
1275 3333 1350 3382 orn-

269 3428 364 3497 nium
386 3426 461 3498 haec
483 3447 619 3500 summa
638 3439 706 3500 est:
728 3451 796 3501 non
817 3428 989 3500 amandus
1010 3439 1065 3500 cst
1084 3452 1203 3503 carcer
1224 3431 1259 3501 in
1280 3451 1349 3522 quo

270 3571 414 3635 sumus,
442 3550 507 3620 sed
530 3572 595 3622 nec
616 3550 859 3646 anticipandas
883 3552 1022 3637 exitus,
1045 3555 1205 3647 nequod
1229 3553 1349 3624 multis

268 3672 413 3756 accidit,
435 3672 520 3742 dum
541 3692 714 3743 carcerem
740 3672 907 3764 sugimus»,
935 3674 1126 3770 praecipitio
1150 3697 1347 3767 pereamus.

269 3793 325 3863 Sic
347 3791 539 3864 vivendum
561 3795 773 3880 incarcere,
797 3807 835 3868 ut
859 3817 938 3866 curn
965 3796 1103 3867 venerit
1129 3806 1265 3890 tempus
1286 3819 1349 3868 no-

269 3923 397 3997 strum,
426 3913 559 3986 felicem
585 3916 665 3987 hino
684 3915 817 3987 exitum
843 3935 1049 3987 mereamur.
1072 3918 1163 4016 Sane
1183 3917 1279 4010 quod
1304 3918 1349 3990 ad

267 4036 452 4122 praesentis
486 4038 652 4128 temporis
687 4045 815 4108 statum
842 4038 975 4120 attinet,
1005 4047 1042 4109 ut
1066 4038 1110 4110 ad
1131 4039 1348 4132 propositum

222 4137 226 4156 “
268 4157 398 4235 vertar,
421 4175 509 4244 nego
531 4157 644 4227 locum
670 4177 751 4228 esse
774 4160 841 4230 sub
866 4157 969 4230 astris
992 4159 1051 4230 ubi
1072 4183 1141 4232 non
1163 4163 1273 4234 muita
1298 4164 1314 4232 i
1333 4203 1348 4214 -
