3024 4802
282 333 340 396 538
620 337 661 393 nn
684 345 784 394 annus
805 344 1027 396 rnurnrnrunus

281 483 324 555 Et
339 483 546 574 quantulum
568 481 616 552 ilii
637 481 828 553 vivendum
848 491 934 567 erat,
954 493 992 554 ut
1008 483 1207 556 ineundam
1228 485 1299 556 ista
1312 508 1366 558 re-

280 605 471 690 flecterem,
490 613 673 676 nocentem
699 613 790 676 teste
819 608 891 677 fato
922 607 1146 694 convincens,
1180 609 1242 702 qui
1276 620 1365 682 teste

279 733 349 802 fato
370 729 596 802 innocentiam
616 728 839 826 adstruebat?
858 731 982 802 Paucis
999 738 1079 800 ante
1096 729 1365 804 obitumdiebus

249 883 252 930 ς
278 853 448 936 litterulas
469 872 565 924 meas
583 861 765 944 acceperat
782 852 963 924 aculeosas
976 855 1101 937 fateor,
1115 854 1235 946 plenas
1249 861 1365 926 tamen

278 975 462 1044 affectuum
483 971 705 1066 optimorum,
728 971 859 1065 quibus
880 972 928 1044 ita
951 995 988 1044 se
1009 973 1124 1056 torsit,
1147 972 1195 1045 ita
1215 995 1365 1066 respon-

280 1097 387 1170 sionis
409 1095 524 1168 studio
541 1095 712 1179 efferbuit,
732 1096 823 1167 siout
842 1105 964 1189 postea
984 1097 1185 1180 retulerunt,
1198 1097 1262 1189 qui
1275 1116 1364 1188 prae

278 1229 396 1292 sentes
413 1229 527 1302 erant,
545 1219 649 1311 quasi
671 1239 807 1291 summo
820 1218 944 1310 pudori
956 1218 1100 1292 duceret
1117 1241 1185 1291 non
1197 1239 1362 1311 aequasse

157 1365 162 1426 ‚¹
278 1345 409 1427 stilum,
429 1340 526 1433 quod
546 1363 654 1412 unum
676 1340 874 1414 facillimum
896 1341 944 1412 illi
964 1352 1053 1427 erat,
1069 1340 1220 1414 litterato
1238 1343 1274 1412 in
1292 1342 1361 1434 pri-

278 1469 344 1538 mis
365 1464 566 1557 disertoque
586 1464 727 1536 homini.
745 1463 784 1535 id
804 1463 912 1549 enim,
933 1476 1030 1558 puto,
1052 1463 1147 1558 qnod
1178 1475 1256 1538 erat
1274 1463 1361 1534 diffi-

277 1588 441 1662 cillimum
463 1607 532 1658 non
553 1585 711 1668 curabat,
735 1585 920 1658 retundere
953 1586 1084 1660 scilieet
1114 1598 1149 1658 et
1180 1589 1360 1660 oonsutare

277 1711 478 1784 sententias.
499 1707 624 1781 Verbis
646 1709 810 1801 equidem
831 1720 935 1803 atque
954 1709 1092 1783 dicendi
1110 1709 1280 1782 exercitio
1306 1732 1361 1782 or-

276 1842 389 1916 natus,
411 1829 601 1903 verborum
623 1829 813 1903 certamina
826 1852 896 1903 non
910 1831 1066 1916 timebat;
1080 1831 1241 1926 sedquid
1254 1831 1359 1904 rebus

274 1955 360 2050 ipsis
381 1955 487 2028 iacias
509 1962 614 2048 atque
631 1953 863 2049 apertissimae
884 1956 1022 2026 veritati
1035 1955 1120 2047 quid
1134 1954 1357 2050 respondeas,

274 2078 342 2152 nisi
364 2088 402 2151 ut
422 2086 538 2150 taceas
560 2087 619 2152 aut
640 2075 1080 2150 confirmestVerbaenim
1093 2099 1284 2170 compares,
1300 2087 1358 2150 aut

272 2225 337 2298 par
353 2212 413 2275 aut
434 2201 594 2298 superior
611 2223 692 2274 esse
711 2211 827 2294 potes,
850 2199 956 2272 rebus
977 2200 1118 2272 interior
1140 2200 1190 2272 sis
1211 2208 1356 2294 oportet.
1490 2255 1491 2260 ,

274 2327 376 2419 Saepe
399 2325 616 2418 phaleratam
636 2324 869 2417 eloquentiam
890 2323 983 2395 nuda
1003 2325 1134 2396 veritas
1155 2323 1273 2395 vincit.
1291 2325 1358 2394 lta·

274 2469 341 2541 que
358 2469 437 2520 oum
458 2468 496 2519 se
517 2451 664 2521 multum
685 2449 813 2519 frustra
840 2445 1013 2533 torsisset,
1036 2447 1185 2544 septimo
1213 2447 1356 2520 demum

272 2569 330 2642 dia
354 2571 515 2642 nuntium
546 2592 662 2642 meum
696 2568 772 2640 sine
804 2569 925 2642 titteris
951 2569 1098 2656 dimisit,
1133 2591 1354 2662 responsum,

272 2693 519 2785 propriumque
539 2692 698 2764 nuntium
725 2691 912 2786 pollicitus
932 2713 1037 2783 quem
1057 2711 1128 2764 non
1148 2691 1255 2776 misit,
1290 2712 1354 2762 neo

272 2812 400 2886 deinde
421 2814 615 2907 respondit,
639 2811 759 2884 morbo
782 2834 846 2884 seu
866 2811 1021 2905 corporis
1043 2832 1106 2883 seu
1126 2811 1233 2884 animi
1266 2831 1355 2906 prae-

271 2943 414 3018 ventus,
437 2935 531 3026 quod
552 2957 615 3026 per
630 2955 693 3004 eos
710 2933 787 3004 dies
807 2941 927 3004 contra
946 2956 1049 3006 suam
1074 2945 1177 3027 atque
1200 2933 1354 3006 omnium

272 3079 370 3150 spem
384 3055 642 3127 animosissime
653 3054 700 3126 ad
713 3055 794 3126 litus
807 3056 996 3144 Venatum,
1011 3057 1087 3152 ipsa
1100 3057 1234 3143 eadem,
1249 3079 1352 3151 quam

270 3177 410 3273 penitus
430 3177 559 3249 victam
572 3187 678 3270 atque
695 3178 898 3250 exterritam
911 3180 1120 3264 aestimabat,
1133 3181 1354 3252 Ianuensium

147 3348 148 3351 =
269 3301 394 3374 classis
415 3301 579 3386 accessit,
603 3301 658 3373 oui
680 3301 842 3374 tumultui
867 3303 948 3374 Dux
968 3302 1043 3394 ipse
1069 3312 1196 3394 praeter
1221 3323 1353 3374 morem

269 3433 426 3497 armatus
451 3424 616 3494 interfuit.
638 3423 709 3494 Neo
729 3433 809 3518 post
828 3447 909 3496 eum
931 3424 1023 3496 diem
1044 3428 1116 3496 fere
1130 3423 1262 3518 aliquid
1276 3445 1353 3516 ges·

270 3547 329 3629 sit,
351 3545 452 3638 quasi
473 3545 642 3616 festinans
668 3544 949 3640 impendentibus
972 3556 1077 3641 eaput
1097 3546 1198 3618 malis
1219 3555 1353 3619 matura

269 3675 379 3740 morte
400 3666 605 3740 subducere.
628 3666 704 3738 Etsi
737 3666 878 3760 quidam
900 3670 1010 3740 ierant
1030 3667 1254 3762 respondisse
1272 3687 1352 3738 eum

269 3789 386 3886 neseio
395 3788 501 3888 quid,
523 3788 618 3883 quod
638 3811 859 3883 nequaquam
877 3789 922 3862 ad
940 3811 1006 3876 me,
1023 3799 1135 3862 morte
1155 3789 1232 3884 ipsa
1248 3787 1353 3861 Ducis

268 3911 385 3979 forsan
405 3909 672 3996 interveniente,
695 3912 864 4004 pervenit.
887 3913 969 3983 Post
993 3932 1075 4005 quaa
1108 3910 1226 3987 statim
1259 3907 1354 4003 apud

268 4030 411 4102 Achaiae
438 4027 603 4119 insulam,
630 4034 688 4106 oui
708 4035 894 4127 Sapientiae
920 4056 1048 4108 nomen
1073 4017 1143 4118 est,
1166 4033 1286 4104 Veneti
1308 4030 1352 4104 ab

268 4147 388 4218 eadem
410 4152 468 4224 illa
487 4175 579 4246 vaga
599 4156 713 4228 alasse
731 4154 955 4228 Ianuensium
974 4153 1184 4252 deprehensi
1203 4153 1351 4246 ingenti-
