2988 4800
276 353 333 414 lb]
613 366 653 411 nn
676 365 776 413 annus
798 366 1018 414 rnurnrnnraus

274 497 416 590 aliquis:
439 496 532 566 idem
554 499 633 566 nrali
655 520 769 590 genus
791 500 887 593 prius
909 501 953 572 ab
969 503 1069 573 hoste
1088 511 1268 575 tentatum.
1285 508 1354 576 lam

272 621 362 690 dixi:
385 623 450 690 etsi
471 643 577 690 tinum
606 624 777 714 alloquor,
802 635 986 718 utrumque
1012 626 1195 718 redarguo.
1219 628 1355 710 Quanto

272 744 412 835 dignius
433 746 554 827 fuerat,
583 745 715 816 irarum
736 733 875 818 detersa
897 747 1068 840 rubigine,
1087 772 1108 820 a
1126 773 1195 842 qua
1213 772 1283 821 non
1304 755 1356 822 ul-

271 867 338 938 lius
359 868 518 938 amicitiae
540 868 736 952 sinceritas,
761 892 829 941 non
856 873 1031 942 fraternus
1065 895 1175 957 amor,
1200 897 1268 946 non
1294 896 1356 946 su·

270 1013 389 1084 prema
410 990 549 1062 demum
570 993 724 1084 parentis
745 1015 785 1064 ac
806 1002 965 1066 natorum
987 995 1097 1087 pietas
1123 1019 1268 1089 prorsus
1290 998 1356 1068 im-

270 1113 385 1184 munis
402 1124 469 1197 est,
492 1116 644 1185 Venetos
666 1138 745 1186 cum
767 1117 997 1188 lanuensibus
1016 1142 1125 1189 unum
1143 1119 1228 1205 fieri,
1248 1145 1354 1214 quam

269 1240 460 1309 formosum
480 1257 606 1330 eorpus
628 1238 736 1308 ltaliae
757 1241 913 1325 lacerari,
942 1241 1043 1313 vobis
1069 1242 1350 1327 occidentalium,

269 1360 350 1446 illis,
374 1370 412 1431 ut
432 1359 552 1444 audie,
570 1360 716 1432 dextras
738 1363 955 1432 orientalium
975 1369 1202 1455 tyrannorum
1220 1366 1255 1436 in
1273 1388 1353 1460 par-

270 1493 339 1554 tem
363 1484 489 1553 furoris
515 1483 805 1578 implorantibus‘.l
835 1483 863 1551 Ο
889 1485 1014 1582 ferales
1046 1491 1081 1552 et
1115 1505 1353 1576 supervacuas

270 1610 437 1687 cautelas,
461 1627 481 1675 ο
503 1606 756 1677 malevolentiae
782 1629 892 1696 genus
914 1607 1094 1678 ultimum!
1123 1608 1224 1690 Quod
1249 1632 1355 1682 manu

270 1729 410 1823 propria
426 1750 496 1797 non
513 1727 641 1820 possis
658 1727 702 1798 ad
721 1728 756 1798 id
768 1727 1032 1821 circumspicere
1055 1729 1149 1820 quod
1166 1728 1288 1815 irrites,
1308 1742 1353 1814 et,

270 1857 515 1941 argumentum
542 1850 612 1920 odii
636 1848 814 1944 praebente
846 1850 987 1934 vicinia,
1015 1850 1149 1921 vicinos
1184 1854 1353 1922 scelerum

253 1973 475 2065 subrogare.
512 1973 615 2066 Atqui
648 1976 836 2044 multarum
870 1973 949 2045 hinc
981 1973 1185 2045 iniuriarum
1219 1974 1355 2046 lluxere

270 2097 467 2191 primordia,
483 2097 575 2177 dum,
593 2097 735 2188 indigno
756 2107 791 2166 et
807 2097 925 2168 nescio
943 2097 1034 2168 unde
1051 2097 1244 2190 prodeunte
1260 2100 1355 2170 lasti-

271 2220 328 2292 dio
350 2233 547 2292 nostrarum
570 2243 701 2306 rerum,
723 2221 757 2291 in
779 2220 1043 2293 admirationem
1067 2221 1220 2315 rapimur
1236 2231 1354 2293 exter-

270 2367 406 2427 narum,
430 2354 465 2414 et
490 2343 690 2436 iampridem
719 2344 969 2416 consuetudine
994 2344 1171 2437 pestilera,
1202 2345 1353 2416 italicam

271 2467 376 2539 fidem
397 2467 589 2538 barbaricae
614 2465 771 2560 perfidiae
795 2467 1054 2563 posthabemus.
1083 2468 1214 2551 Insani,
1233 2469 1292 2561 qui
1319 2469 1355 2538 in

269 2590 457 2660 venalibus
485 2589 610 2659 animis
644 2588 750 2660 fidem
783 2591 973 2682 qnaerimus
1000 2613 1105 2684 quam
1138 2591 1173 2660 in
1205 2591 1353 2684 propriis

269 2711 435 2783 fratribus
455 2713 696 2804 desperamus.
720 2712 796 2796 Quo
816 2712 977 2784 effectum
997 2724 1052 2785 est
1073 2723 1111 2784 ut
1130 2713 1205 2784 iure
1223 2714 1362 2820 optimo,

270 2836 304 2904 in
318 2835 382 2906 has
404 2836 618 2906 calamitates
639 2833 862 2906 inciderimus
883 2858 973 2930 quas
994 2859 1073 2908 sero
1093 2837 1162 2912 iam
1184 2848 1218 2908 et
1239 2837 1352 2908 ineffi-

269 2958 396 3027 caciter
417 2959 657 3028 lamentamur.
679 2959 868 3051 Postquam
889 2958 996 3052 Alpes
1016 2969 1052 3031 et
1078 2959 1202 3043 maria,
1222 2960 1353 3053 quibus

269 3100 334 3148 nos
355 3079 529 3150 moenibus
551 3069 675 3152 natura
696 3080 903 3165 vallaverat,
926 3093 961 3153 et
986 3083 1185 3154 interiectas
1207 3083 1351 3154 obsera-

268 3213 394 3296 tasque
414 3203 532 3275 divino
550 3227 695 3277 munere
712 3207 943 3278 claustrorum
962 3209 1092 3292 valvas,
1111 3207 1242 3292 livoris,
1265 3229 1352 3279 ava-

269 3327 358 3399 ritiae
386 3327 631 3422 superbiaque
655 3328 815 3402 clavibus
838 3329 1045 3424 aperiendas
1071 3329 1238 3400 duximus
1260 3330 1351 3400 Cim-

268 3449 356 3535 bris,
385 3451 532 3536 Hunnis,
565 3454 765 3539 Pannoniis,
799 3453 919 3538 Gallis,
954 3453 1131 3539 Teutonis,
1163 3455 1349 3548 HispaniS,

268 3573 427 3666 quotiens
449 3574 533 3646 illud
552 3577 744 3668 pastorium
762 3577 913 3652 Maronis
935 3577 1051 3650 flendo
1072 3577 1284 3648 cecinimus:

287 3867 291 3878 ,
332 3851 336 3859 ⁶
429 3782 543 3862 Impius
559 3783 623 3845 haec
640 3790 702 3846 tam
719 3786 795 3848 culta
814 3787 934 3853 novalia
952 3788 1039 3858 miles
1056 3785 1195 3850 habebit?

428 3879 578 3941 Barbarus
595 3881 648 3944 bas
665 3885 804 3960 segetes?
821 3887 942 3966 quue
960 3866 1109 3951 discordia
1127 3885 1211 3948 cives

430 3977 574 4042 Perduxit
590 3979 737 4044 miserest

269 4185 338 4255 Sed
370 4195 405 4255 ut
438 4186 482 4256 ad
512 4211 584 4258 rem
618 4192 772 4276 redeam,
795 4195 879 4286 quid
912 4216 976 4267 vos
1010 4193 1234 4274 deliberaturi
1270 4193 1348 4266 sitis
