2988 4800
425 403 516 451 ernna
538 403 943 452 euphemius-EPISTOLA
968 406 1030 454 rur.
1208 395 1260 454 lll

186 563 250 611 non
274 537 396 620 habeo,
421 538 514 609 curis
537 537 624 608 meis
646 537 831 622 obsessus,
855 560 945 632 quae,
970 539 1058 611 sicut
1075 541 1265 612 moderata

184 661 304 732 iuvant
322 668 558 753 exercentque
580 659 747 744 animum,
768 659 818 731 sic
836 660 1033 733 immodieae
1051 675 1264 756 pergravant

183 793 432 876 enervautque.
447 785 496 853 De
510 783 650 876 reliquo,
671 785 816 854 lortunae
828 783 959 855 crimen
974 787 1084 857 luerit.
1102 788 1152 856 Tu
1167 809 1262 871 vere,

183 907 237 977 vir
254 906 394 1001 optime,
418 905 577 978 allectum
602 928 731 988 meum,
752 906 883 977 nudum
903 908 981 978 licet
994 907 1189 994 effectibus
1210 909 1265 980 illa

185 1041 242 1101 tua
262 1052 386 1123 precor
412 1029 625 1102 humanitate
659 1033 901 1125 complectere,
925 1055 993 1104 uon
1015 1032 1180 1123 ignorans
1209 1055 1264 1104 me

183 1156 239 1224 vel
260 1153 295 1222 in
318 1152 454 1224 silentio
478 1164 573 1224 tuum
596 1175 690 1223 esse:
710 1155 804 1238 etsi,
827 1155 921 1248 quod
944 1179 1047 1248 spero
1067 1157 1207 1251 quidem
1228 1167 1263 1230 et
1299 1225 1302 1233 Δ

184 1275 295 1370 cupio,
318 1275 440 1371 coeptis
459 1275 651 1347 illustribus
670 1279 768 1348 lavor
784 1280 935 1351 coelestis
955 1281 1115 1369 adfuerit,
1133 1295 1171 1354 ut
1187 1307 1264 1356 cor-

184 1421 247 1492 pus
269 1397 421 1470 italicum
440 1398 516 1469 labe
535 1397 715 1472 barbarica
733 1411 918 1492 purgatum
937 1404 1135 1478 medullitus
1154 1429 1263 1498 agno-

185 1542 294 1605 scam,
316 1520 352 1589 in
373 1520 466 1612 quod
492 1520 560 1590 iam
586 1543 692 1606 nunc,
715 1531 753 1593 ut
778 1527 870 1595 fama
894 1537 960 1610 est,
984 1526 1096 1599 dulcia
1117 1530 1259 1614 nostris,

183 1665 301 1715 amara
318 1643 478 1717 hostibus
496 1650 744 1742 praeparatoria
757 1650 967 1734 confecistis
992 1649 1104 1722 sentio
1124 1673 1179 1722 me
1200 1653 1262 1724 de-

184 1766 309 1838 siderio
336 1790 414 1839 meo
445 1792 514 1841 non
540 1793 645 1866 posse
674 1772 805 1844 diutius
832 1773 987 1855 obstare,
1011 1778 1195 1867 quominus
1225 1773 1261 1844 in

181 1890 262 1962 illud
276 1891 358 1964 litus
373 1893 437 1972 cui,
457 1916 525 1964 non
544 1897 646 1968 modo
663 1897 697 1967 in
714 1897 810 1968 ltalia
829 1896 944 1968 sedin
963 1906 1034 1969 toto
1052 1899 1156 1970 etiam
1175 1898 1260 1970 orbe

182 2025 359 2100 terrarum,
376 2017 562 2112 scriptores
577 2042 693 2090 rerum
709 2021 793 2091 dant
807 2019 1071 2114 pulchritudinis
1086 2021 1259 2115 principa-

182 2147 264 2219 tum,
287 2137 376 2209 inter
397 2141 660 2235 occupationum
685 2164 840 2212 mearum
875 2143 960 2213 retia
993 2143 1151 2235 dilapsus
1173 2164 1258 2213 eva-

180 2259 274 2344 dam,
297 2262 474 2333 etfaciam
502 2272 594 2335 tuam
623 2264 763 2336 visurus
790 2273 826 2334 et
849 2265 1089 2358 Parthenopen
1115 2263 1256 2335 revisu-

181 2405 249 2454 rus.
271 2363 375 2470 Vive,
399 2395 434 2455 et
454 2387 542 2470 vale,
566 2386 672 2458 (lacus
694 2399 865 2458 nostrum.

321 2529 371 2584 ΙΙΙ.
387 2530 449 2585 Kal.
465 2531 645 2603 Septembris.
663 2531 816 2586 Avenione.

583 2925 759 2988 urlsroun
782 2927 851 2989 XlV.

253 3109 449 3160 FRANCISCUS
470 3111 638 3162 Parnasus
660 3081 806 3160 PHILIl'PO
827 3113 868 3160 DE
892 3111 1040 3160 vllthco
1062 3113 1186 3164 ELECTO

478 3218 629 3267 EPISGOPO
651 3218 810 3266 MELDENSI
833 3218 858 3266 S.
881 3219 908 3266 P.
931 3219 961 3266 D.

287 3385 449 3459 Gratulatur
462 3411 586 3461 evectum
599 3407 634 3461 ad
647 3407 852 3478 pontificatum,
868 3406 916 3461 sed
931 3405 1054 3462 muneris
1068 3423 1149 3478 grave

576 3496 685 3568 pondus
701 3497 858 3551 miseretur.

274 3719 514 3810 Congratulcr,
537 3745 581 3793 an
599 3744 683 3794 vero
709 3723 910 3818 compatiar,
935 3722 1173 3794 amantissime
1193 3745 1254 3815 pa-

176 3851 229 3912 ter
249 3851 354 3936 atque
374 3846 515 3937 optime,
530 3846 624 3938 quod
638 3869 745 3938 quum
759 3847 912 3918 maxime
932 3845 1132 3917 necessaria
1152 3845 1253 3938 quies

174 3975 283 4051 esset,
303 3976 376 4038 tum
398 3969 549 4040 maxime
565 3969 625 4040 tibi
644 3967 947 4064 superimpositum
966 3968 1120 4040 laborem
1138 3969 1251 4053 video,

174 4097 209 4158 et
234 4090 472 4184 praedulcibus
499 4093 691 4165 studiorum
720 4092 812 4164 curis
839 4091 1158 4186 iucundissimoque
1184 4095 1253 4166 otio

173 4212 337 4303 praedura
357 4213 495 4304 negotia
516 4225 551 4285 et
570 4215 799 4309 episcopalem
823 4214 1093 4288 sollicitudinem¹
1115 4239 1254 4290 succes-
