3002 4794
430 399 523 448 ursan
545 399 876 450 nouus—nrisroua
896 401 961 450 xru.
1195 389 1235 452 to

147 518 192 588 nii
213 517 362 610 gloriam
384 518 613 601 cumularent,
641 517 749 588 vitam
777 516 811 586 in
831 518 1008 612 perpetuis
1035 520 1238 612 peregrina-

149 638 302 712 tionibus
344 646 551 729 exegerunt.
594 638 661 710 Sed
704 638 785 729 quia
804 699 809 706 .
827 637 991 716 libentius
1030 641 1237 733 professioni

149 770 282 834 nostrae
309 759 478 832 viciniora
503 780 753 843 commemoro,
784 757 1069 853 pbilosophorum
1103 760 1236 854 aliquos

147 883 331 974 attingam.
344 882 451 965 Plato,
468 880 596 952 relictis
616 878 772 965 Athenis,
792 875 861 964 ubi,
881 879 912 950 si
931 879 998 951 dici
1020 883 1072 952 fas
1092 891 1155 966 est,
1174 903 1238 975 pro

148 1004 307 1076 terrestri
335 1002 486 1096 quodam
511 1002 654 1074 numine
679 1001 874 1087 colebatur,
898 1004 1087 1098 AEgyptum
1110 1005 1235 1098 prime,

148 1124 278 1200 deinde
300 1125 435 1197 ltaliam
454 1125 659 1198 circumivit.
678 1124 724 1196 At
744 1133 895 1218 quantus
917 1124 1015 1198 labor
1032 1125 1163 1197 bomini
1182 1148 1238 1198 se-

148 1249 230 1322 dere
249 1247 375 1320 solito?
388 1248 458 1320 Sed
471 1270 532 1343 per
545 1269 666 1320 omnes
684 1248 819 1320 viarum
835 1248 1065 1334 difficultates
1080 1248 1237 1321 discendi

149 1371 341 1463 cupiditate
373 1393 436 1463 pro
461 1370 622 1441 vehiculo
648 1370 820 1442 utebatur.
847 1372 911 1442 Est
938 1380 974 1442 et
1004 1372 1237 1463 peregrinatio

148 1496 284 1566 famosa
304 1491 506 1575 Democriti,
532 1491 769 1585 ramosiorque
792 1492 1015 1587 Pythagorae,
1044 1491 1103 1585 qui
1130 1495 1238 1564 semel

149 1616 255 1688 domo
275 1636 462 1708 egressae,
484 1637 662 1707 nunqnam
684 1614 799 1698 rediit,
822 1614 898 1686 veri
919 1613 1121 1708 flagrantior
1142 1636 1238 1686 amo·
1368 1709 1376 1718 .

149 1761 197 1823 re,
220 1761 329 1830 quam
346 1736 481 1832 patriae,
504 1737 735 1830 lustravitque
756 1737 962 1832 AEgyptum,
982 1748 1020 1808 ut
1036 1736 1084 1809 ait
1101 1736 1235 1820 Cicero,

150 1861 339 1931 Persarum
356 1861 477 1952 Magos
499 1858 591 1943 adiit,
612 1867 724 1930 tantas
742 1860 905 1951 regiones
925 1859 1156 1932 Barbarorum
1179 1882 1238 1952 pe-

151 1981 255 2055 dibus
281 1981 402 2067 obivit,
426 1991 477 2053 tot
496 1980 605 2056 maria
625 1980 840 2066 transmisit;
868 1981 968 2053 cuius
988 1982 1239 2075 peregrinatio·

85 2129 87 2134 ·
151 2105 205 2176 nis
226 2113 428 2176 extremum
450 2104 478 2176 si
500 2105 677 2198 qnaeritur,
699 2104 734 2174 in
756 2104 888 2176 ltaliam
909 2104 1020 2198 ipsam
1042 2103 1152 2186 venit,
1174 2102 1238 2172 ibi-

152 2249 219 2319 que
240 2228 417 2319 reliquum
438 2227 520 2298 vitae
541 2228 628 2320 egit,
651 2236 686 2298 et
706 2236 856 2319 quatuor
876 2225 924 2296 ibi
945 2228 1055 2297 lustra
1075 2245 1238 2295 consum-

153 2349 234 2444 psit,
257 2348 318 2421 ubi
340 2360 377 2420 tu
394 2372 487 2422 nunc
507 2371 658 2421 annuam
679 2348 816 2420 Domini
837 2347 947 2420 nostri
968 2369 1113 2434 moram,
1140 2348 1238 2419 velut

153 2471 267 2544 flebile
299 2471 444 2544 exilium
478 2482 514 2543 et
545 2494 690 2565 prorsus
724 2471 900 2566 perditum
939 2482 1089 2566 tempus,
1128 2470 1236 2542 doles.

152 2595 425 2688 Expergiscere,
454 2594 613 2680 obsecro,
641 2605 677 2668 et
702 2594 879 2688 ingenium
907 2604 1004 2666 tuum
1029 2595 1155 2678 excita,
1184 2593 1239 2664 vir

153 2715 312 2806 insignis,
324 2724 431 2808 atque
443 2715 642 2788 inclinatum
656 2718 808 2788 animum
818 2714 1095 2788 attolle.Videbis
1108 2723 1237 2808 quanta

154 2837 355 2929 opinionum
374 2837 468 2910 nube
492 2839 689 2930 vulgarium
716 2839 877 2923 tenearis,
900 2838 983 2910 dum
1005 2836 1072 2908 illae
1093 2836 1156 2908 tibi
1176 2859 1237 2909 vo-

154 2982 212 3032 ces
232 2960 437 3044 exciderint,
456 2981 545 3053 quas
567 2960 698 3032 utinam
716 2983 784 3032 non
804 2961 985 3052 legissem!
1004 2959 1079 3030 Non
1092 2968 1147 3031 est
1164 2959 1240 3030 exi·
1276 3027 1279 3034 .

156 3080 239 3152 lium
264 3083 361 3174 quod
387 3091 429 3153 tu*
454 3091 574 3175 putas,
608 3083 673 3156 sed
697 3083 797 3156 brevi
824 3083 942 3156 labore
968 3085 1069 3155 famae
1095 3083 1239 3156 materia

156 3205 390 3296 sempiternae.
412 3207 485 3278 Hoc
506 3203 567 3275 tibi
589 3205 799 3298 persuadere
819 3228 911 3278 nunc
932 3204 1068 3277 difficile
1088 3215 1152 3290 est,
1168 3208 1236 3299 qui,

157 3338 192 3399 ut
213 3327 331 3413 video,
350 3329 435 3399 nibil
460 3337 562 3400 extra
581 3327 732 3400 Parisios
759 3325 982 3420 magnificum
1007 3336 1068 3398 aut
1087 3327 1239 3400 delecta·

155 3446 222 3520 bile
248 3447 454 3543 suspicaris,
484 3459 520 3520 et
551 3457 731 3542 extremas
756 3449 831 3522 illas
859 3450 960 3544 agelli
988 3450 1036 3522 tui
1062 3449 1236 3542 glebulaS,

155 3570 283 3662 quibus
304 3571 457 3642 animum
485 3572 660 3646 addidisti.
689 3574 774 3645 Cum
795 3597 879 3648 vero
900 3572 945 3645 ad
972 3583 1005 3645 te
1026 3573 1101 3666 ipse
1126 3572 1239 3644 redie-

76 3743 82 3754 .
154 3694 214 3778 ris,
250 3704 286 3766 et
318 3695 471 3790 profanis
504 3696 601 3787 vulgi
634 3695 833 3790 rumoribus
858 3695 1034 3780 exclusis,
1070 3703 1103 3765 te
1129 3715 1237 3765 unum

154 3817 365 3909 percontari,
393 3816 455 3889 tibi
475 3818 616 3890 credere
642 3818 823 3903 malueris,
851 3816 941 3888 bene
966 3817 1069 3888 dete
1098 3835 1238 3906 sperare

154 3961 222 4010 non
243 3937 415 4012 desinam.
444 3940 562 4012 Redde
589 3939 674 4010 mihi
700 3942 943 4012 collocutorem
970 3959 1101 4022 meum,
1130 3936 1236 4008 redde

154 4060 238 4132 mibi
258 4063 444 4155 pristinum
465 4062 679 4158 Philippum;
701 4085 756 4134 me
776 4061 917 4156 quidem
939 4071 1081 4146 tacente,
1104 4061 1236 4175 veritas

154 4184 338 4276 perorabit.
361 4182 409 4256 At
428 4184 531 4296 modo
551 4207 620 4256 non
641 4195 771 4269 tecum,
799 4183 862 4258 sed
886 4207 967 4257 cum
988 4186 1096 4260 altero
1117 4185 1235 4256 nescio
1368 4196 1370 4204 ’
