2958 4804
257 368 316 428 ⁶226
595 379 635 424 nu
656 375 756 426 eunus
778 373 999 424 anurnunrnus

256 515 400 600 credidi,
422 538 501 586 curn
524 513 618 586 aliud
639 514 742 585 modo
762 513 856 605 quod
883 510 1070 584 scriberem
1090 531 1158 581 uon
1175 509 1332 592 adesset;

256 643 343 711 forte
360 639 451 710 enirn
470 637 661 722 acciditur,
681 660 760 707 cum
780 657 859 706 sero
878 636 972 705 solus
991 632 1079 704 iuter
1095 635 1209 705 fontes
1228 637 1335 705 multa

256 760 411 853 cogitans
425 759 672 842 constitissem,
688 776 916 846 murmurque
933 755 1017 826 illud
1030 753 1252 836 immensum,
1266 776 1335 846 quo

257 906 296 954 se
322 881 519 954 carceribus
539 881 715 986 emissurp
741 877 897 968 gaudens
922 876 1043 968 Sergia
1075 875 1172 947 cavis
1205 877 1334 948 circum

256 1006 401 1100 rupibus
420 1006 570 1088 insultat,
585 1001 729 1075 auribus
751 1001 965 1084 hausissem,
984 1011 1128 1094 repente
1144 1000 1190 1071 ad
1206 1021 1337 1072 merno-

257 1130 342 1201 riam
361 1127 490 1199 rediret
509 1127 565 1197 ille
587 1125 753 1220 strepitus
770 1123 829 1216 qui
851 1143 953 1194 aures
975 1131 1054 1192 tuas
1075 1120 1210 1213 absque
1231 1121 1336 1191 inter-

256 1252 421 1322 missione
441 1250 680 1321 circumtonat.
715 1249 834 1339 ltaque
868 1267 1004 1315 mecum
1030 1243 1120 1315 dixi:
1146 1244 1200 1314 Eu
1226 1243 1335 1314 babes

257 1373 350 1444 unde
370 1371 499 1464 aliquid
519 1371 596 1444 viro
618 1371 664 1441 illi
684 1369 827 1461 egregio
849 1365 998 1449 scribas,
1017 1387 1086 1458 quo
1103 1367 1270 1458 perlecto,
1291 1365 1337 1436 si-

256 1505 371 1566 cuttu
393 1497 561 1590 speciosae
584 1494 742 1566 servituti
765 1512 839 1563 suae
860 1491 1079 1584 compateris,
1103 1489 1153 1560 sio
1173 1490 1251 1585 ipse
1270 1476 1336 1560 tuae

258 1616 420 1689 solitariae
440 1617 657 1709 congaudeat
676 1615 834 1687 libertati.
853 1614 1038 1705 Reliquum
1056 1623 1112 1684 est
1131 1623 1184 1698 ut,
1205 1612 1236 1684 si
1256 1635 1337 1685 ocu·

192 1735 194 1738 ’
256 1742 308 1810 los
329 1749 407 1811 tuos
427 1737 623 1811 artificiosis
644 1739 837 1810 litterarum
862 1735 1029 1807 tractibus
1062 1743 1225 1807 assuetos
1253 1737 1337 1810 scri-

256 1872 357 1953 ptura
377 1861 535 1931 incultior
554 1860 705 1945 offendit,
727 1868 928 1931 montanum
947 1857 1146 1930 claudicans
1166 1857 1283 1942 sedile,
1301 1869 1336 1929 et

256 1993 454 2055 concretum
466 1993 708 2068 atramentum,
723 1996 758 2054 et
770 1981 933 2076 palustris
947 2003 1113 2076 papyrus,
1127 1992 1163 2052 et
1178 1992 1336 2074 pastora-

216 2194 219 2201 Δ
257 2107 299 2176 lis
319 2109 473 2178 calamus
495 2109 692 2201 culpentur:
713 2129 779 2200 ego
800 2114 916 2178 autem
953 2125 1118 2189 excuser,
1151 2104 1337 2198 digitisque

259 2231 346 2302 meis
368 2241 427 2302 tua
447 2241 565 2324 parcat
585 2229 775 2302 urbanitas.
796 2229 886 2300 Vive
905 2233 941 2296 et
961 2227 1050 2297 vale.

400 2377 442 2430 Ad
456 2377 561 2432 fontem
573 2377 690 2447 sergiae,
706 2375 769 2430 llll.
785 2374 852 2428 ldus
865 2371 947 2426 Iunii.

683 2867 862 2932 EPISTOLA
883 2869 916 2932 V.

338 3060 532 3109 randolscus
554 3059 725 3109 peronaeo
745 3060 923 3111 FRANCISCO
944 3062 1052 3111 PRIORI
1072 3062 1263 3113 subcrepuit

608 3165 839 3215 APOSTOLORUM
861 3167 886 3215 S.
909 3169 937 3216 P.
959 3167 988 3216 ll.

294 3339 399 3406 Quibus
412 3339 519 3396 artibus
535 3337 638 3398 amicos
653 3359 718 3398 suos
731 3343 826 3398 fallere
841 3344 975 3415 potuerit,
991 3345 1039 3416 qui
1053 3361 1118 3400 eum
1131 3345 1166 3400 ab
1179 3347 1303 3418 epistolis

416 3437 556 3494 Pontificis
570 3439 682 3494 Maximi
696 3437 854 3494 renunciari
869 3438 944 3494 omni
959 3439 1022 3494 nisu
1037 3439 1180 3496 curabant.

356 3698 521 3770 Flebilem
535 3699 786 3794 ridiculamque
801 3725 873 3773 rem
892 3704 1025 3775 audies.
1046 3704 1196 3774 Vocatus
1214 3702 1260 3773 ad
1275 3723 1336 3771 cu-

259 3820 345 3890 riam
366 3823 462 3908 veni,
485 3822 616 3894 curiam
636 3824 727 3895 hanc
748 3845 827 3918 quae
843 3824 888 3896 de
905 3826 1013 3897 Roma
1032 3822 1116 3896 nihil
1133 3834 1259 3918 praeter
1275 3843 1336 3894 no

259 3963 340 4012 men
360 3943 499 4028 retinet3
521 3954 556 4016 et
574 3944 656 4017 veni
676 3946 831 4018 omnium
853 3967 933 4040 quae
958 3969 1042 4040 erga
1067 3969 1124 4019 me
1149 3955 1337 4039 agerentur

258 4061 418 4154 ignarus,
443 4089 636 4160 nunquam,
665 4068 804 4161 siquid
837 4069 920 4139 mihi
950 4071 1114 4156 creditur,
1147 4080 1331 4152 venturus

225 4277 228 4280 Ι
260 4183 383 4255 sciens
406 4187 451 4255 Et
474 4177 573 4279 quid,
600 4189 750 4283 inquies,
779 4191 884 4283 igitur
916 4201 949 4261 te
982 4191 1161 4264 trahebat?
1180 4193 1334 4262 Profecto
