3002 4794
235 353 272 410 78
574 361 614 408 DE
634 359 735 408 REBUS
756 357 977 406 Flnltlnnlees

233 496 350 592 pando
376 495 617 590 probavimus,
645 493 725 584 quis
751 491 849 562 labor
874 513 1023 582 magnus
1050 491 1161 562 videri
1196 493 1316 577 debet,

234 641 303 712 quo
323 618 369 689 ad
389 629 556 690 aeternam
574 614 822 687 beatitudinem
845 615 1068 707 pervenitur?
1084 612 1186 686 Absit
1203 616 1317 707 segni-

235 741 478 832 ties,'languor
504 738 684 810 abscedat.
706 737 796 809 Dum
818 735 987 806 matutino
1009 747 1164 829 tempore
1183 737 1317 810 excita-

234 866 295 949 ris,
317 866 362 937 ad
381 864 539 935 divinum
562 871 595 933 te
620 859 829 952 colloquium
851 858 988 930 evocari
1010 858 1151 930 credito.
1178 861 1224 928 Et
1248 859 1316 932 heu

233 987 393 1079 quotiens
415 1007 479 1057 nos
505 983 660 1055 mortalis
687 980 817 1053 domini
842 980 962 1052 iussus
987 980 1130 1066 excivit,
1156 983 1318 1073 quotiens

233 1109 395 1202 periculis
417 1129 458 1178 ac
478 1105 657 1176 laboribus
678 1102 826 1180 obiecit:
844 1112 879 1173 et
898 1103 987 1197 quis,
1010 1125 1071 1175 oro
1092 1114 1142 1186 te,
1162 1106 1318 1176 tructus?

233 1253 358 1323 nempe
379 1228 514 1300 nonnisi
535 1227 685 1298 amicitia
705 1227 865 1310 humana,
881 1248 1019 1318 anceps,
1034 1225 1238 1319 periculosa,
1253 1227 1319 1298 dis-

235 1351 344 1423 ficills.
367 1350 441 1421 Tibi
462 1351 611 1422 amicitia
624 1350 742 1422 divina
756 1349 959 1443 proponitur
975 1358 1079 1432 certa,
1100 1369 1235 1434 secura,
1257 1372 1318 1444 pa-

235 1474 364 1547 rabilis.
380 1475 490 1545 Crede
498 1473 605 1544 mihi:
623 1472 725 1544 cadet
737 1495 785 1544 ex
805 1473 921 1542 animo
938 1472 1091 1558 taedium,
1107 1492 1252 1542 somnus
1269 1493 1317 1543 ex

235 1598 353 1680 oculis,
367 1617 448 1667 oum
463 1595 523 1666 tibi
545 1595 769 1689 proposueris
791 1605 973 1665 vocantem
991 1596 1113 1678 Deum,
1133 1601 1170 1664 ct
1188 1592 1317 1687 optime

235 1730 348 1789 tecum
365 1719 422 1808 agi
437 1699 575 1800 senties,
591 1717 685 1810 quod
698 1716 853 1807 vigilare,
871 1717 979 1808 vulgo
991 1714 1122 1786 circum
1136 1723 1315 1798 stertente,

234 1839 738 1932 iubearisltlosimperatorum
748 1846 803 1909 est
817 1837 970 1930 probatis
986 1838 1152 1926 militibus
1165 1837 1316 1909 difficilia

233 1960 466 2031 committere:
486 1960 570 2032 dum
590 1962 693 2053 coqui
718 1961 978 2054 piscatoresque
998 1967 1044 2042 et,
1069 1969 1110 2030 ut
1130 1960 1317 2030 Horatiano

235 2105 396 2154 sermone
417 2094 503 2167 utar,
531 2081 794 2154 ambubaiarum
816 2082 960 2173 collegia
974 2081 1189 2154 circatorum
1204 2081 1318 2175 Cupe-

234 2205 406 2278 dinarium
424 2205 601 2289 oberrant;
627 2206 675 2276 illi
695 2206 785 2278 inter
805 2205 939 2298 gladios
960 2229 1002 2278 ac
1021 2208 1090 2277 tela
1113 2216 1315 2288 versantur,

233 2337 269 2400 et
289 2328 480 2421 periculum
501 2327 624 2420 ingens
646 2329 741 2400 tenui
762 2329 872 2420 gloria
892 2331 1124 2401 consolantur.
1148 2328 1235 2398 Cum
1254 2349 1318 2400 au·

236 2463 302 2522 tem
325 2449 457 2520 orando
476 2451 624 2541 colloqui
641 2450 992 2544 aceperis-gaudium
1013 2471 1092 2522 oum
1120 2448 1318 2522 reverentia

234 2571 395 2652 certabit,
424 2580 464 2642 ut
487 2571 681 2642 insomnem
715 2581 750 2641 te
782 2581 888 2663 atque
920 2573 1104 2666 impigrum
1132 2573 1200 2644 sub
1224 2583 1318 2644 lento

235 2695 395 2788 praebeas
417 2703 622 2788 spectatore.
645 2692 783 2766 Audisti
803 2717 851 2766 ex
871 2694 1036 2780 historiis,
1058 2695 1165 2766 Marci
1178 2693 1317 2766 Catonis

235 2818 370 2903 milites,
392 2819 449 2889 illo
470 2827 655 2911 praesente,
673 2827 709 2890 et
730 2817 822 2890 sitim
843 2829 879 2889 et
898 2822 1079 2911 pulverem
1095 2828 1269 2890 etaestum
1283 2828 1318 2888 et

235 2948 435 3034 serpentum
457 2961 597 3025 morsus
614 2943 762 3012 tolerare
780 2941 908 3024 solitos,
926 2951 962 3011 et
979 2940 1046 3012 sub
1061 2940 1119 3010 illo
1135 2949 1225 3012 teste
1242 2939 1318 3010 sino
1356 2925 1360 2931 ’

234 3062 368 3153 gemitu
389 3062 610 3136 aelementis
631 3063 849 3134 occumbere.
871 3063 1008 3136 Audisti
1036 3063 1193 3136 Scaevam
1219 3061 1316 3132 illum

233 3184 356 3255 fortem
377 3182 613 3278 potiusquam
633 3185 764 3257 iustum
791 3185 915 3272 virum,
935 3186 1003 3257 sub
1018 3185 1128 3257 oculis
1146 3185 1201 3256 sui
1217 3184 1317 3257 ducis

234 3327 302 3377 non
324 3307 427 3377 modo
447 3330 604 3400 pugnare
630 3309 693 3381 sed
714 3308 802 3380 mori
827 3309 932 3380 etiam
953 3319 1189 3402 exoptantem.
1215 3307 1318 3390 Quod

235 3429 264 3500 si
298 3430 455 3501 mortalis
492 3430 621 3502 domini
655 3423 835 3504 veneratio
867 3439 1039 3523 praestare
1074 3431 1199 3526 potuit,
1232 3428 1317 3522 quid

234 3550 361 3623 Christi
394 3554 581 3645 praesentia
616 3575 720 3646 posse
757 3552 883 3624 debet?
911 3555 944 3623 ls
970 3553 1132 3646 equidem
1158 3573 1227 3622 non
1254 3574 1317 3622 ex-

232 3673 425 3768 pectandus
449 3683 487 3745 ut
505 3675 637 3758 veniat,
667 3675 757 3746 sicut
780 3675 954 3748 Caesarem
985 3698 1087 3747 suum
1113 3674 1236 3745 inlelix
1260 3673 1318 3746 ille

234 3795 379 3869 bellator
399 3807 573 3890 expectat,
598 3797 661 3868 sed
683 3796 927 3890 suscipiendus
948 3796 1185 3889 colendusque
1205 3796 1318 3867 omui·

234 3915 301 3988 bus
326 3919 411 3990 locis
437 3918 670 4012 omnibusque
698 3919 936 4014 temporibus:
955 3939 1114 4013 praesens
1136 3927 1199 4008 est,
1222 3918 1318 3990 videt

234 4047 331 4108 actus
366 4051 517 4126 nostros,
546 4040 773 4132 cogitationes
807 4041 1012 4134 introspicit,
1047 4042 1173 4130 ingens
1206 4042 1318 4112 calcar

233 4159 359 4246 animo,
382 4161 448 4234 nisi
469 4167 617 4235 funestae
636 4163 898 4236 consuetudinis
921 4174 1036 4254 torpor
1055 4160 1213 4236 obsistat.
1235 4162 1318 4255 Epi-
