2988 4800
425 383 517 432 urunn
539 383 901 434 uncinus—unsrun
923 383 950 435 v.
1187 371 1227 432 95

144 521 362 596 lud'vanitas
382 531 502 593 nostra
521 543 760 614 corrumpens,
788 521 855 591 iam
877 520 921 592 dc
942 520 1128 608 Theologia
1149 519 1227 591 Dia-

143 646 297 718 lecticam
321 643 508 728 effecisset3
538 653 652 714 tamen
673 643 717 715 de
751 643 818 715 hac
850 643 1025 736 agendum
1047 655 1117 729 cst,
1146 665 1227 738 quac

110 785 113 790 '
145 771 252 862 vulgo
272 768 442 863 sapientia
455 767 590 852 dicitur,
609 789 715 860 quam
729 767 857 838 rectius
873 765 1050 838 scientiam
1064 766 1225 839 dixerim.

123 883 179 963 ‘ln
200 894 269 964 hac
289 913 375 984 ergo
396 899 527 984 quanta
547 911 687 984 quoquc
713 890 886 962 discordia
911 891 984 962 cst!
1013 887 1078 960 Alii
1100 889 1227 962 verbo-

144 1041 219 1088 rum
242 1017 385 1107 regulas
404 1023 538 1098 texunt,
560 1011 714 1086 llosculis
736 1013 793 1084 alii
813 1013 1057 1106 coloribusque
1078 1012 1226 1085 inhiant:

145 1139 200 1212 alii
227 1138 532 1212 conclusiunculas
555 1136 775 1209 meditantur.
803 1139 847 1208 Et
872 1157 997 1210 rursus
1024 1136 1080 1208 alii
1106 1159 1227 1208 nume-

146 1270 240 1335 rant:
262 1281 428 1332 numeros
449 1259 513 1332 alii
528 1260 622 1331 sonis
649 1258 811 1350 iungunt:
838 1267 966 1330 terram
992 1257 1047 1330 alii
1079 1259 1229 1330 metiun-

147 1398 212 1470 tur,
229 1383 288 1456 alii
301 1381 439 1454 nonnisi
460 1385 586 1456 coelum
609 1392 714 1476 atque
734 1388 829 1454 astra
843 1381 1050 1476 suspiciunt;
1070 1383 1184 1455 salices
1199 1382 1228 1454 si

147 1509 222 1590 coeli
244 1506 362 1600 potius
383 1507 604 1579 intuerentur
629 1514 817 1579 auctorem.
844 1509 907 1578 Hac
930 1515 1011 1580 sunt
1030 1527 1118 1599 quas
1144 1503 1230 1576 libe-

129 1634 237 1728 rales
260 1641 397 1702 vocant.
420 1628 600 1702 Accedunt
620 1632 707 1702 aliae.
730 1633 793 1701 Est
813 1631 905 1702 enim
927 1643 961 1703 ct
982 1651 1061 1726 quae
1085 1640 1240 1702 naturas·

148 1775 264 1824 rerum
286 1753 441 1824 omnium
459 1752 624 1846 inquirat;
640 1754 817 1826 meditatio
830 1755 1072 1848 pulcherrima,
1087 1754 1154 1827 nisi
1168 1777 1230 1826 na-

149 1887 234 1948 turae
256 1875 440 1947 Dominum
461 1875 700 1962 obliviscatur,
716 1877 809 1970 quod
824 1879 890 1949 iam
906 1865 1005 1971 paene
1023 1889 1227 1972 perpetuum

150 1999 192 2069 illi
212 2005 285 2069 cst:
308 2007 451 2090 atquae,
473 2006 510 2067 ut
530 1998 737 2069 medicinam
757 2021 952 2092 corporum,
977 2000 1026 2069 sic
1043 1998 1155 2093 ipsam
1175 2019 1232 2068 sa-

149 2121 254 2190 lutem
268 2119 443 2212 ,spondeat
459 2121 701 2212 aegrotantium
719 2122 927 2192 animorum:
947 2120 1072 2192 artium
1087 2120 1230 2192 utilissi-

149 2266 223 2328 ma,
249 2244 280 2314 si
301 2244 347 2313 ad
374 2244 614 2335 praestandum
640 2243 733 2337 quod
758 2243 914 2337 promisit
946 2266 967 2314 e
999 2245 1087 2316 coelc
1116 2254 1231 2339 speret
1336 2297 1345 2308 .

148 2367 333 2451 auxilium,
363 2366 437 2438 sine
457 2375 527 2460 quc
547 2389 652 2461 posse
676 2389 713 2438 se
737 2365 818 2436 nihil
840 2365 1023 2460 intelligam
1044 2367 1140 2460 quod
1157 2389 1231 2438 om-

149 2491 253 2572 nium,
265 2491 330 2561 sed
342 2490 377 2560 in
391 2490 512 2585 primis
527 2488 649 2563 harum
662 2493 810 2564 duarum
824 2490 927 2563 debet
940 2513 1020 2562 csse
1035 2513 1229 2564 commune.

150 2614 225 2684 Etsi
246 2613 340 2684 enim
361 2633 458 2704 aegro
478 2614 613 2709 corpori
634 2615 742 2709 prosit
767 2616 822 2687 vis
844 2617 877 2688 in
901 2625 993 2687 terra
1013 2615 1229 2687 nascentium

150 2735 350 2818 herbarum,
373 2735 441 2808 etsi
461 2737 576 2808 animo
597 2735 718 2810 affecto
738 2748 774 2809 et
792 2737 957 2830 languido
983 2739 1078 2810 multi
1104 2737 1232 2808 verbo-

128 2881 230 2929 ·rum
269 2858 520 2931 medicamenta
554 2861 765 2931 confecerint
796 2869 903 2954 atque
939 2860 1230 2955 conscripserint,

152 2983 335 3074 utriusque
357 2994 472 3053 tamen
494 2983 645 3054 hominis
666 3006 751 3054 vera
773 2987 867 3057 salus
888 3007 908 3056 a
929 2987 1001 3056 Dec
1018 2994 1082 3055 est.
1101 2987 1230 3056 Horum

153 3127 238 3178 sanc
259 3107 320 3199 qui
342 3105 466 3176 animis
488 3105 629 3199 quidam
650 3107 753 3177 unius
775 3105 936 3191 hominis,
972 3106 1113 3199 quidam
1134 3107 1234 3177 lami-

152 3230 220 3313 liae,
244 3228 608 3322 quidamreipublicae
628 3225 746 3301 curam
766 3241 901 3321 gerunt.
919 3231 1072 3300 Primum
1090 3229 1233 3323 quidem

153 3351 287 3424 Ethicae
308 3374 397 3446 opus
418 3361 486 3437 cst,
505 3351 746 3424 OEconomicae
773 3352 978 3436 secundum,
997 3353 1099 3425 tertio
1118 3353 1235 3424 Politi-

154 3497 205 3546 cae
226 3475 386 3568 magistri
402 3485 439 3547 ct
456 3477 570 3568 legum
591 3479 719 3549 latores
740 3475 931 3568 invigilant.
954 3477 1063 3569 lnque
1083 3475 1138 3547 his
1159 3499 1233 3547 om-

154 3598 258 3670 nibus
278 3599 348 3672 viae
370 3599 482 3672 tertiae
504 3600 699 3672 tramitibus
722 3615 803 3672 sunt
826 3599 887 3693 qui
912 3602 1041 3694 palam,
1070 3607 1150 3668 sunt
1175 3597 1235 3691 qui

155 3724 242 3794 clam
263 3735 425 3818 pergant,
448 3731 483 3793 et
502 3727 599 3795 velut
619 3736 775 3816 apertum
793 3723 976 3807 evitantes,
997 3719 1130 3791 umbris
1149 3741 1236 3811 gau-

154 3846 280 3930 deant,
302 3869 415 3940 neque
444 3869 482 3918 sc
510 3847 682 3942 profanari
709 3855 744 3918 ct
768 3845 873 3916 nimia
900 3843 1127 3916 familiaritate
1154 3865 1236 3914 con-

155 3971 278 4056 temni,
303 3969 367 4042 sed
388 3969 500 4042 videri
525 3991 545 4040 a
570 3970 690 4065 paucis
716 3979 752 4040 et
777 3967 892 4041 studio
917 3965 1028 4060 quaeri
1054 3965 1172 4037 velint.
1193 3967 1236 4037 Hi

156 4102 238 4164 sunt
257 4104 386 4187 poetae,
409 4104 529 4166 nostra
553 4092 747 4186 praescrtim
776 4100 878 4163 aetate
903 4113 1019 4162 rarum
1047 4112 1176 4183 genus:
1201 4091 1236 4160 in

154 4213 283 4307 quibus
305 4216 392 4308 ipsis
414 4238 481 4287 non
504 4215 665 4288 omnibus
687 4215 775 4287 idem
798 4214 890 4301 finis,
912 4237 982 4287 non
1007 4215 1129 4288 eadem
1156 4215 1234 4297 via,
