2988 4800
370 335 462 381 nrbes
485 333 911 381 moneamus-mmmm
934 335 975 381 111.
1158 324 1215 383 175

127 473 321 544 deterrere.
345 473 421 562 Ego
443 492 528 542 vero
550 492 653 563 quam
676 471 878 562 longissime
898 483 1046 544 terrores
1072 485 1214 549 cunctos

129 615 267 677 ameo,
305 614 536 684 meorumque
561 592 760 686 pectoribus
798 594 922 666 abesse
955 596 1069 689 cupio,
1111 596 1216 690 idque

129 718 294 792 omnibus
317 717 432 787 modis
454 737 535 806 ago:
556 725 592 786 et
611 717 657 788 ob
676 739 754 788 eam
780 737 921 788 oausam
942 719 977 787 in
999 720 1118 810 primis
1139 722 1216 813 phi-

131 841 327 936 losophiam
346 841 436 924 aino,
457 863 526 912 non
543 840 632 912 illam
653 843 844 932 loquacem,
866 843 1115 927 scholasticam,
1131 865 1216 914 ven-

133 974 260 1050 tosam,
285 986 356 1057 qua
378 964 560 1036 ridiculum
581 964 615 1034 in
637 966 776 1037 modum
799 966 1004 1036 litteratores
1025 967 1134 1037 nostri
1157 989 1216 1036 su-

132 1088 312 1180 perbiuut;
332 1088 396 1159 sed
414 1109 547 1170 veram,
576 1096 610 1157 et
635 1110 704 1158 non
730 1086 765 1158 in
791 1086 889 1158 libris
917 1097 1064 1173 tautum,
1094 1089 1216 1160 sedin
1268 1152 1270 1162 ,

134 1211 258 1280 animis
285 1210 517 1294 habitantem,
554 1219 659 1302 atque
693 1210 728 1279 in
760 1209 867 1281 rebus
900 1211 1058 1303 positam,
1088 1233 1157 1282 non
1182 1211 1236 1309 inp

133 1332 267 1417 verbis,
289 1333 389 1403 cuius
407 1333 491 1405 illud
512 1333 725 1429 praecipuum
748 1357 875 1406 munus
896 1357 989 1420 reor,
1014 1336 1216 1406 Tusculanis
1235 1346 1241 1437 t

133 1455 430 1550 disputationibus
450 1457 632 1540 insertum,
651 1456 745 1548 quod
761 1457 889 1528 scilicet
906 1458 1064 1529 medetur
1081 1457 1215 1540 animis,
1234 1456 1241 1559 f

134 1578 254 1651 inanes
279 1578 527 1652 sollicitudines
549 1580 710 1663 detrahit,
734 1579 978 1671 cupiditatibus
996 1580 1130 1664 liberat,
1146 1583 1236 1677 pel-5

135 1703 169 1772 lit
191 1704 349 1774 timores.
372 1702 464 1786 Quid
484 1707 592 1794 ergo?
613 1705 662 1774 lta
685 1704 867 1795 pellendus
885 1715 939 1775 est
956 1703 1057 1776 timor
1079 1715 1117 1776 ut
1136 1694 1235 1776 cau-''

136 1826 178 1895 tio
192 1849 263 1897 non
277 1826 437 1916 pellatur.
453 1826 496 1895 Ut
508 1825 600 1896 enim
617 1826 783 1911 timidum,
798 1827 965 1918 ignaviae3
981 1828 1029 1899 sic
1042 1828 1216 1898 incautum

134 1969 222 2031 esse,
237 1948 424 2020 dementiae
436 1958 501 2019 est.
520 1951 671 2020 Putasne
688 1959 803 2020 autem
821 1949 858 2019 in
875 1950 939 2022 bac
953 1951 1009 2022 via
1024 1951 1216 2022 subsistere

134 2073 279 2158 licitum,
303 2082 364 2143 aut
384 2071 518 2164 vagari,
538 2082 598 2144 aut
618 2071 807 2156 divertere,
826 2071 1047 2165 propriisque
1065 2072 1127 2142 vix
1145 2071 1218 2142 usi-

135 2196 198 2266 bus
235 2195 463 2267 suffecturum
497 2195 641 2286 ingratis
675 2195 792 2287 pueris
829 2203 965 2288 tempus
995 2193 1219 2285 impenderet

135 2321 220 2390 Cum
252 2321 416 2402 molesto,
452 2329 523 2390 tum
557 2317 691 2408 infinito
724 2316 869 2408 negocio
903 2316 1062 2388 addictus
1080 2338 1130 2387 es.
1154 2316 1218 2387 Ubi

135 2444 221 2516 istos
241 2441 431 2524 erudieris,
456 2450 639 2533 emergent
664 2441 736 2524 alii,
764 2441 949 2532 nullusque
975 2462 1127 2531 uuquam
1154 2439 1219 2510 erit

135 2565 227 2651 finis,
252 2566 287 2636 in
310 2576 430 2637 nostra
452 2566 538 2636 urbe
558 2564 768 2659 praesertim,
791 2563 903 2636 omnis
926 2585 1035 2634 sexus
1053 2571 1088 2632 et
1104 2563 1217 2633 aetatis

135 2690 360 2781 maximeque
379 2711 568 2781 puerorum
586 2674 814 2773 feracissima,
837 2698 876 2759 ut
897 2687 993 2759 saxis
1016 2687 1218 2779 truncisque

136 2835 197 2884 seu
219 2822 329 2883 vento
358 2813 507 2904 genitos,
536 2822 596 2884 aut
622 2813 726 2884 Italos
757 2812 853 2883 dicas
880 2833 959 2882 esse
981 2809 1216 2881 lllirmidoues.

138 2936 248 3007 Crede
271 2935 371 3005 mibi:
394 2934 439 3006 ad
459 2934 563 3017 aliud,
586 2935 654 3004 nisi
674 2935 884 3019 dissimulas,
908 2943 1010 3004 natus
1032 2953 1126 3017 eraS,
1145 2952 1219 3002 ma-

135 3059 262 3152 iusque
284 3058 347 3128 tibi
367 3059 565 3152 clariusque
588 3060 768 3150 negocium
796 3059 999 3130 debebatur.
1022 3059 1065 3129 Ut
1089 3078 1217 3152 pueros

136 3182 300 3266 docereS,
323 3185 461 3253 fortuna
483 3183 621 3274 quidem
645 3204 724 3253 esse
751 3182 864 3276 potuit
890 3191 965 3252 tua:
991 3194 1114 3252 natura
1140 3201 1220 3273 pro·
1281 3167 1282 3176 ἵ

134 3309 238 3391 lecto,
255 3307 342 3378 dum
358 3317 389 3376 te
404 3305 438 3376 in
453 3308 564 3376 lucem
586 3307 759 3389 educeret,
782 3306 826 3375 ad
849 3306 942 3377 aliud
962 3304 1146 3396 cogitabat.
1169 3303 1219 3372 llli

135 3429 328 3522 parendum
351 3438 389 3498 ut
410 3428 490 3498 duci
508 3440 567 3500 aut
584 3430 740 3521 genitrici
760 3431 913 3522 optimam
935 3431 1089 3511 fortunae,
1107 3437 1144 3497 ut
1157 3428 1220 3496 bo-

138 3552 188 3634 sti,
212 3552 324 3624 libera
345 3552 562 3622 contumacia
595 3551 842 3625 resistendum.
870 3554 966 3623 Dicet
987 3560 1102 3622 autem
1123 3550 1220 3642 quis-

137 3677 242 3767 piam:
266 3677 403 3768 ingrate
425 3674 515 3767 agis‚
538 3677 597 3768 qui
632 3676 860 3768 eruditionem
891 3697 911 3746 a
944 3674 1101 3767 patribus
1122 3693 1220 3741 acoe-

137 3807 229 3889 ptam
244 3799 395 3891 posteris
413 3799 664 3870 refundendam
682 3821 803 3890 neges,
824 3809 859 3868 et
876 3797 1016 3890 quando
1033 3796 1067 3865 in
1086 3795 1219 3865 eisdem

137 3919 327 3992 individuis
350 3921 528 4005 nonlicet,
551 3921 585 3991 in
608 3922 729 3992 eodem
752 3941 880 4012 genere
902 3921 1054 3989 humano
1075 3917 1220 4009 gratitu-

141 4041 255 4114 dinem
288 4044 532 4116 exercendam.
565 4046 640 4136 Ego
670 4054 785 4115 autem
819 4044 900 4113 nihil
927 4044 1041 4112 minus
1071 4042 1219 4113 bominis

142 4176 223 4254 puto
244 4189 350 4260 quam
373 4167 502 4239 amoris
520 4179 580 4239 aut
597 4167 754 4239 beneficii
770 4165 936 4251 oblivisci,
955 4167 1136 4259 vicemque
1151 4188 1220 4236 uon
