2988 4800
229 350 286 411 438
435 356 437 360 ·
564 363 605 410 nn
627 362 727 411 annus
749 336 972 410 murmuramus

228 499 319 570 ruris
340 496 448 568 abditi
469 504 504 566 ct
526 496 659 567 silentis
686 498 745 567 ubi
771 497 815 568 ab
844 495 984 568 ineunte
1011 504 1113 568 aetate
1140 510 1304 573 versatus

229 645 320 705 sum,
346 630 383 690 ut
403 619 519 690 minus
540 619 645 689 mirer
666 620 847 691 Camillum
870 641 1043 692 summum
1070 621 1164 693 illum
1191 624 1317 720 virum·

226 743 382 838 potuisse
415 744 553 814 exulem
584 743 706 836 patriae
737 743 949 816 desiderium
983 757 1019 815 et
1051 745 1184 816 romani
1219 747 1307 818 situs

229 868 355 940 sentire
374 865 609 951 dulcedinem,
633 891 711 938 cum
729 890 796 960 ego
813 868 948 939 italicus
965 867 1076 954 homo,
1096 869 1142 940 ad
1158 868 1243 940 Arni
1262 869 1308 940 ri-

227 1013 306 1086 pam
321 991 469 1082 gcnitus
484 989 550 1060 loci
568 990 785 1061 dulcedinem
799 991 1001 1085 transalpini
1017 993 1198 1063 senserim.
1218 993 1308 1063 Sane

227 1113 444 1184 consuetudo
470 1113 604 1204 longior
623 1114 659 1181 in
679 1123 839 1184 naturam
865 1115 1029 1184 vertitur:
1051 1113 1131 1186 hinc
1152 1115 1210 1185 illa
1231 1137 1309 1187 ces-

229 1245 282 1306 sat
294 1234 490 1319 admirati0‚
511 1259 573 1306 cur
592 1246 661 1306 tam
679 1236 803 1332 cupide
820 1258 944 1308 verser
960 1237 996 1306 iu
1014 1234 1143 1308 finibus
1162 1237 1306 1309 alienis:

228 1380 296 1428 usu
316 1359 408 1428 enim
433 1357 502 1428 iam
529 1361 620 1430 ruris
642 1360 746 1431 huius
779 1361 890 1433 incola
910 1365 1020 1432 factus
1043 1381 1136 1444 sum,
1172 1371 1206 1432 et
1238 1362 1307 1434 huc

227 1481 373 1552 veniens
408 1481 443 1552 in
468 1483 613 1575 patriam
649 1506 761 1555 meam
797 1486 1027 1578 commigrare
1056 1484 1140 1554 mihi
1173 1486 1305 1557 videor.

227 1605 319 1675 Nihil
339 1616 457 1676 autem
477 1630 532 1677 me
553 1608 794 1679 vehementius
816 1607 925 1679 movit
944 1630 1049 1700 quam
1075 1629 1158 1703 spes
1182 1607 1307 1701 ingens

229 1751 429 1821 supremam
456 1730 632 1822 opusculis
661 1731 873 1823 quibusdam
899 1732 986 1804 meis
1012 1732 1210 1825 imponendi
1236 1755 1309 1805 ma-

228 1875 327 1936 num,
351 1863 388 1923 ut
408 1851 464 1922 hic
484 1852 634 1945 incepta,
657 1855 729 1925 Deo
762 1853 918 1946 auspice,
950 1854 1019 1938 hic,
1051 1854 1174 1928 eodem
1204 1857 1305 1940 duce,

228 1973 403 2046 finiantur.
419 1974 453 2044 Si
467 1983 582 2045 autem
597 1998 705 2048 morae
718 1997 807 2048 meae
819 1976 854 2046 in
868 1977 923 2048 his
941 1977 1026 2048 locis
1044 1979 1193 2069 spatium
1211 2001 1308 2072 quae-

229 2099 292 2184 ris,
315 2099 446 2171 incerta
473 2121 530 2170 res
563 2110 633 2186 est,
658 2101 748 2173 sicut
778 2110 926 2172 ventura
954 2100 1129 2193 quaelibet.
1151 2103 1222 2172 lam
1243 2101 1308 2174 iter

229 2223 420 2314 ingressus,
439 2223 641 2317 priusquam
655 2224 751 2296 ltalia
764 2223 978 2307 excederem,
996 2223 1081 2294 dum
1098 2223 1219 2295 amicis
1235 2222 1308 2295 abi-

230 2355 303 2416 tum
325 2368 440 2418 meum
473 2355 509 2418 et
541 2347 708 2418 redeundi
729 2348 944 2440 propositum
965 2346 1088 2417 litteris
1109 2345 1306 2429 indicarem,

231 2469 354 2563 scripsi
375 2491 430 2539 me
453 2478 619 2540 autumno
637 2468 798 2561 proximo
814 2491 1048 2540 reversurum.
1068 2470 1118 2539 lta
1137 2479 1218 2540 tunc
1234 2470 1308 2563 opi-

229 2591 349 2662 nabar.
370 2591 440 2662 Sed
459 2613 636 2684 nunquam
656 2591 743 2660 bene
761 2591 945 2661 consilium
959 2592 1093 2684 capitur
1110 2592 1155 2663 de
1173 2593 1308 2684 lougin-

231 2735 311 2804 quo.
332 2715 442 2785 Vetus
463 2697 610 2786 verbum
624 2724 686 2798 est,
702 2713 928 2805 gladiatorem
946 2714 980 2783 in
1000 2736 1106 2784 arena
1126 2715 1305 2786 consilium

231 2857 370 2927 capere:
391 2846 599 2930 praesentem
626 2856 707 2906 esse
732 2844 869 2928 oportet
901 2839 961 2930 qui
994 2838 1178 2910 deliberat:
1199 2842 1330 2928 multa=

234 2977 328 3048 saepe
350 2967 542 3050 temporum
564 2957 729 3041 conditi0‚
752 2959 861 3029 multa
881 2961 1033 3030 locorum
1053 2961 1171 3045 facies²
1201 2963 1307 3032 multa

233 3081 441 3172 colloquium
478 3080 666 3151 amicorum
701 3079 844 3152 innovat
876 3083 911 3153 in
947 3082 1100 3154 consiliis
1134 3083 1307 3154 humanis.

234 3202 407 3284 Quantum
441 3225 529 3274 vero
560 3203 604 3274 de
637 3205 823 3295 praeteritis
855 3207 971 3277 futura
1003 3205 1159 3288 coniicio,
1183 3206 1308 3277 biennii

237 3335 373 3420 tempus
407 3327 453 3397 ad
485 3327 521 3398 id
553 3329 647 3420 quod
672 3328 793 3400 molior
814 3329 898 3399 satis
919 3328 997 3412 crit,
1032 3338 1067 3399 et
1098 3328 1170 3398 fere
1203 3328 1309 3400 huius

234 3449 398 3542 temporis
420 3451 532 3544 spatio
555 3452 703 3522 italicam
738 3461 775 3522 ct
806 3451 964 3542 gallicam
994 3449 1116 3521 sedem
1137 3452 1310 3521 alternare

235 3574 340 3646 soleo.
362 3575 530 3657 Quamvis
559 3597 628 3646 non
658 3575 722 3646 sim
753 3573 908 3658 nescius,
930 3594 1000 3642 non
1021 3572 1150 3643 biennii
1175 3583 1309 3644 tantum

235 3699 298 3770 sed
319 3699 421 3770 unius
451 3699 554 3770 etiam
575 3698 643 3770 diei
669 3721 750 3793 spes
777 3697 971 3790 ambiguas;
994 3719 1200 3793 semperque
1226 3697 1310 3767 mihi

233 3823 400 3916 placuerit
421 3821 573 3914 religiosi
596 3821 688 3893 senis
709 3820 870 3903 verbum,
892 3821 952 3914 qui
973 3844 993 3892 a
1014 3830 1109 3913 rege,
1133 3828 1170 3890 ut
1191 3820 1308 3901 aiunt,

158 3967 160 3973 ¹
235 3964 314 4014 sero
334 3945 379 4016 ad
398 3947 586 4016 crastinum
612 3944 795 4038 prandium
822 3945 1004 4030 invitatus,
1027 3945 1218 4017 crastinum
1245 3943 1329 4038 sihi·

233 4068 367 4136 nullum
380 4089 459 4139 esse
475 4065 660 4162 respondit.
682 4069 854 4140 Praeclare
875 4067 1015 4161 quidem
1030 4091 1070 4140 ac
1088 4069 1257 4160 graviter,
1276 4075 1312 4137 et

235 4210 302 4260 non
325 4209 363 4260 se
383 4190 520 4275 fallente
551 4189 679 4276 animo,
709 4200 745 4261 ut
771 4212 896 4283 magua
917 4213 999 4285 pars
1021 4191 1208 4275 hominum,
1231 4211 1311 4283 quae
