2958 4804
250 332 307 394 :2⁴28
589 346 629 392 nn
651 345 751 394 nunus
771 345 992 394 sturnnnruus

250 503 361 552 annus
382 481 528 563 ellluxit,
552 483 654 572 longa
673 481 738 550 erit
758 479 915 563 historia,
944 497 1081 549 summa
1106 476 1241 549 cunetis
1262 500 1323 570 ope

249 603 470 675 tendentibus
496 603 674 684 utdives,
710 603 773 674 sed
806 610 996 694 occupatus
1020 611 1124 692 atque
1146 600 1324 684 sollicitus,

248 725 353 796 immo
370 725 510 818 quidem
526 735 564 797 ut
581 748 664 797 vere
684 747 829 820 pauper,
849 725 955 796 miser
972 732 1008 795 et
1024 733 1172 795 moestus
1190 722 1325 806 fierem;

250 871 304 918 me
325 870 393 918 uno
414 851 603 920 reluctante
623 851 762 930 acriter,
781 870 821 918 ao
839 858 1021 919 recusante
1039 847 1158 939 iugum
1180 869 1325 919 aureum

248 993 318 1042 non
351 973 449 1042 aliter
481 994 585 1065 quam
620 973 775 1065 ligneum
808 982 868 1044 aut
899 969 1113 1064 plumbeum,
1135 970 1269 1063 Deique
1294 981 1328 1042 et

248 1095 426 1166 hominum
448 1094 552 1166 fidem
570 1105 784 1167 contestante
802 1094 887 1189 eripi
905 1093 989 1163 mihi
1007 1092 1200 1177 libertatem
1223 1103 1326 1185 atque

248 1217 376 1302 ocium,
400 1218 498 1288 cuius
520 1219 673 1311 appetitu
690 1219 736 1288 nil
752 1229 874 1290 natura
892 1216 1029 1301 meliuS,
1044 1215 1145 1286 cuius
1159 1237 1328 1287 successu

248 1341 294 1409 nil
328 1339 412 1409 mihi
444 1341 581 1412 fortuna
614 1340 745 1412 felicius
780 1340 975 1421 tribuisset;
1008 1336 1209 1429 extorqueri
1245 1337 1327 1408 mihi

249 1462 415 1554 gaudium
436 1472 472 1532 et
491 1485 627 1534 omnem
649 1463 730 1534 vitae
747 1461 966 1534 dulcedinem
984 1469 1089 1553 atque
1107 1459 1172 1530 has
1189 1461 1327 1552 quales-

249 1607 397 1677 cumque
414 1585 593 1666 litterulas,
615 1586 691 1657 sine
707 1585 834 1676 quibus
855 1584 977 1655 vivere
997 1605 1102 1676 posse
1118 1582 1326 1665 diffiderem3

149 1750 151 1754 v
248 1706 357 1777 luisse
377 1728 433 1776 me
458 1707 502 1778 ah
528 1708 760 1779 adolescentia
780 1716 1052 1801 contemptorem
1078 1707 1165 1790 auri,
1187 1705 1326 1798 quando

249 1842 284 1899 et
305 1830 477 1902 modicum
499 1830 685 1916 habebam,
708 1842 743 1902 et
765 1835 872 1904 molto
891 1853 996 1924 egere
1017 1843 1171 1924 poteram
1193 1853 1234 1904 ae
1255 1831 1323 1914 diu,

251 1953 280 2024 si
299 1953 503 2025 diuturnum
524 1955 655 2048 aliquid
671 1957 707 2026 in
723 1955 778 2027 his
800 1956 882 2026 vitat
894 1956 1053 2026 mortalis
1070 1953 1243 2046 angustiis
1260 1953 1327 2026 dici

249 2076 364 2148 debet.
398 2078 468 2149 lam
503 2101 587 2150 vero
620 2078 809 2150 deformem
844 2078 926 2148 mihi
947 2079 1097 2149 loturam
1118 2077 1194 2150 aori
1216 2077 1325 2160 sitim,

249 2199 389 2293 quando
410 2212 445 2272 et
465 2205 611 2274 multum
633 2202 799 2274 haberem
820 2213 855 2273 et
880 2201 1024 2273 adeam
1044 2211 1182 2272 aetatem
1204 2224 1327 2294 perve-

249 2323 381 2394 nissem
409 2325 646 2416 quae-rnollire
675 2347 715 2395 ao
749 2335 944 2418 temperare
975 2325 1085 2394 soleat
1108 2321 1266 2408 affectus,
1293 2336 1327 2395 et

249 2444 283 2513 in
305 2445 439 2536 quasit
462 2467 504 2518 eo
529 2445 661 2537 turpior
684 2443 871 2539 cupiditas,
897 2465 967 2536 quo
991 2444 1104 2514 minor
1128 2451 1164 2514 et
1188 2443 1326 2517 brevior

250 2575 365 2657 potest
385 2589 465 2638 esse
485 2569 691 2641 necessitas:
719 2592 781 2662 pro
806 2566 1019 2660 longitudine
1043 2567 1112 2638 viat
1137 2569 1325 2660 optandum

244 2709 329 2760 asse
352 2688 527 2774 viaticum3
549 2691 635 2761 mihi
655 2691 722 2764 iam
743 2702 778 2762 et
802 2691 1009 2765 meridianas
1036 2691 1140 2763 horas
1166 2703 1201 2764 et
1225 2714 1327 2787 aspc

250 2811 340 2882 riora
362 2812 498 2884 viarum
519 2836 539 2884 a
561 2827 659 2906 tergo
679 2835 776 2898 esse,
800 2836 863 2886 nec
883 2815 951 2886 iam
975 2814 1090 2886 minus
1110 2816 1155 2889 de
1175 2815 1327 2909 hospitio

250 2934 417 3024 quamde
437 2935 561 3007 itinere
581 2935 815 3028 cogitandum.
844 2937 905 3008 His
931 2937 1017 3010 illud
1042 2939 1208 3010 accedere
1233 2937 1327 3031 quod

136 3095 137 3100 =
249 3055 329 3124 olim
354 3063 389 3124 et
414 3058 530 3149 plures
563 3057 760 3148 egentiores
786 3059 914 3132 amicos
939 3060 1155 3144 habuissem,
1176 3081 1325 3152 quorum

250 3176 400 3250 charitas
422 3178 573 3254 habendi
592 3181 842 3274 quaerendique
869 3183 1022 3256 studium
1043 3193 1255 3255 excusatura
1275 3183 1328 3255 vi·

132 3387 139 3402 ·
249 3298 407 3370 deretur:
429 3312 533 3395 atque
554 3301 589 3373 in
610 3302 731 3395 primis
757 3327 973 3396 germanum,
992 3307 1062 3390 cui,
1082 3316 1121 3378 ut
1137 3316 1218 3378 tunc
1238 3309 1327 3377 mul-

250 3421 306 3508 tis,
330 3423 377 3496 ita
397 3447 489 3497 nunc
508 3426 645 3518 penitus
666 3427 772 3499 nihilo
792 3450 881 3521 opus
900 3429 958 3513 sit,
978 3452 1102 3523 nempe
1115 3430 1175 3524 qui
1187 3439 1326 3524 propter

250 3547 425 3620 Christum
447 3549 613 3620 universa
631 3548 841 3644 despexerit.
864 3552 1018 3624 Meorom
1035 3574 1119 3644 ergo
1136 3551 1327 3625 necessita-

249 3671 357 3756 tibus,
381 3673 503 3765 partim
527 3682 647 3756 morte,
671 3673 794 3764 partim
816 3673 1017 3766 benigniore
1036 3677 1181 3758 fortuna,
1201 3676 1328 3770 partim

214 3892 216 3896 .
249 3791 341 3888 inopi
367 3795 531 3886 religione
556 3798 772 3867 consultum:
798 3817 854 3866 me
881 3817 965 3868 vero
990 3817 1095 3892 prope
1120 3797 1189 3869 iam
1214 3801 1326 3870 solum

248 3928 283 3985 et
301 3916 337 3986 in
357 3917 481 3990 diebus
502 3918 590 3990 meis
610 3919 747 4011 longius
769 3941 1006 4012 progressum,
1026 3930 1062 3991 et
1079 3919 1217 3993 abunde
1237 3919 1329 3993 divi-

249 4045 330 4121 tem,
352 4049 471 4134 optare
491 4038 641 4134 incipere
661 4042 754 4134 quod
775 4042 957 4114 comitatus
975 4043 1178 4114 adolescens
1197 4063 1328 4135 paupe·

249 4156 318 4225 rior
336 4179 401 4228 non
421 4173 612 4250 optassem,
633 4172 732 4254 turpe
750 4164 834 4233 mihi
847 4176 882 4236 et
895 4165 1075 4255 indignum
1094 4186 1170 4236 meo
1188 4162 1326 4234 nomine
