3062 4798
266 332 325 390 404
479 379 481 382 -
607 343 647 389 DE
670 343 769 392 REBUS
791 343 808 390 F
812 341 1011 394 nnrrtlnnlssus

267 480 375 562 Quem
396 477 479 547 rnibi
501 479 653 549 omnium
676 479 740 549 bac
759 490 856 573 peste
874 478 1024 560 liberum,
1040 477 1166 551 dabis‘.l
1187 479 1347 555 Christus

267 603 312 674 ab
332 601 373 671 iis
395 622 483 692 quos
506 601 1122 687 salvatur'us'adveneratinfamatus,
1141 603 1347 696 quinetiam

267 725 494 814 interemptus
515 730 579 793 est.
602 721 789 792 Nobiscum
815 721 903 792 bene
924 722 1039 814 agitur
1060 723 1088 794 si
1112 725 1226 794 securi
1249 745 1349 797 secu-

268 846 367 927 rium,
391 845 420 914 si
451 843 624 913 immunes
650 843 842 914 verberum
882 844 999 914 verbis
1033 845 1240 938 impetimur.
1275 846 1348 917 Nisi

269 969 356 1037 lorte
382 965 618 1046 mordaciores,
642 966 861 1056 suspicamur
882 965 1060 1058 antiquoS,
1083 970 1175 1038 nulla
1195 941 1348 1060 unquam

269 1096 356 1157 aetas
382 1095 500 1155 nostra
525 1087 826 1178 aetateprocacior
852 1087 924 1157 luit.
952 1089 1061 1158 anrn
1084 1088 1144 1158 tibi
1170 1109 1190 1158 e
1216 1088 1348 1160 fabellis

184 1299 186 1304 Α
269 1213 416 1280 referam
438 1208 544 1297 vulgo
565 1208 664 1289 notis
684 1216 719 1278 et
739 1207 867 1300 quibus
889 1229 977 1279 anus
998 1220 1078 1280 ante
1098 1212 1212 1281 focum
1234 1208 1350 1280 biber·

270 1352 333 1400 nas
354 1338 472 1398 noctes
498 1328 761 1398 falleresolitae.
790 1329 906 1397 Senex
927 1349 1006 1397 eum
1032 1328 1254 1399 adolescente
1281 1328 1349 1399 filio

270 1450 396 1543 agebat
414 1449 488 1520 iter.
508 1451 590 1519 Erat
608 1450 663 1519 his
683 1471 773 1520 unus
793 1470 922 1542 parvus
939 1452 1069 1519 asellus
1083 1449 1265 1535 ambobus
1281 1473 1350 1542 quo

267 1571 424 1643 vicissim
443 1570 595 1641 laborem
614 1569 684 1639 viae
702 1569 874 1639 levabant.
895 1572 966 1641 Hoc
986 1571 1068 1642 dum
1091 1569 1227 1662 genitor
1244 1574 1350 1643 vehe-

272 1704 378 1775 retur,
402 1698 568 1782 sequente
586 1690 734 1782 pedibus
758 1693 831 1762 suis
853 1700 946 1778 nato,
978 1693 1123 1764 irridere
1149 1692 1253 1765 obvii.
1281 1696 1347 1777 En,

217 1840 220 1850 ⁸
271 1813 421 1894 aiebant,
453 1821 489 1882 ut.
510 1812 738 1883 moribundus
760 1813 962 1908 inutilisque
984 1816 1160 1887 seniculus
1181 1816 1265 1887 dum
1287 1816 1351 1886 sibi

271 1935 483 2028 obsequitur,
506 1935 694 2004 formosum
717 1936 831 2028 perdit
848 1937 1117 2010 adolescentem.
1134 1937 1280 2008 Desiluit
1297 1959 1352 2009 se·

272 2083 351 2144 nex,
374 2070 409 2129 et
427 2057 572 2128 invitum
599 2069 718 2128 natum
746 2058 778 2126 in
807 2081 908 2130 suum
928 2061 1042 2131 locum
1063 2060 1238 2130 substulit.
1260 2061 1352 2132 Murae

272 2203 410 2253 murare
435 2179 720 2274 praetereuntium
743 2181 866 2252 turba:
887 2204 931 2252 en
952 2193 990 2252 ut
1012 2182 1131 2273 segnis
1156 2193 1199 2253 et.
1217 2203 1353 2278 praeva-

271 2303 362 2374 lidus
386 2302 609 2386 adolescens,
632 2301 714 2372 dum
737 2302 886 2395 propriae
907 2302 1083 2374 blanditur
1104 2303 1271 2394 ignaviae,
1292 2304 1352 2374 de-

272 2424 441 2516 crepitum
474 2433 606 2516 patrem
642 2433 778 2494 mactat.
812 2425 949 2497 Pudore
979 2426 1037 2496 ille
1067 2424 1197 2508 victus,
1221 2435 1351 2518 patrem
1412 2459 1417 2466 ·

272 2546 385 2638 coegit
405 2545 606 2616 ascendere.
628 2547 678 2616 lta
697 2569 766 2617 uno
786 2545 1014 2638 quadrupede
1038 2547 1141 2618 simul
1155 2547 1245 2618 vecti
1258 2569 1353 2617 mur·

272 2693 349 2740 mur
369 2666 624 2738 occurrentium
645 2668 906 2760 indignatioque
923 2668 1152 2752 crebrescere,
1172 2670 1266 2762 quod
1284 2689 1352 2738 una

273 2791 392 2864 brevis
413 2789 550 2861 duabus
568 2791 705 2882 magnis
724 2789 847 2860 belluis
866 2799 1093 2881 premeretur.
1115 2790 1207 2875 Quid
1228 2799 1261 2861 te
1279 2813 1353 2862 mo·

272 2917 353 2986 ror?
374 2912 435 2983 His
453 2913 535 2983 moti
552 2911 682 3005 pariter
699 2910 802 2982 ambo
820 2910 1047 2998 descendunt,
1066 2922 1101 2984 et
1116 2935 1230 2984 vacuo
1248 2915 1353 2985 asello

273 3034 421 3130 pedibus
440 3032 603 3102 incedunt
624 3031 782 3122 propriis.
800 3032 1089 3106 Enimverotunc
1109 3034 1223 3106 illusio
1243 3036 1353 3106 acrior

274 3159 436 3248 risusque
461 3153 666 3246 protervior,
694 3152 782 3223 duos
804 3153 922 3224 asinos
951 3157 1009 3226 uni
1036 3165 1073 3228 ut
1098 3168 1259 3248 parcant,
1288 3155 1353 3226 sibi

274 3301 342 3352 non
360 3297 513 3369 parcere.
533 3275 595 3345 Hic
613 3275 770 3365 genitor:
789 3275 914 3360 cernis,
934 3277 1053 3368 inquit,
1070 3277 1127 3361 fili,
1142 3289 1180 3347 ut
1197 3278 1245 3346 nil
1262 3275 1355 3368 quod

274 3397 440 3491 probetur
459 3397 505 3467 ab
525 3395 685 3496 omnibus
704 3395 778 3466 fieri
796 3407 930 3490 potest3
952 3407 1151 3491 repetamus
1170 3397 1354 3490 pristinum

276 3540 406 3589 morem
428 3528 600 3600 nostrum;
622 3518 657 3586 bi
680 3539 782 3587 suum
800 3518 961 3610 loquendi
982 3519 1218 3611 carpendique
1241 3517 1357 3589 omnia

276 3660 408 3710 rnorem
434 3647 586 3710 servent.
616 3639 667 3708 Nil
695 3639 842 3733 amplius
868 3639 995 3725 dicam,
1018 3662 1083 3711 nec
1109 3661 1253 3711 necesse
1279 3647 1355 3709 est:

278 3760 375 3830 rudis
395 3758 537 3844 sabella,
554 3759 618 3854 sed
640 3759 775 3831 efficax.
797 3762 894 3832 Vale.

778 4049 856 4060 ι...-
