2988 4800
369 381 377 418 l
398 386 491 434 LIBER
513 385 918 435 Undecimus-uvisvobh
941 386 993 434 XII.
1182 373 1253 435 ΝΤ

158 546 278 595 corum
296 521 495 617 praesertim
513 520 571 613 qui
593 543 614 592 a
632 520 799 612 sapientia
820 521 938 613 procul
956 520 1099 604 absunt,
1119 542 1165 590 ex
1183 543 1238 592 me

158 650 234 722 licet
260 645 445 736 intelligas.
481 643 591 737 Coepit
619 666 700 715 ecce
733 645 884 737 impetus
918 644 1025 715 colles
1051 654 1085 714 et
1113 665 1239 736 specus

158 783 192 843 et
211 792 355 842 nemora
374 767 558 840 revidendi
587 767 781 860 virentique
800 789 909 837 musco
936 765 1048 840 obsita
1070 777 1173 859 atque
1195 768 1239 839 ad

159 897 332 967 famosum
360 891 494 982 Sorgiae
526 891 656 962 fontem
685 912 825 986 semper
857 912 943 961 saxa
977 889 1146 960 sonantia.
1174 890 1238 961 Ubi

159 1041 246 1113 puer
266 1015 362 1099 olim,
381 1025 460 1107 post
476 1014 694 1097 adolescens,
716 1013 831 1084 denuo
848 1013 901 1085 vir
923 1012 1066 1097 lucram,
1086 1034 1153 1104 ego
1171 1013 1239 1084 iam

162 1138 332 1212 senectuti
353 1136 536 1231 proximus
558 1135 654 1220 redii,
678 1157 760 1230 quo,
784 1148 821 1206 ut
839 1135 944 1220 nosti,
966 1156 1143 1228 nunquam
1166 1157 1240 1206 am-

162 1264 250 1357 plius
270 1261 387 1332 redire
407 1260 645 1331 decreveram.
667 1258 817 1330 Dulcedo
838 1257 999 1352 quaedam
1022 1258 1128 1330 subiit
1148 1261 1238 1331 loco·

162 1407 250 1470 rum,
274 1393 309 1455 et
326 1385 437 1454 latens
458 1382 574 1453 animo
594 1385 706 1454 calcar
726 1381 888 1454 incussit:
910 1385 1047 1454 frenare
1066 1381 1161 1454 illum
1183 1405 1239 1454 ra-

163 1507 207 1577 tio
228 1528 299 1578 non
320 1506 440 1598 potuit.
458 1505 534 1574 Non
553 1525 609 1576 me
628 1504 696 1576 huc
717 1507 785 1577 ulla
808 1526 889 1600 spes
909 1505 1067 1588 attraxit,
1088 1525 1156 1576 non
1178 1527 1239 1576 ne-

161 1630 322 1713 cessitas,
346 1652 414 1700 non
432 1631 607 1722 voluptas
622 1628 690 1698 nisi
707 1650 832 1723 aspera
846 1629 1005 1722 quaedam
1021 1637 1056 1698 et
1069 1627 1236 1720 agrestis,

162 1775 229 1826 non
240 1752 404 1845 denique,
419 1773 500 1843 quae
516 1773 585 1823 una
603 1751 842 1843 temporalium
860 1774 1044 1823 causarum
1064 1751 1238 1822 honestis·

161 1877 247 1950 sima
274 1885 344 1960 est,
369 1876 520 1948 charitas
551 1875 750 1947 amicorum.
784 1875 879 1958 Quos
909 1877 998 1948 enim
1027 1876 1082 1948 hic
1109 1876 1238 1949 amicos

160 1999 317 2084 habeam,
338 1999 394 2070 ubi
410 2021 512 2070 nemo
532 1999 662 2090 estqui
681 1999 794 2092 ipsum
812 1999 971 2071 amicitiae
991 2021 1119 2070 nomen
1141 1999 1239 2072 intel-

160 2124 264 2216 ligat?
285 2123 397 2194 Exilis
419 2123 624 2214 glebulaeet
644 2121 805 2194 felicioris
827 2123 909 2192 vitis
931 2132 1034 2215 atque
1056 2126 1144 2194 oleae
1164 2125 1239 2194 cul-

161 2247 268 2332 tibus,
291 2248 350 2317 vel
370 2245 542 2316 flumineis
563 2244 676 2318 hamis
703 2268 743 2316 ac
760 2244 891 2315 retibus
910 2245 1040 2315 intenta
1062 2243 1238 2334 plebecula

159 2372 290 2442 nullum
313 2368 396 2441 vitae
417 2369 657 2461 sermonisque
679 2366 923 2439 commercium
950 2367 1079 2438 habere
1100 2389 1236 2438 mecum

158 2501 284 2586 potest.
307 2491 428 2584 Neque
456 2501 584 2562 tamen¹
603 2515 719 2564 rerum
743 2490 885 2581 ignarus
919 2499 979 2560 aut
1007 2512 1092 2562 casu
1124 2490 1240 2582 aliquo

159 2615 297 2687 delatus
322 2635 419 2685 sum:
440 2615 569 2706 quippe
593 2614 652 2686 ubi
676 2615 802 2686 bonam
826 2614 892 2685 aevi
919 2625 1050 2708 partem
1076 2615 1240 2707 exegisse

160 2738 396 2821 memineram,
412 2735 537 2809 iudicio
551 2739 666 2831 potius
685 2739 869 2831 sciensque
882 2761 924 2811 ac
938 2742 1059 2810 volens
1077 2750 1240 2812 certusve

161 2860 250 2953 quid
269 2860 495 2946 dimitterem,
513 2861 596 2954 quid
612 2881 789 2953 sequerer,
804 2884 981 2932 reversus.
999 2862 1033 2932 Si
1046 2861 1238 2954 quidquam

159 2983 365 3056 excusabile
395 2993 451 3056 est
479 2983 514 3054 in
548 2983 613 3056 hac
634 2984 823 3056 mutatione
850 2985 1029 3081 propositi,
1064 3005 1161 3057 amor
1185 2997 1240 3057 est

162 3129 230 3178 non
251 3105 301 3178 rei
328 3107 467 3178 alterius
494 3105 561 3177 nisi
582 3107 778 3179 solitudinis
806 3119 841 3181 et
873 3110 1009 3202 quietis.
1046 3110 1162 3203 Usque
1194 3110 1241 3182 ad

162 3233 355 3302 satietatem
370 3241 472 3302 notus
486 3229 522 3299 in
535 3229 661 3324 patria,
683 3231 891 3324 fugiensque
912 3233 1103 3317 fastidium,
1118 3254 1240 3325 quaero

162 3353 221 3425 ubi
241 3356 365 3424 lateam
388 3354 499 3438 solus,
525 3351 692 3445 inglorius
716 3363 752 3424 et
776 3354 926 3447 ignotus.
954 3355 1041 3425 Mira
1070 3355 1239 3449 cupiditas

161 3478 250 3548 inter
278 3487 327 3548 tot
349 3476 544 3571 praesertim
577 3477 689 3549 inanis
722 3479 843 3570 glorian
876 3487 1077 3552 sectatores.
1099 3479 1169 3551 Sed
1190 3478 1240 3551 sic

161 3608 228 3682 est;
250 3599 317 3670 hoc
339 3621 481 3694 sequ0r;
503 3601 568 3671 boc
588 3609 728 3696 appeto;
742 3623 806 3673 nec
819 3625 875 3672 me
894 3601 973 3673 hinc
986 3602 1145 3694 quaesitae
1158 3601 1238 3670 olim

162 3723 218 3791 vel
240 3733 390 3815 speratae
411 3725 513 3794 lamae
533 3723 673 3794 claritas
695 3746 735 3796 ac
755 3723 954 3795 celebrioris
976 3723 1059 3793 vitae
1080 3723 1239 3794 iucundi·

161 3851 213 3914 tas
235 3845 392 3929 retrahit,
417 3845 496 3917 hinc
522 3856 639 3918 autem
664 3846 847 3919 contrariae
866 3855 901 3916 et
921 3845 1089 3940 praeteroa
1115 3846 1238 3916 ruralis

163 3975 258 4038 metu
283 3967 435 4039 deterret
459 3970 654 4040 austeritas.
684 3970 726 4040 Ut
753 3969 841 4040 scias
868 3968 987 4061 quanti
1007 3967 1114 4038 otium
1136 3968 1236 4055 facin,
1307 3945 1315 3962 ⁶

163 4089 245 4159 nihil
269 4090 382 4162 habeo
401 4093 497 4184 quod
521 4115 599 4164 cum
627 4092 683 4164 illo
709 4101 941 4186 permutatum
962 4092 1078 4162 velim.
1102 4092 1240 4186 impulit

165 4212 331 4298 animum,
352 4225 389 4287 ut
408 4215 496 4300 dixi,
520 4239 588 4288 non
610 4217 684 4290 sine
704 4216 855 4310 quadam
873 4216 1055 4292 dulcedine
1073 4201 1245 4289 memoria
