2958 4804
263 384 322 445 aaa
602 397 643 444 nr
664 396 764 444 uenus
784 395 1005 444 raurnrnamus

264 553 413 604 examen
432 532 695 604 exactissimum
719 543 830 604 status
852 533 902 603 tui
924 544 1049 616 tecum,
1072 531 1176 604 immo
1195 555 1340 619 mecum,

172 685 175 689 ·
264 654 369 723 immo
389 652 571 725 nobiscum
596 653 765 738 habitum,
787 676 830 725 eo
850 643 1048 724 fluctuantis
1070 651 1186 724 animi·
1203 675 1343 746 proram

264 786 394 861 vertaS,
417 786 456 847 ut
476 799 522 848 ex
543 777 660 849 multis
677 778 761 848 vitae
778 776 1057 869 tempestatibus,
1076 775 1204 850 adhoc
1226 779 1342 851 solita-

264 899 353 970 rium
371 910 475 994 atque
492 916 630 992 agreste
648 899 873 985 domicilium,
888 908 924 971 et
940 899 985 971 ad
1003 921 1073 984 me,
1088 901 1185 972 velut
1201 902 1247 974 ad
1266 925 1343 995 por-

265 1033 337 1095 tum
352 1025 514 1117 aliquem,
530 1025 717 1117 confugere
736 1024 898 1097 videaris.
916 1024 1009 1095 Beue
1027 1025 1158 1096 utinam
1176 1026 1341 1118 eligeres:

265 1147 328 1218 sed
344 1147 450 1218 habet
469 1148 535 1218 hoc
553 1146 680 1218 ardens
697 1156 733 1218 et
749 1146 886 1218 intensa
905 1147 981 1218 sitis
999 1157 1037 1218 ut
1053 1149 1146 1219 nullo
1164 1135 1285 1241 potum
1299 1151 1341 1223 de

263 1272 355 1342 fonte
372 1269 533 1342 fastidiat.
552 1270 659 1342 Vides
675 1271 908 1366 Pythagoram
926 1292 967 1341 ac
983 1271 1159 1343 Platonem
1176 1270 1342 1344 doctriuae

265 1393 442 1478 haustum,
470 1415 574 1486 quem
596 1404 665 1466 toto
685 1393 768 1465 orbe
791 1393 1024 1478 refunderent,
1048 1395 1252 1490 aegyptiacis
1274 1395 1342 1488 pri-

264 1539 358 1586 mum
379 1527 415 1587 et
434 1539 518 1588 mox
547 1517 637 1588 italis
663 1515 838 1586 liminibus
865 1516 1113 1590 mendicantes.
1147 1516 1222 1587 Tibi
1251 1541 1342 1590 nunc

262 1650 393 1731 quanta
412 1637 567 1710 discendi
588 1639 664 1710 sitis
684 1648 751 1722 est,
774 1660 854 1731 quae
875 1649 909 1709 te
933 1635 979 1710 ad
1003 1640 1132 1710 exilem
1166 1661 1206 1710 ac
1232 1640 1358 1712 turbi-¹

263 1760 346 1833 dum
368 1760 497 1854 ingenii
517 1761 586 1832 mei
603 1759 754 1832 rivulum
771 1760 885 1852 cogit?
904 1762 1026 1834 Doceri
1043 1759 1180 1853 flagitas
1198 1783 1245 1832 ex
1268 1785 1339 1848 me,

263 1884 323 1977 qui
342 1883 500 1957 discendi
533 1905 611 1954 sum
637 1882 793 1976 cupidior
813 1905 918 1976 quam
939 1882 1101 1967 docendi;
1128 1907 1197 1958 nou
1225 1896 1340 1958 tamen

263 2008 299 2079 id
319 2006 465 2099 cogitas:
480 2006 542 2078 sed
556 2007 702 2078 honesta
718 2006 906 2100 cupiditate
923 2029 1129 2093 succensus,
1149 2009 1287 2082 aridum
1304 2011 1342 2081 li-

265 2152 342 2201 men
362 2130 481 2221 liugua
501 2150 595 2223 saepe
615 2131 734 2224 pulsas
751 2137 786 2201 et
804 2132 946 2201 calamo.
964 2131 1054 2202 Ecce
1071 2112 1133 2202 tibi
1148 2133 1242 2204 fores
1259 2155 1337 2226 ape-

264 2253 326 2324 rio.
348 2250 485 2346 Siquid
512 2252 545 2322 in
572 2251 686 2323 animo
707 2273 784 2323 meo
809 2260 864 2322 est
889 2250 983 2343 quod
1008 2251 1101 2324 sitim
1123 2252 1213 2324 hanc
1233 2255 1341 2326 lenire

264 2375 387 2468 possit,
408 2375 551 2447 arbitrio
582 2386 640 2446 tuo
674 2385 787 2446 utere:
818 2374 969 2468 alioquin
999 2377 1053 2447 fao
1086 2376 1181 2470 quod
1200 2377 1342 2470 ingenui

264 2499 440 2571 convivae:
455 2499 699 2571 affectum-laeti
716 2497 863 2590 hospitis
878 2498 1010 2583 metire,
1029 2522 1097 2571 nou
1114 2503 1248 2596 epulas.
1267 2504 1342 2595 Ego

265 2620 405 2716 quidem
423 2623 548 2705 omnia,
572 2633 610 2693 ut
630 2621 679 2693 ail
697 2611 867 2704 AnnaeuS,
889 2620 925 2692 iu
944 2630 978 2692 te
998 2621 1099 2715 cupio
1120 2626 1342 2698 transfunde-

265 2767 314 2816 re.
336 2746 401 2830 Tu,
427 2753 466 2814 ut
486 2743 602 2828 video,
626 2744 676 2815 sic
697 2743 841 2815 affectus
862 2765 916 2827 ee,
941 2753 978 2816 ut
1003 2754 1095 2816 totus
1116 2744 1150 2816 iu
1173 2745 1342 2841 Scipionis

266 2870 334 2940 mei
352 2890 392 2940 ac
413 2868 521 2939 solius
538 2865 664 2938 Afrioae
684 2866 823 2938 nomine
840 2867 1081 2960 conquiescas
1109 2867 1249 2940 virtutis
1270 2871 1342 2940 cul-

266 3002 331 3074 tor,
350 2989 577 3060 avidissimus
598 2989 799 3059 litterarum.
818 2987 922 3081 Atqui
943 3012 986 3061 ue
1002 2990 1084 3062 dum
1107 2991 1222 3084 Scipio
1243 3013 1343 3064 meus

266 3112 311 3184 ad
332 3133 506 3182 summum
528 3131 605 3182 meo
625 3110 814 3206 perductus
829 3121 884 3182 est
899 3111 1062 3198 carmine,
1081 3123 1117 3185 el
1132 3111 1248 3186 Africa
1264 3115 1343 3187 diu·

266 3235 335 3304 tius
356 3232 438 3302 mihi
456 3244 694 3341 possessaet
713 3233 920 3306 laboriosius
939 3246 1083 3306 exarata
1103 3257 1209 3330 quam
1230 3238 1343 3310 credi-

149 3342 152 3354 ’
266 3356 317 3440 di,
336 3354 491 3428 nondum
509 3367 623 3428 tamen
645 3377 809 3449 supremo
831 3359 968 3428 sarculo
984 3359 1077 3429 culta
1096 3368 1164 3443 est,
1186 3359 1342 3431 nondum

266 3479 425 3572 glebulas
457 3480 596 3552 inutiles
628 3479 750 3552 rastris
780 3479 913 3563 attrivi,
936 3478 1090 3554 nondum
1120 3482 1342 3576 superductis

266 3602 420 3674 cratibus
448 3602 633 3674 scabrioris
660 3602 760 3693 agelli
779 3603 936 3673 cumulos
962 3602 1159 3694 coaequavi,
1187 3603 1341 3675 noudum

265 3723 407 3796 frondes
421 3732 456 3796 et
469 3725 685 3797 luxuriantes
699 3724 879 3817 pampinos
891 3733 926 3795 et
938 3722 1109 3826 hirsutam
1125 3746 1242 3822 sepem
1257 3727 1342 3798 falce

264 3849 474 3943 compescui.
505 3850 542 3919 ln
572 3849 714 3943 reliquis
744 3870 828 3940 ergo
857 3847 1018 3919 omnibus
1041 3857 1078 3919 ut
1098 3847 1192 3932 libet,
1215 3847 1252 3920 in
1277 3847 1342 3919 hoc

265 3994 335 4043 uuo
355 3971 521 4066 patientia
540 3993 629 4068 opus
646 3980 701 4042 est
715 3981 783 4043 tua.
806 3970 902 4055 Sine,
924 3971 1129 4066 priusquam
1151 3981 1184 4042 le
1206 3971 1240 4040 in
1261 3991 1342 4064 pos-

266 4093 459 4166 sessiouem
478 4094 552 4166 Afri
570 4095 661 4166 ruris
683 4094 858 4178 inducam,
886 4094 969 4166 dum
995 4095 1088 4179 licet,
1116 4093 1201 4188 illud
1227 4093 1343 4165 adhuc

265 4206 405 4306 paulum
426 4215 557 4286 ambire
577 4225 612 4286 et
632 4217 752 4290 videre
772 4207 939 4309 quantum
967 4218 1033 4288 hoo
1057 4218 1150 4290 fesso
1175 4225 1210 4286 et
1231 4213 1341 4305 fragili
