3062 4798
399 309 493 358 nreua
514 307 1021 358 omnimodaque-urrerem
1043 310 1105 358 vrn.
1234 298 1290 360 llll

195 446 422 528 consultare,
445 451 481 514 et
500 440 734 516 ratiocinando
752 442 798 514 ad
817 463 943 514 verum
963 443 1036 516 niti.
1058 444 1177 536 ltaque
1198 445 1294 537 quod

195 566 435 640 deliberantis
452 576 509 638 est
526 563 718 660 proprium,
741 561 846 636 modo
866 565 969 649 hane,
989 565 1092 638 modo
1109 564 1201 638 illam
1220 568 1291 658 pla·

194 665 289 761 cere
310 689 528 773 sententiam,
551 686 645 781 quod
666 707 731 759 suo
748 686 853 758 etiam
871 687 1012 759 laudato
1029 684 1109 759 duci
1124 685 1290 778 Virgilius

193 811 314 908 idque
333 833 404 884 nou
425 815 547 896 semel,
569 810 683 883 dedit:

308 1008 408 1088 Atque
423 1004 562 1070 animum
577 1021 657 1071 nunc
674 1005 734 1068 huc
752 1003 900 1080 celerem,
916 1016 997 1064 nunc
1013 999 1122 1072 dividit
1138 999 1208 1064 illuc

306 1103 336 1168 ln
353 1110 516 1189 partesque
532 1103 611 1186 rapit
627 1102 728 1182 varias
743 1117 861 1182 perque
878 1099 981 1164 omnia
999 1105 1112 1188 versat.
1209 1143 1214 1152 -

192 1308 305 1396 Quod
319 1309 349 1381 si
360 1307 405 1380 ad
418 1309 548 1387 amicos
563 1306 698 1380 firmata
711 1316 844 1409 tantum
859 1315 893 1376 et
907 1307 1111 1398 consignata
1126 1307 1288 1398 retulero,

191 1429 339 1504 cautius
357 1428 392 1500 id
409 1431 497 1500 forte
514 1427 698 1514 videbitur,
718 1435 754 1498 et
769 1427 973 1534 constantiae
990 1427 1130 1498 inanem
1151 1426 1289 1498 titulum

191 1550 389 1646 aucupanti
414 1527 592 1622 electionis
612 1550 699 1622 ratio
720 1547 903 1622 constabit.
924 1550 1057 1622 Verum
1083 1549 1175 1620 enim
1201 1570 1291 1621 vero

189 1697 268 1748 non
294 1672 331 1744 id
360 1683 415 1745 est
444 1672 574 1744 amicos
603 1673 829 1745 consiliorum
860 1671 1047 1766 participes
1072 1669 1205 1743 babere
1227 1670 1290 1744 sed

187 1795 367 1868 conscios.
389 1795 465 1887 Ego
484 1815 556 1874 non
576 1795 760 1868 electiones
785 1793 906 1880 modo,
934 1794 999 1867 sed
1018 1794 1190 1886 cogitatus
1213 1775 1290 1866 mo-

189 1926 326 2008 tusque
344 1915 465 2000 animi,
485 1937 574 2007 quos
594 1917 726 2012 primos
746 1928 881 2000 vocant,
904 1917 949 1988 ad
969 1917 1099 1988 amicos
1120 1917 1286 1992 referam:

189 2059 311 2131 neque
331 2059 449 2108 rerum
472 2057 627 2109 summas
648 2048 754 2130 atque
773 2037 905 2120 exitus,
929 2037 993 2110 sed
1016 2038 1207 2132 particulas
1235 2046 1289 2108 at-

188 2180 266 2253 que
286 2158 476 2252 primordia
495 2170 531 2230 et
549 2179 761 2252 progressus
779 2167 815 2231 et
834 2156 1007 2252 quidquid
1033 2159 1117 2230 mihi
1137 2181 1201 2253 per
1226 2180 1289 2230 nc·

191 2293 289 2357 ctem
309 2281 514 2375 obrepserit,
537 2282 657 2354 amicis
678 2281 794 2354 obviis
815 2281 926 2373 primo
943 2301 1046 2353 mane
1064 2279 1228 2353 narrabo.
1251 2281 1286 2364 Si

134 2429 139 2441 ·
191 2409 242 2482 ad
259 2427 418 2478 mensam
438 2405 534 2477 eunti
561 2403 646 2498 quid
670 2406 766 2478 aliud
791 2403 906 2477 visum
927 2404 1005 2488 erit,
1027 2425 1179 2495 surgens
1198 2404 1288 2476 ami-
1318 2496 1320 2500 ι

191 2529 247 2602 cis
268 2529 394 2613 dicam,
417 2536 453 2598 et
472 2547 632 2622 pugnare
652 2527 842 2600 sententias
864 2525 1025 2619 gaudebo
1045 2526 1129 2598 dum
1159 2527 1283 2599 melior

194 2650 330 2734 vincat,
353 2649 448 2742 quod
467 2650 600 2721 facilius
621 2647 691 2734 fiet,
720 2648 750 2720 si
775 2648 821 2719 ab
853 2647 939 2742 ipsis
961 2647 1068 2720 initiis
1088 2648 1284 2720 amicorum

194 2771 286 2844 tides
307 2771 343 2842 in
363 2782 496 2866 partem
517 2774 651 2845 consilii
673 2773 717 2844 sit
737 2772 903 2844 admissa.
922 2773 1006 2846 Haeo
1025 2783 1061 2844 et
1080 2773 1136 2845 his
1159 2769 1285 2842 similia

193 2914 276 2966 oum
299 2913 393 2988 saepe
413 2915 476 2988 pro
494 2894 687 2987 quotidiani
709 2895 815 2968 moris
835 2875 1064 2968 excusatione
1086 2892 1281 2976 dixissem,

193 3017 283 3086 forte
303 3013 426 3084 accidit
443 3026 481 3086 ut
496 3016 532 3086 in
548 3019 711 3111 epistolas
731 3017 905 3092 Ciceronis
924 3012 1129 3103 inciderem,
1156 3014 1283 3087 librum

194 3155 362 3225 magnum
383 3137 571 3227 multaeque
590 3139 771 3211 varietatis
797 3151 900 3232 atque
922 3138 1164 3211 huiuscemodi
1183 3135 1283 3208 fami-

195 3257 340 3330 liaribus
363 3259 504 3353 plenum
529 3261 766 3353 refectumque
791 3259 984 3355 colloquiis.
1012 3262 1062 3332 lbi
1084 3259 1282 3333 excusatio-

196 3403 276 3452 nem
298 3381 444 3452 similem
471 3381 550 3472 legi,
574 3391 609 3452 et
633 3382 826 3454 delectatus
859 3405 951 3466 sum,
985 3382 1104 3454 nescio
1129 3401 1199 3474 qua
1224 3380 1282 3450 vel

195 3502 333 3596 ingenii,
356 3501 458 3598 quod,
482 3511 520 3574 ut
540 3510 669 3596 opta-re,
693 3502 743 3574 sic
761 3525 904 3597 sperare
922 3503 1054 3575 utinam
1071 3502 1204 3586 liceret,
1223 3502 1281 3571 vel

182 3621 349 3716 'ipsarum
372 3647 488 3697 rerum
508 3629 581 3697 sola
603 3624 826 3698 similitudine
844 3648 900 3697 me
917 3625 1053 3698 dixisse
1069 3626 1163 3720 quod
1185 3631 1280 3694 tanto

195 3755 275 3815 ante
296 3769 445 3839 magnus
462 3748 518 3820 ille
536 3747 764 3834 vir-dixerat,
784 3771 863 3822 cum
882 3749 995 3821 adhuc
1016 3750 1140 3843 (Deum
1159 3751 1277 3846 testor)

196 3865 240 3938 ab
260 3866 318 3940 illo
338 3869 468 3941 dietum
488 3893 569 3943 esse
591 3871 776 3957 nescirem,
799 3883 833 3943 et
854 3893 986 3957 secum,
1011 3881 1049 3944 ut
1069 3873 1103 3943 in
1125 3874 1277 3966 quodam

195 3990 269 4063 loco
290 3992 338 4062 ait
358 3993 463 4080 idem,
499 3994 535 4065 in
567 3995 690 4066 eadem
724 3994 889 4067 incidisse
922 3996 1082 4088 vestigia.
1112 3996 1213 4079 Quod
1239 4008 1278 4067 ut

195 4113 323 4189 clarius
345 4113 417 4201 fiat,
440 4116 516 4212 ipsa
538 4118 712 4191 Ciceronis
732 4117 842 4189 verba
863 4117 1056 4206 subiiciam,
1077 4124 1136 4212 qui
1154 4117 1197 4191 ad
1215 4116 1274 4190 rit-
