3078 4798
513 555 701 622 FlithClSGl
731 553 939 620 PETRARCAE

332 773 406 852 DE
456 771 640 854 REBUS
689 769 1109 900 ranltlluluus

401 971 556 1044 ttunn
595 971 1044 1056 Qurnrusnucnuus.
1101 954 1108 966 '

614 1448 795 1516 mistum
815 1451 835 1514 l.

352 1645 549 1697 rnlnctscus
572 1645 740 1696 ruraliter
762 1647 864 1696 tutto
885 1647 944 1697 SUO
966 1647 991 1697 S.
1014 1649 1042 1698 P.
1065 1649 1095 1697 D.

177 1820 300 1878 Accusat
314 1820 482 1877 diuturnum
502 1820 583 1876 amici
602 1819 754 1888 silentium,
774 1825 803 1874 et
820 1818 1007 1892 respondendi
1022 1819 1051 1874 in
1065 1833 1098 1874 eo
1112 1818 1269 1876 tarditatem

269 1909 466 1984 reprehendit:
496 1910 623 1966 hortatur
646 1908 746 1964 deinde
767 1914 799 1963 ut
821 1914 950 1980 suscepto
974 1924 1090 1964 munere
1111 1908 1269 1982 reipublice

271 1997 461 2067 sublevandae,
475 1995 603 2069 superbis
618 1995 807 2069 nequidquam
822 1996 1006 2066 obstantibus,
1016 1997 1089 2052 virili
1102 1999 1195 2054 animo
1208 1999 1271 2053 fun·

272 2091 365 2158 gatar.

280 2321 450 2408 Quamvis
471 2321 649 2415 antiquus,
673 2320 780 2390 immo
806 2340 944 2414 semper
970 2339 1092 2391 recens
1118 2329 1153 2390 et
1178 2341 1267 2391 uun-

181 2465 287 2537 quam
303 2443 398 2516 'inter
417 2465 482 2516 nos
504 2463 689 2515 senescere
709 2444 832 2516 valeus
859 2463 971 2525 amor,
994 2442 1055 2535 qui
1081 2463 1145 2514 nos
1171 2464 1192 2514 a
1218 2451 1268 2515 te·

182 2589 267 2638 nera
291 2574 396 2638 aetate
420 2564 720 2638 indissolubilibus
755 2564 856 2636 nodis
890 2564 1064 2651 innexuit,
1088 2586 1184 2659 saepe
1210 2565 1267 2638 his

183 2686 396 2782 temporibus
417 2688 616 2760 hortaretur
634 2695 674 2758 ut
695 2685 887 2758 scriberem
908 2709 1110 2781 moremque
1131 2697 1268 2780 repete-

182 2830 256 2880 rem
277 2808 531 2892 iutermissum‚
554 2806 759 2880 retrahebar
779 2817 896 2881 tamen
923 2807 1004 2880 hinc
1029 2831 1191 2880 curarum
1217 2812 1268 2880 lu-

38 2977 45 2992 .
182 2929 282 3022 queis
295 2950 466 3032 mearum,
485 2928 578 2999 illinc
595 2928 643 3000 tui
662 2927 901 3002 recordatione
920 2930 1056 3003 silentii.
1074 2931 1161 3017 Quis
1174 2929 1265 3002 enim

182 3051 249 3122 nisi
269 3071 390 3123 amens
411 3049 521 3122 surdo
542 3050 715 3144 loquitur?
733 3053 820 3125 Sunt
837 3075 925 3148 quos
939 3076 1008 3126 non
1023 3054 1141 3148 pigeat
1159 3051 1267 3126 verba

182 3173 349 3270 proiioere
381 3184 418 3246 et
451 3173 579 3266 quibus
611 3175 715 3248 valde
736 3175 901 3270 probetur
921 3177 1135 3262 Ouidianum
1165 3175 1265 3248 illud:

153 3295 318 3392 ,perdere
344 3297 446 3368 verbu
471 3298 542 3366 leue
562 3305 619 3366 est.
645 3295 691 3368 At
716 3318 803 3382 vero
827 3297 989 3390 quisquis
1022 3298 1069 3371 ad
1102 3297 1266 3392 temporis

182 3416 391 3490 brevitatem
424 3389 706 3511 celeritatemque
739 3418 935 3514 respexerit
968 3418 1137 3512 intelliget
1159 3441 1265 3512 quam

182 3561 297 3632 parce,
319 3563 425 3634 quam
446 3541 561 3614 sobrie
576 3540 852 3636 dispensandum
871 3541 928 3627 sit,
947 3563 1124 3636 quamque
1141 3561 1266 3634 super-

183 3664 305 3736 vacuis
325 3665 590 3760 temperandum
603 3685 672 3736 nou
684 3673 820 3738 tautum
841 3664 1034 3737 actionibus
1054 3663 1116 3736 sed
1133 3661 1263 3736 verbis.

182 3783 432 3860 Paterfamilias
457 3786 518 3880 qui
543 3809 581 3860 se
611 3788 757 3880 egestati
784 3787 980 3883 proximum
1001 3788 1113 3868 videt,
1135 3787 1182 3860 ab
1201 3785 1266 3858 im-

182 3909 302 4002 pensis
324 3910 504 3984 inutilibus
524 3910 649 4004 pedem
664 3911 784 4004 refert:
802 3910 998 3984 inclinatam
1011 3909 1103 3982 diem
1117 3929 1265 3982 cernens

182 4051 347 4125 messum
368 4034 481 4107 viator
499 4034 700 4128 ingeminat
723 4035 833 4106 lustat
852 4033 977 4106 attritis
1003 4032 1118 4106 bobus
1142 4043 1179 4105 et
1203 4030 1266 4104 ob-

182 4158 313 4230 noxius
335 4159 436 4229 solito
458 4161 591 4230 sulcum
608 4167 710 4250 urget
724 4168 850 4246 uratur,
865 4181 970 4252 quem
989 4157 1139 4256 pendula
1153 4155 1265 4230 nubes
