2958 4804
244 327 302 388 loo
580 339 620 387 nn
642 338 743 386 nunus
764 337 985 386 annuummnus

244 476 383 570 quidem
409 475 531 567 gloria,
566 483 602 545 ot
630 473 743 567 qualis
777 472 833 544 hio
863 473 982 546 haberi
1015 481 1129 566 potest
1160 471 1319 542 felicitate

244 599 483 692 conspicuum,
506 597 667 670 omnibus
693 606 810 670 tamen
836 597 977 668 casibus
1004 587 1238 691 perio'ulisque
1263 616 1320 666 su·
1354 610 1357 613 ·

243 720 408 806 bieotum,
430 731 466 792 et
485 718 643 791 fortassis
661 741 703 790 eo
724 716 958 811 gravioribus,
978 740 1048 811 quo
1064 729 1099 788 ot
1116 715 1259 808 gravior
1276 737 1319 786 ex

244 847 313 915 alto
333 865 437 915 casus
455 853 524 928 est,
548 852 582 914 et
607 842 697 914 inter
718 849 893 934 praerupta
913 839 1153 932 gradientibus
1174 835 1319 910 cadendi

243 967 435 1063 promptius
453 966 655 1060 periculum.
687 953 829 1036 Accedit
857 983 925 1035 non
956 964 1075 1062 ultima
1107 961 1188 1033 mali
1219 982 1318 1054 pars,

243 1091 338 1186 quod
358 1090 393 1160 in
410 1099 595 1182 utramque
619 1099 751 1183 partem
773 1087 936 1160 oooultari
962 1096 1138 1179 nequeunt
1154 1107 1213 1158 res
1236 1095 1319 1168 tuae,

243 1213 349 1306 inque
376 1233 483 1281 unum
511 1219 545 1280 te
570 1208 679 1283 defixi
705 1209 859 1281 omniurn
887 1220 969 1280 sunt
993 1205 1320 1300 oculi3qu0f1tut,

245 1337 334 1408 siout
353 1333 515 1407 omnibus
536 1356 689 1426 magno,
702 1332 753 1404 sio
773 1332 833 1405 tibi
852 1332 1007 1403 maximo
1029 1330 1143 1404 studio
1164 1330 1324 1402 laboran-

243 1460 328 1531 dum
348 1458 407 1542 sit,
431 1469 467 1529 ut
488 1456 522 1528 in
543 1458 609 1528 hac
627 1457 685 1528 via
701 1477 817 1528 ooram
844 1457 916 1526 Deo
946 1467 981 1526 et
1012 1453 1212 1524 hominibus
1239 1451 1322 1522 reoti

245 1577 315 1654 sint
340 1592 375 1652 et
399 1579 722 1674 irreprehensibiles
748 1600 895 1672 gressus
922 1578 985 1662 tui,
1013 1575 1139 1650 necubi
1163 1597 1322 1660 corruas

111 1794 115 1804 ,
244 1690 369 1776 necubi
394 1701 564 1786 declines,
593 1700 717 1773 necubi
743 1701 880 1786 titubes,
905 1701 1030 1773 necubi
1052 1699 1245 1785 subsistas,
1268 1721 1326 1770 ne-

244 1824 324 1898 cubi
357 1824 524 1916 fatigeris
554 1824 704 1917 denique
741 1824 825 1895 nihil
859 1825 1020 1896 admittas
1047 1825 1141 1918 quod
1170 1823 1325 1916 ignotum

245 1948 343 2018 velis.
370 1947 547 2038 Quidquid
568 1947 659 2018 enim
688 1968 779 2018 unus
805 1947 926 2019 feceris
952 1946 1063 2018 soient
1087 1967 1218 2018 omnes.
1245 1947 1327 2016 Haeo

244 2072 399 2144 virorum
425 2071 610 2142 illustrium
635 2093 738 2164 poena
763 2080 840 2143 est:
874 2072 958 2143 nihil
983 2073 1155 2142 occultum
1181 2069 1325 2151 habent,

245 2204 432 2288 erumpunt
464 2193 602 2276 omnia;
636 2193 764 2265 rimosa
802 2201 981 2286 potentum
1014 2191 1138 2264 domus
1165 2190 1252 2262 nihil
1277 2190 1328 2260 in·

246 2325 299 2387 tra
324 2337 362 2387 se
391 2315 555 2399 continet,
584 2315 700 2387 omnia
730 2314 876 2388 effundit
902 2315 938 2384 in
967 2313 1179 2409 pubblicum.
1212 2311 1327 2382 Soitur

246 2437 331 2533 quid
351 2438 557 2530 prandeant,
583 2437 669 2531 quid
694 2447 844 2522 omnent,
866 2437 951 2531 quid
971 2437 1017 2508 ad
1041 2455 1215 2518 mensam,
1243 2429 1330 2526 quid

188 2651 192 2659 ι
244 2563 281 2630 in
301 2560 460 2633 cubiculo
485 2563 683 2653 loquantur,
705 2560 876 2655 quidquid
895 2582 955 2632 ore
980 2559 1149 2631 exciderit
1169 2558 1327 2630 studiose

246 2683 431 2776 colligitur,
454 2704 557 2754 omne
578 2683 726 2755 verbum
748 2683 916 2756 sententia
935 2692 1004 2768 est,
1026 2703 1128 2753 omne
1150 2680 1329 2754 fortuitum

246 2788 495 2904 praemeditatis
527 2799 749 2891 adscribitur,
783 2817 820 2878 et
849 2807 915 2878 iooi
947 2809 1044 2879 leves
1077 2814 1262 2876 vertuntur
1294 2804 1329 2876 in

248 2931 361 3004 seria:
389 2929 556 3021 denique,
584 2937 634 3000 tot
658 2929 787 3000 oiroum
813 2928 1101 3009 observatoribus
1126 2927 1271 2999 intentis
1296 2935 1330 3000 et

247 3053 401 3124 animum
419 3050 454 3120 in
471 3051 584 3122 fronte
597 3050 808 3143 legentibus,
824 3052 898 3145 ipse
915 3052 979 3125 vix
997 3043 1126 3144 tegitur
1142 3051 1327 3143 cogitatus.

247 3173 338 3258 Quid
355 3172 411 3245 hio
427 3175 607 3244 consulam
626 3173 779 3267 quaerist
794 3174 889 3268 quid,
904 3175 972 3246 nisi
986 3195 1120 3268 semper
1133 3173 1181 3244 ita
1197 3172 1328 3258 vivere,

247 3298 350 3392 quasi
375 3295 411 3367 in
437 3297 575 3390 publico
606 3295 725 3381 viiras3
760 3299 810 3370 sic
843 3320 949 3392 agero
981 3297 1113 3382 omnia,
1149 3296 1253 3390 quasi
1286 3295 1329 3368 ab

248 3419 409 3493 omnibus
436 3420 603 3504 videaris3
621 3421 672 3492 sio
691 3421 860 3514 cogitare,
882 3421 983 3515 quasi
1005 3421 1155 3514 cogitata
1179 3422 1330 3492 translu-

248 3558 362 3629 oeant3
396 3546 539 3620 domum
573 3552 668 3618 tuam
701 3547 817 3641 populi
850 3545 1039 3629 theatrum,
1074 3555 1198 3639 pectus
1233 3553 1328 3621 tuum

249 3672 412 3763 templum
435 3669 496 3740 Dei
515 3669 683 3740 credere‘l
703 3671 773 3741 Hoo
791 3669 860 3754 tibi,
879 3668 946 3740 hoc
966 3668 1136 3748 omnibus,
1155 3669 1329 3762 praeoipue
1437 3721 1445 3734 .

249 3792 386 3884 magnis
407 3791 506 3871 viris,
526 3792 721 3864 laciendum
740 3814 888 3874 oenseo;
910 3791 1076 3885 alioquin,
1099 3799 1227 3883 praeter
1248 3809 1329 3860 oon-

250 3913 404 3985 soientiae
430 3915 648 4009 supplicium,
678 3914 774 4006 vulgi
800 3935 938 4008 quoque
962 3913 1125 3986 iudicium
1153 3933 1222 3984 non
1247 3933 1329 3984 eva-

153 4111 155 4116 ,
202 4145 209 4154 .
249 4033 342 4106 dent.
368 4037 441 4108 Nisi
474 4037 566 4108 onim
597 4060 659 4132 per
685 4037 841 4130 singulos
866 4061 993 4134 passus
1020 4058 1098 4120 non,
1115 4034 1219 4108 modo
1245 4033 1329 4129 quid

250 4154 317 4284 ipsi
342 4167 446 4247 agant
471 4168 532 4230 aut
556 4159 640 4251 quid
665 4161 794 4245 dicant,
819 4161 882 4232 sed
906 4161 990 4254 quid
1017 4162 1062 4233 de
1082 4159 1147 4231 illis
1171 4158 1327 4232 homines
