3078 4798
419 381 512 430 menn
534 379 1035 438 enmresoaonres-errsronn
1057 383 1121 432 xm.
1244 373 1298 436 351

219 537 357 592 manem
394 513 657 586 admirationem
690 514 857 587 miraculo
891 537 967 588 suae
1001 517 1131 592 divine
1166 521 1304 596 virtutis

219 639 426 714 excesserit.
447 635 600 709 Amabas
627 647 662 709 tu
688 637 800 723 illum,
828 637 1004 711 imovero
1025 641 1188 716 virtutem
1214 644 1303 717 eins.

221 763 346 834 Secum
364 761 456 832 enim
475 758 546 844 tibi,
566 769 605 831 ut
622 769 714 856 puto,
737 761 822 833 nihil
839 761 888 834 rei
907 762 1028 849 inerat,
1046 764 1113 838 nisi
1131 767 1226 859 quod
1243 790 1304 841 ne-

220 883 376 959 cessario
396 903 617 976 consequens
637 891 714 968 est,-
729 892 769 955 ut
793 884 925 980 pemati
946 907 1043 972 osor,
1065 887 1158 960 idem
1178 900 1213 963 et
1234 891 1305 964 vir-

222 1006 307 1079 tntis
327 1016 461 1078 amator
488 1006 541 1077 sit.
565 1005 624 1086 In.
648 1017 754 1100 pater,
777 1008 842 1080 has
863 1009 1012 1082 Invicem
1032 1013 1213 1086 conserens
1232 1015 1305 1108 epi-

224 1131 331 1202 stolas
351 1127 580 1213 existimabis,
597 1130 627 1200 si
641 1151 711 1222 qna
731 1129 835 1203 huius
853 1133 976 1204 calami
995 1133 1048 1206 vis
1068 1145 1124 1206 est
1140 1137 1185 1210 ed
1205 1147 1305 1211 aetus

222 1251 494 1337 diversissimos,
517 1251 787 1346 vituperandum
807 1252 942 1354 scilieet
962 1276 1002 1328 ae
1022 1257 1245 1345 laudandum,
1268 1269 1306 1332 ut

223 1387 346 1450 tamen
359 1375 493 1448 interea
514 1375 715 1448 meminens
736 1374 907 1468 quidquid
926 1388 1075 1473 utraque
1095 1381 1306 1455 defectivum

223 1499 341 1584 habel,
363 1497 493 1591 ingenii
519 1497 650 1570 crimen
676 1518 773 1584 esse,
797 1500 826 1570 si
851 1501 937 1595 qnid
957 1511 1073 1576 autem
1099 1505 1187 1578 lorte
1212 1504 1307 1600 qnod

223 1625 372 1719 placeat,
395 1620 534 1694 landem
554 1641 637 1693 esse
656 1621 813 1694 materiae
832 1644 902 1695 non
925 1625 1004 1697 stili.
1031 1625 1117 1710 Quis
1137 1628 1230 1699 enim
1249 1631 1308 1701 vel

225 1749 319 1821 huno
346 1745 492 1819 laudare
525 1746 583 1817 vel
607 1745 703 1816 illum
729 1745 929 1843 vituperare
954 1748 1102 1838 neseiat,
1137 1761 1197 1823 ant
1228 1751 1308 1844 ans

224 1890 374 1964 usquam
408 1877 464 1940 est
496 1878 566 1939 tam
599 1865 708 1939 hebes
743 1869 778 1940 in
804 1868 966 1965 reliquis,
994 1873 1054 1966 qui
1085 1896 1155 1946 non
1182 1875 1239 1946 lrio
1262 1873 1309 1946 ad

225 1989 428 2064 utrumlibet
449 1989 495 2060 sit
514 1987 694 2061 disertus?
713 1989 807 2062 Vale.

368 2137 412 2193 Ad
426 2137 543 2193 Fontem
558 2135 671 2207 sorsin.
688 2135 779 2192 XVIII
799 2136 939 2194 Kalendas
955 2137 1087 2209 Ianuarii,
1102 2139 1235 2197 diluculo.

633 2627 813 2696 EPISTOLA
834 2629 903 2694 xlv.

261 2818 454 2872 rnlNclsctts
476 2819 646 2871 Permanet
667 2818 771 2869 cnseo
793 2817 955 2869 EGCLESIAE
976 2817 1133 2870 rlnulnm
1155 2820 1180 2870 S.
1202 2821 1230 2869 P.
1252 2823 1282 2871 n.

347 2999 536 3059 lldebrandini
551 3003 679 3077 EpIseopi
693 3003 820 3060 Paduani
833 3009 954 3060 mortem
968 3001 1066 3074 dellet,
1081 3003 1196 3059 virtutes
1287 3031 1297 3042 ·

540 3092 718 3165 amplissimIs
731 3093 861 3152 leodibus
876 3097 1001 3152 exornet.

267 3331 272 3340 “
330 3338 538 3425 Amisimus,
560 3340 685 3411 iratres
711 3341 953 3428 amantissimi,
982 3352 1114 3435 patrem
1139 3352 1312 3426 nostrum,

232 3463 355 3536 ducem
378 3471 550 3548 nostrum,
573 3463 727 3536 solamen
749 3472 921 3549 nostrum,
946 3463 1054 3536 decus
1075 3471 1245 3534 nostrum.
1271 3463 1315 3532 Et

233 3609 318 3660 vero
343 3589 460 3659 lumen
491 3607 533 3658 ac
564 3588 741 3658 lucernam
775 3584 925 3681 pedibus
954 3607 995 3657 ao
1020 3583 1158 3692 semitis
1183 3581 1313 3656 nostris

233 3708 385 3782 extinxit
410 3707 512 3780 nobis
540 3708 609 3781 hen
634 3729 727 3780 nuno
747 3706 926 3794 dominus,
955 3706 1138 3780 solntillatn
1159 3711 1313 3778 nostram

233 3844 269 3906 el
288 3835 466 3906 luoernam
483 3833 602 3918 Israel,
624 3841 660 3903 ut
679 3853 756 3903 eam
776 3830 908 3902 scilieet
926 3828 1076 3901 incaelis
1096 3825 1314 3900 aooenderet:

235 3954 517 4030 lldebrandinum
534 3955 759 4051 Episoopnm
787 3975 890 4050 quem
910 3952 1030 4033 neseio
1048 3974 1094 4025 an
1114 3961 1314 4024 terrestrem

235 4076 398 4169 angelum
432 4099 476 4149 an
509 4079 686 4150 eoelestem
721 4075 897 4149 hominem
929 4074 1053 4149 dicam:
1079 4072 1315 4147 Praemisimus

87 4269 92 4279 ,
236 4196 341 4284 illum,
357 4201 489 4286 tratres,
509 4221 578 4293 qno
591 4197 691 4273 nobis
704 4213 854 4294 qnoque,
864 4197 1005 4271 Christo
1018 4196 1117 4282 duee,
1133 4217 1195 4290 per
1207 4193 1316 4288 ipsius
