2988 4800
394 351 486 400 muna
508 351 915 401 oneremus-nmmum
938 355 988 402 xv.
1177 341 1233 402 tto

147 512 226 561 rum
247 507 422 558 memores
450 507 586 571 sumus,
615 483 772 556 amabitis
799 484 900 576 quies
927 492 996 568 est,
1025 495 1059 554 ot
1084 486 1233 578 optanda

148 608 332 683 securitas.
356 610 477 700 Longe
498 610 634 700 lateque
655 607 834 700 pervagati
857 628 1001 676 sumus:
1025 617 1159 701 tempus
1181 619 1236 680 est

149 732 388 806 subsistendi:
411 729 671 824 advesperascit
691 729 798 814 enim,
818 739 918 822 pater
936 728 1079 821 optime,
1102 741 1137 801 et
1157 743 1235 804 ante

148 869 287 929 noctem
321 856 365 926 de
390 853 540 947 hospitio
566 853 789 945 cogitandum
822 864 886 924 est.
921 853 1016 924 Hanc
1048 855 1232 925 litterulam

149 979 207 1052 tibi
231 978 393 1051 redeunti
418 976 559 1048 obviam
585 976 758 1070 praemisi,
786 974 981 1066 evestigio
1008 988 1233 1071 sequuturos.

148 1103 237 1174 Vive
257 1103 402 1174 feliciter
422 1111 457 1171 et
478 1102 568 1183 vale,
590 1099 699 1171 decus
721 1109 890 1170 nostrum.

292 1249 369 1303 VIII.
391 1247 487 1302 Kalen.
508 1247 688 1316 Novembris,
709 1247 858 1301 Avenione.

655 1475 734 1484 n--ua-

562 1683 738 1746 EPISTOLA
760 1683 828 1746 XVI.

165 1865 363 1916 Fannclscus
385 1865 553 1914 Parauaea
575 1865 723 1924 QUATUOR
745 1865 975 1914 CARDINALIBUS
996 1864 1218 1913 anconitanum

345 1971 541 2022 REIPUBLICAE
562 1971 697 2020 URBANAE
718 1971 895 2020 DEPUTATIS
917 1972 942 2018 S.
965 1973 992 2019 P.
1015 1972 1044 2018 I).

216 2113 390 2186 Reipublicae
405 2111 536 2182 regundae
552 2111 728 2182 magistratus
743 2127 799 2165 non
814 2127 830 2164 e
844 2111 1022 2182 patriciorum
1038 2128 1169 2180 numero,

469 2202 516 2256 sed
532 2218 546 2256 e
562 2201 676 2274 plebeiis
690 2218 750 2255 esse
766 2200 916 2271 eligendos.

251 2439 450 2534 Fragilibus
471 2442 633 2512 humeris
648 2441 780 2532 grande
800 2462 889 2511 onus
910 2440 1097 2532 imponitur
1117 2441 1235 2513 abillo

150 2577 183 2638 et
202 2587 269 2660 pro
290 2564 362 2649 illa,
385 2564 514 2658 quibus
535 2587 665 2656 negare
686 2563 733 2634 nit
754 2563 861 2658 potui.
882 2563 932 2634 Ne
948 2562 1032 2656 quid
1048 2585 1135 2656 ergo
1155 2567 1235 2636 reii-

150 2711 266 2760 cerem
305 2688 409 2759 iussit
440 2687 564 2759 animae
593 2687 754 2758 dominus
785 2709 891 2758 amor.
920 2688 1007 2758 Meae
1040 2689 1233 2761 communis

151 2812 275 2905 patriae
294 2819 329 2882 et
349 2811 502 2903 parentis
531 2809 679 2905 publicae
712 2812 807 2882 salus
828 2809 863 2878 in
884 2808 1049 2901 ambiguo
1075 2803 1231 2882 vertitur.

151 2934 227 3004 Non
246 2941 302 3004 est
323 2930 429 3016 filius,
452 2954 557 3024 quem
578 2931 645 3024 piae
663 2930 785 3002 matris
804 2954 873 3022 nou
888 2931 997 3022 tangit
1014 2929 1148 3000 iniuria.
1167 2930 1234 3004 Ac-

152 3057 243 3128 cedit
264 3055 309 3128 ad
329 3056 470 3127 humani
493 3055 633 3147 generis
654 3055 851 3126 universale
872 3052 1029 3124 debitum
1056 3053 1232 3145 singulare

152 3179 328 3273 quoddam
342 3201 427 3270 erga
444 3201 499 3248 me
515 3178 676 3249 meritum
696 3176 791 3248 urbis
809 3178 940 3263 Romae,
956 3198 1059 3270 quem
1077 3187 1111 3247 et
1130 3198 1232 3248 suum

152 3300 280 3392 insigni
300 3298 480 3392 privilegio
497 3297 611 3370 civem
632 3307 748 3382 vocat,
770 3307 805 3368 et
825 3300 974 3370 fortasse
990 3320 1059 3370 non
1072 3299 1231 3370 ultimum

153 3424 218 3496 hoc
239 3433 394 3515 tempore
426 3421 574 3494 nominis
609 3422 663 3492 sui
692 3431 728 3492 et
759 3425 860 3493 famae
882 3422 1095 3494 senescentis
1115 3424 1151 3493 in
1176 3447 1232 3496 me

153 3545 355 3638 praesidium
381 3544 573 3637 repositum
605 3543 801 3616 arbitratur.
823 3543 979 3636 Denique
1012 3545 1061 3616 sic
1096 3521 1232 3636 semper

153 3668 196 3739 de
210 3689 267 3738 me
279 3667 419 3750 meruit,
437 3678 484 3752 ut,
504 3666 564 3738 ubi
581 3668 625 3739 dc
644 3678 736 3739 statu
750 3668 825 3738 eius
840 3666 1021 3760 quaeritur,
1044 3685 1112 3734 non
1129 3663 1231 3738 modo

153 3799 253 3883 turpe
272 3789 446 3860 silentium
465 3812 580 3862 meum
599 3789 655 3874 sit,
673 3789 736 3861 sed
749 3790 976 3860 inhumanum
993 3796 1028 3858 et
1045 3788 1229 3878 ingratum.

154 3911 235 3984 Haec
247 3911 375 3983 idcirco
395 3912 530 4004 praefari
548 3911 661 3994 libuit,
681 3934 724 3981 ne
742 3910 822 4003 quis
839 3933 896 3982 me
912 3911 1073 3982 insanum
1091 3920 1150 3980 aut
1162 3911 1232 3981 mei

153 4032 260 4126 ipsius
282 4033 426 4106 oblitum
449 4042 556 4126 putet,
580 4033 640 4126 qui
661 4033 791 4104 maiora
809 4033 943 4105 viribus
965 4033 1052 4104 meis
1079 4032 1145 4104 sim
1171 4055 1231 4124 ag-

154 4177 307 4246 gressus
324 4168 511 4249 contraque
530 4155 711 4229 oonsilium
732 4155 907 4249 sapientis,
924 4158 1044 4229 altiora
1061 4180 1118 4228 me
1135 4179 1232 4250 quae-

276 4291 302 4328 rr.
1049 4281 1078 4330 10
