3062 4798
593 627 781 691 FRANClSCI
811 625 1017 689 PETRARCAE

413 845 484 920 DE
533 843 717 924 REBUS
767 840 1185 960 FAMILIARIBUS

476 1044 629 1114 LIBER
671 1041 1144 1115 SEPTlMUSDEClMUS.

697 1571 876 1638 EPISTULA
897 1574 916 1635 l.

388 1761 581 1842 Falaclseds
602 1764 770 1812 Paresaca
791 1763 942 1815 aselano
963 1767 1079 1819 naarai
1100 1769 1125 1816 S.
1149 1770 1176 1816 P.
1199 1769 1228 1817 D.

367 1929 500 1994 Quaenam
514 1943 579 1982 vera
593 1927 784 2000 philosophia,
800 1945 862 2000 quae
875 1945 943 1984 vera
956 1931 1016 2000 lex,
1032 1931 1095 2003 quis
1109 1933 1256 2005 utriusque

647 2016 769 2088 optimus
785 2017 820 2070 sit
835 2017 976 2088 magister.

367 2278 532 2370 Religiosi
558 2278 742 2352 cuiusdam
768 2279 834 2349 viri
860 2278 1020 2352 manibus
1047 2279 1242 2372 religiosior
1267 2281 1349 2352 mihi

269 2402 404 2472 libellus
427 2410 507 2496 tuus
529 2403 652 2473 allatus
678 2410 743 2472 est.
764 2400 894 2496 Aperui
921 2403 1090 2485 lecturus,
1113 2415 1148 2474 at
1172 2403 1208 2473 in
1228 2403 1348 2475 erasti·

269 2544 376 2594 num:
397 2533 472 2594 erat
496 2523 588 2594 enim
611 2545 693 2616 pars
719 2522 787 2594 diei
812 2523 940 2596 ultima.
969 2525 1045 2617 lpse
1066 2523 1151 2594 mihi
1173 2525 1347 2597 blanditus

270 2655 339 2730 est,
363 2656 400 2716 ut
425 2646 473 2716 ait
497 2647 651 2718 Seneca:
673 2646 720 2717 ita
745 2668 815 2718 non
841 2654 921 2718 ante
940 2644 1087 2738 deposui
1113 2668 1217 2739 quam
1241 2656 1348 2719 totum

270 2767 305 2862 in
331 2768 466 2838 silentio
494 2768 743 2862 perlegissem:
774 2769 820 2838 ita
849 2789 949 2839 coena
973 2767 1128 2862 corporis
1155 2769 1349 2842 innectam

234 2861 239 2878 ⁵
269 2888 384 2972 dilata,
414 2889 592 2980 splendide
624 2888 759 2958 interim
794 2899 953 2960 coenatus
987 2889 1123 2961 animus
1158 2890 1244 2962 cibis
1277 2890 1348 2962 suis

270 3007 492 3098 suaviterque
513 3012 661 3079 relectus
678 3019 713 3080 et
731 3007 925 3081 delectatus
948 3031 1034 3095 sum,
1055 3032 1219 3102 germane
1242 3011 1348 3097 unire,

161 3159 163 3166 ·
269 3132 346 3223 plus
372 3150 477 3220 quam
503 3128 571 3200 dici
593 3138 718 3222 potest,
746 3123 945 3224 intelligens
966 3155 1035 3204 non
1056 3133 1159 3205 modo
1180 3133 1348 3227 propositi

270 3251 379 3322 sancti
403 3251 632 3324 constantiam
659 3264 834 3346 speratam
861 3275 999 3350 semper
1030 3277 1074 3326 ex
1103 3263 1149 3338 te,
1185 3266 1245 3325 aut
1269 3277 1350 3326 oon-

271 3383 438 3466 temptum
453 3398 567 3447 rerum
586 3375 761 3468 fugacium
780 3375 920 3448 abalim
939 3376 1022 3447 mihi
1040 3376 1271 3460 notissimum,
1287 3374 1351 3447 sed

270 3495 480 3589 insperatam
501 3508 536 3570 et
561 3499 737 3590 inopinam
759 3499 848 3570 hanc
873 3497 1007 3590 copiam
1035 3498 1242 3580 litterarum,
1265 3519 1352 3589 qua-

272 3642 346 3689 rum
365 3641 503 3712 expers,
523 3620 725 3710 religionem
744 3621 835 3692 illam
856 3622 929 3691 Deo
950 3619 1183 3710 gratissimam
1204 3641 1245 3690 ao
1262 3638 1351 3710 pene

272 3740 387 3810 nudus
413 3741 557 3812 intrasti.
581 3741 750 3824 Quamvis
770 3741 862 3811 enim
885 3741 919 3810 in
939 3739 1061 3812 litteris
1083 3763 1150 3812 non
1173 3739 1218 3810 sit
1239 3741 1349 3824 salua,

270 3870 460 3932 esttamen
481 3865 614 3956 fuitque
637 3864 705 3934 iam
726 3863 843 3934 multis
869 3862 914 3933 ad
935 3865 1081 3934 salutem
1105 3863 1182 3945 via;
1212 3862 1350 3953 signum

271 3991 439 4073 praeterea
463 3986 666 4057 excellentis
692 3994 727 4056 et
752 3985 850 4057 facile
870 3986 906 4056 in
931 3987 1037 4056 altum
1063 3985 1206 4056 evasuri
1231 3982 1349 4067 animi,

272 4123 375 4193 posse
400 4126 472 4175 rem
495 4116 624 4178 tantam
652 4107 726 4178 sine
751 4118 963 4218 praeceptore
984 4109 1180 4202 percipere:
1209 4107 1290 4179 licet
1316 4112 1353 4176 ut
