3002 4794
437 367 529 418 uranu
550 369 912 437 uncinus-remmom
934 376 976 424 111.
1208 365 1242 426 8l

165 502 322 574 vinitatis
348 504 617 578 adscendentem
644 509 744 602 sequi
769 509 878 581 oculis
904 519 942 580 et
969 519 1086 583 mente
1110 511 1248 585 difficile

164 637 233 710 est,
266 638 302 698 et
329 629 405 720 puri
432 629 582 701 hominis
609 629 809 702 testimonio
836 633 1036 718 delectaris,
1068 636 1159 728 elige
1185 636 1248 706 tibi

158 750 298 842 ¹aliquos
312 751 357 822 de
370 750 596 845 professionis
610 764 681 824 tuae
695 753 852 837 ducibus,
871 755 1031 827 loannem
1047 759 1245 852 Baptistam,

162 871 366 957 Antonium,
389 874 617 960 Macharium‚
640 879 710 961 vel,
739 875 769 947 si
795 876 979 970 rigidiores
1005 879 1041 950 hi
1067 881 1245 968 videntur,

163 995 253 1086 elige
271 996 510 1082 Benedictum,
539 998 628 1090 elige
648 999 693 1070 ab
712 999 892 1072 erroribus
914 1001 1032 1074 saeculi
1058 1002 1246 1075 redeuntes

163 1116 400 1209 Augustinum
435 1131 470 1192 et
494 1119 694 1202 Arsenium,
721 1143 810 1215 quos
837 1126 983 1196 multum
1014 1147 1152 1220 semper
1176 1130 1249 1222 pla-

162 1242 280 1314 cuisse
306 1241 367 1314 tibi
393 1245 474 1315 scio.
502 1244 617 1316 Habes
643 1247 783 1316 Patrum
810 1247 914 1334 vitas,
943 1248 1018 1319 illas
1044 1252 1185 1343 perlege
1210 1261 1249 1322 ut

162 1364 256 1449 facis
278 1364 338 1436 ubi
359 1365 508 1437 amicum
530 1365 702 1452 invenies,
725 1391 829 1461 quem
852 1377 975 1441 testem
998 1371 1140 1443 secretis
1167 1395 1249 1444 con·

163 1485 249 1556 siliis
272 1506 342 1556 non
360 1507 516 1571 recuses,
538 1509 610 1580 quo
631 1488 717 1573 scio,
741 1489 909 1582 teipsum
932 1491 1108 1585 vitamque
1128 1494 1249 1566 mode-

163 1610 249 1680 reris
277 1619 388 1695 tuam,
413 1608 487 1681 sine
515 1633 585 1704 quo
609 1611 759 1704 denique
786 1614 834 1684 nil
859 1635 958 1706 agas,
985 1613 1069 1686 nihil
1100 1615 1245 1710 cogites.

162 1733 257 1824 Lege
278 1731 435 1826 Gregorii
462 1733 652 1826 dialogum,
675 1733 862 1828 Augustini
889 1737 1087 1832 soliloquia,
1114 1749 1149 1812 et
1170 1763 1248 1813 sca-

161 1832 275 1928 tentes
292 1854 443 1926 lacrimis
464 1856 724 1928 confessionum
748 1858 867 1942 libros,
885 1859 929 1930 de
955 1861 1085 1954 quibus
1105 1863 1246 1956 quidam

162 1977 298 2050 ridiculi
318 1978 477 2052 homines
501 1978 614 2050 ridere
636 1983 760 2066 solent,
782 1991 819 2054 tu
837 1983 939 2056 ineis
959 1989 1115 2058 solamen
1135 2009 1175 2060 ac
1192 2011 1255 2059 re-‘

160 2101 295 2194 fugium
322 2125 390 2174 non
411 2102 585 2176 mediocre
612 2104 776 2199 reperies.
798 2107 849 2180 De
878 2109 1042 2200 psalterio
1063 2110 1155 2180 enim
1177 2131 1247 2181 non

160 2225 282 2296 dubito
312 2236 345 2298 te
374 2227 574 2322 Hieronymi
604 2228 787 2300 consilium
813 2228 926 2322 sequi,
960 2241 998 2302 ut
1029 2254 1048 2302 e
1081 2231 1244 2305 manibus

161 2349 229 2421 tuis
239 2371 418 2443 nunquam
434 2350 584 2434 excidat,
596 2351 642 2422 de
656 2373 725 2443 quo
739 2373 834 2423 more
851 2374 928 2423 meo
941 2353 1112 2447 poeticum
1126 2355 1246 2445 nescio¹

160 2473 244 2567 quid
270 2472 404 2565 pridem
432 2473 568 2574 scripsi,
598 2474 705 2566 quod,
739 2473 903 2567 quoniam
929 2477 1064 2570 placere
1090 2475 1152 2546 tibi
1173 2475 1247 2547 ani·

160 2595 342 2694 madverti,
364 2619 409 2667 ne
429 2595 534 2667 modo
555 2597 723 2688 graveris,
745 2608 906 2671 secuturo
921 2611 1141 2671 reservatum
1156 2622 1246 2671 nun-

160 2716 213 2789 cio
232 2716 401 2810 excipies.
421 2719 470 2788 Tu
497 2739 593 2802 vero,
620 2729 657 2790 ut
678 2717 782 2789 finem
808 2719 945 2805 faciam,
973 2721 1080 2792 vitam
1105 2741 1244 2792 omnem

161 2839 250 2911 inter
286 2840 611 2935 contemplationem
646 2863 686 2912 ac
718 2841 947 2936 psalmodiam
983 2852 1019 2913 et
1051 2844 1243 2915 orationem

161 2961 412 3055 lectionemque
425 2961 565 3055 partire.
581 2962 724 3055 Corpori
739 2972 807 3048 tuo,
829 2974 1006 3059 tamquam
1025 2965 1242 3049 rebellaturo,

163 3084 191 3154 si
208 3084 329 3176 possit,
347 3093 383 3155 et
401 3086 595 3156 contumaci
612 3084 784 3181 mancipio
801 3085 884 3157 nihil
904 3087 1048 3173 tribuas,
1064 3086 1131 3160 nisi
1148 3087 1244 3181 quod

161 3231 291 3301 negare
311 3231 380 3280 non
404 3217 527 3304 potcs;
549 3207 583 3278 in
605 3209 753 3281 vinculis
774 3209 884 3293 habe3
906 3210 1079 3282 serviliter
1105 3211 1244 3283 tractari

161 3332 280 3418 debet,
317 3343 356 3404 ut
383 3331 551 3425 intelligat
580 3333 672 3405 unde
699 3331 753 3405 sit.
782 3334 985 3428 Suspectam
1011 3356 1133 3428 pacem
1165 3335 1245 3407 facit

161 3455 274 3527 hostis
294 3453 435 3527 infidus.
456 3455 555 3528 Nosti
574 3478 722 3549 quorum
749 3455 895 3528 insidias
920 3457 955 3528 in
978 3459 1107 3528 saeculo
1126 3442 1244 3550 pertu-

161 3577 259 3660 leris3
280 3576 327 3647 ab
349 3577 392 3649 iis
413 3576 448 3647 in
474 3587 680 3672 perpetuum
702 3600 798 3648 cave.
822 3577 908 3649 Cum
935 3575 1110 3668 fidefragis
1130 3577 1244 3647 inimi-

161 3699 222 3785 cis,
245 3723 317 3772 non
338 3709 413 3772 tuto
430 3701 562 3772 reditur
578 3697 613 3771 in
634 3700 791 3794 gratiam.
811 3701 894 3771 Haec
911 3700 1008 3784 inter,
1026 3700 1149 3792 gaude,
1164 3722 1243 3792 spe-

163 3844 215 3908 ra,
237 3823 390 3920 suspira,
414 3822 573 3894 seruiens
593 3823 738 3895 Domino
759 3821 794 3891 in
815 3823 950 3905 timore,
973 3829 1008 3892 et
1027 3823 1190 3892 exultans
1210 3823 1243 3892 ei

162 3967 241 4017 cum
265 3955 428 4030 tremore,
452 3968 493 4017 ac
514 3946 643 4040 gratias
665 3967 772 4037 agens
793 3945 888 4037 quod
908 3942 969 4015 tibi
993 3965 1126 4040 pennas
1147 3945 1243 4018 dedit

163 4078 342 4161 tamquam
362 4066 546 4153 columbae,
570 4078 608 4138 ut
628 4071 765 4138 volares
786 4076 821 4138 et
838 4067 1091 4160 requiesceres,
1114 4065 1242 4160 quibus

163 4213 232 4262 non
254 4191 411 4285 segniter
430 4210 518 4262 usus
535 4211 583 4276 es,
607 4186 670 4262 sed
688 4189 858 4283 elongasti
877 4188 1029 4283 fugiens,
1048 4201 1087 4261 ut
1106 4191 1141 4261 in
1163 4190 1243 4263 soli-

266 4349 269 4354 .
292 4322 318 4361 u.
1072 4312 1088 4361 6
