3002 4794
425 393 519 442 moun
541 391 869 444 nonus-urrsrom
890 396 943 444 x11.
1193 383 1229 444 tl

149 510 330 582 severiore
355 507 483 581 iudicio
506 517 695 601 retegatur,
720 512 892 603 simulque
916 511 1000 582 mihi
1027 515 1233 606 velumque

149 632 214 705 sub
236 633 348 704 oculis
371 631 439 702 tuis
461 634 565 714 lateo,
594 629 654 702 tibi
677 642 758 703 tuus
780 633 850 718 ille,
872 655 943 726 quo
963 636 1112 726 gaudes,
1135 657 1233 707 error

146 755 299 826 excidat.
320 752 469 825 Proinde
485 752 569 846 quid
590 752 673 825 libet
693 754 737 826 de
755 776 811 825 me
827 757 979 842 credere,
997 758 1101 830 crede
1114 758 1231 841 libere,

146 877 250 949 erede
285 874 441 969 pacifice,
469 897 561 947 neve
587 878 678 946 ultro
703 895 862 948 arcessas
889 878 947 970 qui
974 888 1006 950 te
1031 879 1230 973 opinionum

146 1011 309 1072 veterum
330 997 583 1070 cousuetudine
611 997 794 1090 spoliatum
821 1020 933 1072 novas
955 999 1086 1084 induat,
1114 1011 1230 1094 teque,

145 1123 246 1216 quasi
280 1120 455 1192 advenam
481 1121 560 1192 licet
584 1128 619 1191 et
645 1119 792 1191 invitum
817 1124 977 1194 colonum
1008 1122 1136 1194 finibus
1163 1123 1231 1194 tuis

55 1299 60 1312 ,
145 1247 299 1340 pulsum,
325 1241 556 1328 subinferat,
578 1242 644 1315 etsi
662 1245 810 1315 sortasse
832 1244 1053 1316 sermonibus
1075 1267 1144 1316 nou
1162 1255 1230 1317 tam

146 1367 259 1438 auimo
286 1373 348 1437 tuo
374 1363 493 1456 gratis.
520 1365 596 1435 Non
621 1375 677 1437 est
702 1366 777 1436 sani
798 1375 924 1456 gustus
950 1379 1112 1458 appetere
1137 1367 1232 1459 quod

146 1488 305 1560 offendat.

650 1635 730 1650 Μ

559 1802 737 1870 EPISTULA
753 1804 822 1868 IIIII.

209 1999 410 2050 FRANCISGUS
433 1997 601 2048 PE'I'RARGA
623 1997 769 2048 PHILIPPO
791 1997 833 2046 DE
855 1999 1005 2048 V1ra1nco
1026 2001 1052 2050 S.
1075 2001 1103 2048 Ρ.
1125 1999 1156 2048 D.
1239 2031 1243 2038 -

147 2168 270 2223 Graviter
285 2166 413 2236 obiurgat
427 2165 501 2238 quod
515 2166 671 2222 Gnidonem
686 2166 860 2222 cardinalem
870 2159 1036 2239 Episcopum
1045 2169 1228 2226 Portuensem

232 2255 262 2308 iu
278 2253 388 2308 Italiam
406 2251 501 2323 Legati
515 2269 631 2309 munere
647 2255 764 2310 missum
783 2254 863 2326 quasi
881 2255 962 2310 exilio
980 2255 1151 2310 laborantem
1170 2257 1230 2312 fne-

232 2344 271 2397 m't
284 2342 443 2397 miseratus.

242 2588 383 2660 Amicas
410 2611 514 2660 aures
544 2591 677 2662 amicus
710 2611 825 2661 sermo
854 2589 1020 2682 pulsabit,
1054 2611 1122 2660 non
1158 2597 1225 2662 tam

145 2709 293 2782 blandus
330 2733 434 2804 quam
463 2733 587 2796 verax,
621 2735 737 2805 neque
770 2722 840 2783 tam
869 2713 1082 2806 compositus
1122 2733 1225 2805 quam

145 2830 267 2904 fidelis.
293 2832 384 2916 Quid
405 2831 503 2903 enim.
519 2832 613 2925 loqui
635 2851 758 2904 verear
783 2834 828 2906 de
853 2833 1056 2924 longinque,
1084 2833 1144 2924 qui
1168 2853 1227 2904 co

145 2976 216 3025 ram
237 2955 373 3049 positus
394 2977 462 3026 nou
486 2958 632 3024 verear?
651 2956 779 3046 Magna
803 2965 859 3026 est
881 2955 1042 3027 amicitiae
1065 2954 1223 3038 libertus

145 3099 270 3168 magua
287 3075 468 3148 securitas.
490 3077 557 3162 Qui
583 3079 729 3148 multum
752 3077 865 3169 diligit
883 3069 966 3146 nihil
988 3078 1099 3162 timet,
1120 3077 1226 3147 immo

146 3221 227 3269 vero
248 3199 346 3270 timet
365 3199 489 3283 omnia,
509 3206 544 3269 et
564 3199 680 3270 omnia
696 3199 927 3291 circumspicit
945 3221 1095 3292 magnus
1118 3222 1223 3286 amor,

145 3320 208 3404 illa,
232 3323 390 3414 inquam,
413 3321 528 3392 omnia
545 3321 674 3413 quibus
695 3333 847 3393 amatum
871 3321 1067 3414 suspicatur
1087 3321 1224 3394 offendi.

144 3443 192 3514 De
212 3442 325 3513 amico
347 3443 488 3534 quidem
511 3463 575 3514 suo
597 3445 729 3516 Seneca
748 3445 884 3530 viderit,
904 3447 1038 3538 dequo
1060 3446 1129 3517 ait:
1148 3445 1225 3515 Noa

145 3587 217 3634 orno
238 3567 344 3649 illam,
365 3565 432 3634 ciri
449 3565 628 3658 offendam
649 3589 714 3658 ego
736 3569 819 3637 nihil
841 3567 956 3640 miuus
978 3570 1095 3652 velim,
1118 3589 1224 3659 quarn

146 3696 178 3758 te
195 3686 381 3758 offendere.
402 3687 470 3759 Sed
487 3687 586 3773 absit,
606 3699 644 3759 ut
657 3689 782 3762 offendi
802 3713 886 3762 vero
900 3691 1025 3784 possis,
1040 3689 1113 3760 veri
1132 3711 1224 3759 sem-

145 3831 205 3901 per
225 3808 451 3880 acutissimus
477 3819 512 3880 et
537 3809 803 3881 ardentissimus
829 3811 1021 3903 inquisitor.
1046 3812 1225 3882 Delectare

144 3931 257 4020 potius
279 3951 392 4022 spero,
415 3937 450 4000 et
470 3931 692 4003 imbecillitati
709 3930 812 4001 animi
831 3930 970 4000 virtutis
996 3953 1061 4024 ope
1082 3953 1223 4003 succur-

144 4071 242 4135 rere,
278 4061 316 4122 ut
349 4060 465 4124 tantus
498 4053 611 4124 aetatis
645 4061 775 4123 nostrae
812 4051 1053 4154 philosophae,
1080 4055 1223 4128 ablecds

145 4175 243 4266 vulgi
271 4173 453 4246 delirantis
490 4175 644 4269 ineptiis,
671 4175 738 4246 iam
765 4195 835 4246 uon
853 4159 964 4248 ‘modo
989 4175 1133 4251 viriliter
1159 4181 1221 4252 sed
