2958 4804
329 379 421 428 trouu
443 378 950 437 nonarusuuctnus.-amsroun
973 385 1012 433 ru.
1150 371 1205 432 itt

113 516 192 600 ira,
213 513 347 600 scribo,
370 525 408 586 ut
431 513 491 607 qui
517 515 619 588 tamae
645 537 734 588 meae
758 517 985 611 patrocinium
1008 521 1207 616 suscepisti,

115 639 300 712 adversus
322 637 400 722 hae,
424 636 454 708 si
474 638 562 710 sorta
582 659 708 710 canum
730 660 856 712 nomen
873 639 1027 725 offendit,
1047 641 1143 734 picas
1160 643 1211 715 lo-

116 759 358 854 quacissimas
379 761 535 851 argutior
552 758 632 845 iias,
653 759 839 835 identidem
858 763 1049 838 admonens
1070 773 1108 836 ut
1127 787 1211 838 oou-
1287 769 1290 776 '

118 884 177 954 ios
198 880 243 953 ad
269 901 350 954 sese
377 891 513 956 vertere
539 883 718 977 incipiant,
746 907 814 958 neu
840 885 1020 978 nigrantes
1044 889 1141 962 corvi
1166 889 1211 962 de

118 1026 317 1099 cycnorum
342 1004 487 1080 maculis
507 1005 695 1100 disputent.
717 1009 804 1080 Tum
825 1009 966 1082 demum
988 1009 1133 1103 pudebit
1150 1031 1211 1082 eo

120 1149 204 1198 rum
230 1147 347 1198 mores
368 1149 512 1223 carpere
534 1149 683 1221 quorum
716 1129 780 1202 vix
812 1131 933 1204 iaciem
967 1144 1109 1205 norunt:
1127 1143 1209 1204 'tum

121 1248 288 1360 desinent
322 1249 367 1320 de
404 1249 524 1321 alienis
558 1250 665 1322 rebus
698 1251 860 1336 tabulari,
892 1253 976 1325 dum
1006 1255 1100 1326 domi
1134 1277 1210 1328 suae

122 1370 266 1443 abunde
287 1373 481 1467 repererint
505 1373 600 1464 quod
624 1376 821 1467 loquantur,
844 1385 880 1446 et
900 1379 1049 1471 amplam
1071 1378 1211 1450 calami-

124 1501 236 1567 tatum
270 1515 311 1566 ac
344 1495 502 1568 dolorum
530 1517 673 1567 suorum
701 1497 880 1570 materiam
908 1498 1120 1596 cogitabunt.
1148 1497 1208 1583 rit,

123 1639 169 1688 ne
189 1616 275 1710 qnid
295 1615 399 1689 hodie
417 1616 462 1688 de
483 1617 660 1713 conceptis
687 1617 823 1706 sileam,
843 1619 890 1692 ilii
910 1621 994 1694 mihi
1020 1622 1067 1695 ad
1085 1619 1209 1694 verum

125 1739 271 1835 propius
290 1739 452 1812 videntur
473 1741 654 1826 accedere,
676 1743 735 1835 qui
756 1742 858 1816 aliam
881 1743 1012 1816 reditus
1038 1745 1106 1816 mei
1129 1767 1211 1819 cau-

126 1883 201 1935 sam
236 1861 509 1953 indignationem
543 1864 667 1936 ierunt.
695 1865 781 1936 Nam
806 1874 840 1936 et
865 1865 941 1938 haeo
965 1887 1107 1960 quoque
1131 1889 1211 1938 sen-

126 1984 233 2058 tentia
253 1985 289 2056 in
310 1985 431 2056 litteris
458 1985 528 2058 tuis
554 1997 638 2058 erat.
665 1986 706 2055 Hi
732 2009 802 2058 uon
828 2007 977 2080 usquam
1004 1989 1091 2061 adeo
1116 1990 1211 2060 insa-

126 2107 244 2178 niunt:
268 2107 303 2175 in
327 2105 480 2176 animum
506 2106 646 2199 quidem
675 2128 791 2177 meum
818 2107 979 2180 videntur
1004 2107 1210 2200 profundius

6 2259 7 2264 ¹
126 2229 339 2322 inspexisse,
363 2229 466 2300 modo
487 2229 600 2301 sciant
618 2229 703 2324 quid
722 2238 779 2301 est
798 2228 1000 2320 indignatio.
1022 2229 1123 2300 Libet
1146 2228 1211 2319 igi-

128 2362 182 2423 tur
202 2350 370 2424 diffinire:
392 2351 427 2421 id
447 2351 542 2443 quod
563 2373 667 2444 quam
693 2360 786 2422 recte
806 2351 944 2434 inciam,
968 2361 1065 2422 tuum
1092 2351 1137 2423 sit
1157 2349 1211 2421 in-

127 2474 265 2548 dicium.
292 2475 358 2546 Est
381 2473 536 2568 quidem,
559 2473 627 2546 uisi
651 2476 762 2559 iaiior,
790 2472 982 2566 indignatio
1007 2473 1091 2546 nihii
1116 2473 1210 2547 atiud

127 2619 230 2690 quam
265 2619 450 2690 generosae
483 2597 608 2670 mentis
640 2596 785 2670 affectus
812 2596 996 2669 excitatior
1019 2619 1067 2668 ex
1092 2619 1209 2670 rerum

127 2717 356 2792 humanarum
383 2719 589 2811 indignitate
614 2720 835 2813 proveniens.
870 2720 970 2791 Hunc
1002 2718 1162 2790 affectum
1189 2711 1238 2790 a*

128 2865 180 2915 me
201 2863 283 2914 raro
304 2844 360 2913 vel
377 2863 555 2940 nunquam
574 2839 699 2914 abesse
716 2839 896 2928 confiteor,
916 2853 1021 2936 atque
1038 2840 1085 2911 ibi
1104 2840 1211 2912 vehe-

127 2964 331 3035 mentiorem
353 2985 434 3036 esse
454 2963 514 3036 ubi
537 2965 696 3036 materiae
721 2966 800 3059 plus
824 2962 984 3037 occurrit.
1012 2963 1082 3036 Sed
1106 2962 1210 3038 nimis
1241 2979 1244 2982 ·

126 3089 234 3158 multu
253 3085 300 3158 do
321 3108 359 3158 re
379 3109 503 3180 parva,
522 3087 629 3157 immo
645 3087 800 3172 minima,
819 3087 926 3160 immo
943 3089 1046 3161 nulla.
1068 3087 1212 3160 Latreut
1258 3077 1260 3084 ’

127 3209 286 3294 utlibet,
318 3219 353 3280 et
384 3211 566 3281 sufflantes
591 3209 625 3280 in
653 3220 796 3296 terram,
825 3212 1003 3304 pulverem
1030 3211 1063 3281 iu
1090 3212 1213 3284 oeulos

127 3355 210 3406 suos
230 3332 397 3404 excitent.
418 3333 489 3404 Nos
510 3331 588 3404 iiios
608 3335 665 3404 vel
682 3332 834 3404 ridentes
851 3332 995 3404 meritos
1015 3335 1071 3404 vei
1088 3332 1211 3404 imme-

126 3456 213 3529 ritos
247 3455 403 3528 miserati
433 3466 656 3552 emptumque
682 3468 840 3527 nostrum
865 3461 1132 3547 prosequentes
1155 3474 1212 3525 ra-

126 3581 256 3651 tionem
274 3580 358 3657 vitra
372 3580 498 3652 duoem
514 3588 682 3673 quantum
700 3599 889 3673 possumus
906 3576 1112 3649 habeamus.
1135 3576 1211 3666 Ego

125 3703 222 3797 quod
244 3704 287 3777 ad
307 3727 364 3778 me
383 3704 520 3790 attinet,
543 3725 685 3798 pergam
711 3724 782 3797 qua
807 3703 909 3796 coepi,
937 3722 1051 3793 neque
1076 3699 1121 3772 ab
1146 3699 1211 3771 huo

126 3828 300 3900 sententia
332 3849 532 3900 muscarum
565 3847 746 3900 murmure
777 3824 992 3908 demurebor,
1030 3833 1066 3894 et
1103 3821 1210 3893 surda

126 3971 212 4021 aure
237 3950 377 4022 inanem
402 3950 586 4044 strepitum
619 3955 888 4043 praeterveotus,
919 3947 976 4018 val
1009 3943 1210 4038 perveniam

128 4094 198 4166 quo
219 4073 375 4167 suspiro,
397 4076 471 4159 vet,
492 4073 522 4145 si
542 4071 579 4145 id
597 4072 685 4144 torte
706 4093 775 4144 non
793 4067 943 4151 dabitur,
963 4077 999 4140 at
1016 4068 1140 4140 saitem
1159 4065 1211 4136 in-

129 4193 269 4265 tortunii
303 4194 369 4266 mei
402 4215 511 4286 penes
540 4195 677 4284 vulgus.
701 4192 808 4284 gioria
839 4213 908 4296 non
939 4187 1014 4260 erit.
1048 4189 1121 4260 Hoc
1154 4207 1209 4258 me
