3002 4794
441 363 533 411 nrnnn
553 361 667 412 nouus,
679 359 884 410 -nrtsroun
904 360 968 408 xru.
1209 346 1248 408 m

159 482 358 566 addiderat,
394 487 542 572 utraque
571 479 710 552 tandem
736 488 834 574 parte
856 477 1041 551 victurum.
1072 477 1143 548 Neo
1169 497 1247 548 sum

160 603 301 680 nescius
323 602 443 674 mirari
463 609 503 688 te,
526 621 693 693 quorsum
715 607 785 670 tam
804 600 917 692 longis
935 598 1148 670 anfractibus
1170 619 1248 668 mea

160 736 283 821 pergat
293 726 420 807 oratio;
432 725 538 796 immo
546 745 640 808 vero,
651 722 682 795 si
693 721 871 814 ingenium
881 729 978 792 tuum
990 721 1082 805 novi,
1098 721 1164 794 iam
1178 721 1247 792 iam

160 848 378 920 conscientia
398 847 590 928 vellicante,
610 843 826 938 quiddicam
845 844 982 937 etquid
1003 843 1068 916 sim
1090 842 1247 916 dicturus

160 969 336 1061 intelligis.
352 971 418 1041 Est
433 968 498 1052 hic,
519 978 556 1038 ut
568 967 674 1049 nosti,
690 965 980 1058 praeclarissimus
998 974 1142 1060 pateret
1154 987 1249 1038 com-

161 1091 277 1162 munis
300 1091 483 1163 amborum
508 1089 670 1161 dominus
691 1088 803 1160 Guido
828 1087 1057 1160 Bononiensis
1083 1086 1248 1160 Cardine·

161 1215 201 1284 lis
222 1221 259 1283 et
280 1211 492 1305 Apostolicae
518 1210 617 1282 Sedis
642 1211 808 1301 Legatos.
835 1210 907 1280 lam
934 1208 1055 1281 faciem
1077 1219 1169 1282 tuam
1197 1210 1249 1278 in-

162 1335 250 1407 tueri
273 1334 418 1418 videor3
437 1333 631 1406 modestam
653 1332 745 1406 illam
770 1330 878 1404 rubor
898 1331 1037 1403 invasit.
1059 1334 1135 1404 Non
1160 1352 1249 1425 prae-

162 1458 327 1551 sagiebas
352 1479 409 1528 me
436 1455 481 1528 dc
514 1456 675 1528 manibus
703 1455 776 1527 suis
804 1465 882 1528 tuas
913 1457 1045 1527 litteras
1071 1455 1247 1546 inspectu-

161 1603 262 1664 rum3
295 1580 446 1672 quodsi
482 1589 690 1652 eventurum
717 1579 929 1670 cogitasses,
964 1598 1142 1669 nunquam
1168 1597 1248 1672 pro·

161 1699 251 1770 lecto
286 1705 356 1768 tam
390 1693 551 1778 molliter,
581 1701 652 1764 tam
684 1693 851 1779 demisse,
892 1715 1084 1787 nunquam,
1112 1693 1157 1765 da
1187 1713 1249 1762 ve-

162 1820 255 1892 niam
278 1817 371 1889 veris
396 1814 615 1900 nominibus,
646 1826 714 1886 tam
740 1815 956 1890 muliebriter
981 1815 1188 1908 loquereris3
1213 1825 1249 1886 et

163 1941 191 2012 si
211 1963 283 2014 non
304 1939 397 2023 mibi,
420 1951 456 2010 at
476 1940 599 2008 saltem
617 1937 728 2010 Musis
750 1937 948 2034 hospitibus
965 1938 1053 2010 meis
1074 1958 1246 2030 parceres,

163 2083 243 2156 quae
260 2085 306 2134 ne
326 2061 430 2132 modo
451 2058 625 2130 adversus
646 2069 681 2130 te
701 2060 857 2132 numeris
881 2060 956 2132 suis
973 2070 1160 2143 armentur,
1179 2081 1248 2130 non

162 2185 299 2257 illarum
325 2183 504 2277 patientia,
544 2182 608 2254 sed
647 2183 812 2276 temporis
850 2181 1004 2256 brevitas
1043 2203 1150 2252 causa
1183 2190 1247 2250 cst.

163 2307 253 2394 Quid
279 2305 371 2378 enim
402 2304 476 2376 ais?
500 2325 563 2376 oro
595 2312 652 2374 te:
679 2325 851 2396 cognosce
883 2325 1032 2388 mecum,
1059 2300 1248 2374 vorborum

163 2443 301 2504 tuorum
317 2429 499 2500 formulam
515 2453 521 2496 :
540 2425 766 2518 consignatis,
786 2435 825 2498 ut
841 2426 908 2500 dici
928 2427 1022 2510 solet,
1042 2434 1157 2498 tecum
1175 2424 1249 2516 agi·
1361 2449 1364 2456 ·

164 2569 218 2626 tur
250 2551 400 2624 tabellis.
432 2551 532 2620 Hunc
564 2549 678 2642 ipsum
711 2549 892 2622 dominum
925 2557 1084 2620 nostrum
1113 2547 1246 2640 arguis,

162 2673 303 2767 pungis,
334 2671 535 2767 increpitas
563 2671 725 2766 etnimis
763 2672 979 2744 intoleranda
1013 2671 1154 2742 mollitie
1179 2693 1247 2742 non

163 2794 367 2880 absentiam,
391 2794 462 2880 sed,
486 2803 525 2867 ut
546 2803 583 2864 tu
605 2815 723 2878 vocas,
746 2793 890 2865 exilium
908 2794 985 2866 cius
1002 2793 1126 2878 defles,
1149 2815 1249 2884 pere-

162 2918 465 3010 grinationemque
492 2915 749 2988 sanctissimam
779 2925 814 2987 et
845 2937 915 3008 qua
942 2916 1124 3008 gloriosior
1154 2916 1247 2986 nulla

162 3063 242 3114 esse
272 3050 401 3132 potest,
437 3037 533 3110 exilii
564 3038 773 3130 cognomine
799 3036 991 3110 decoloras.
1034 3040 1115 3110 Haec
1146 3037 1249 3108 nimi-

163 3183 239 3230 rum
259 3169 317 3232 est
340 3159 397 3230 illa
424 3167 588 3234 senectus
613 3158 717 3232 animi
744 3181 849 3252 quam
876 3159 910 3230 in
934 3171 968 3232 te
987 3163 1101 3252 lugeo,
1125 3162 1246 3232 amice.

161 3281 347 3374 Nunquam
368 3301 438 3375 quo
458 3283 608 3374 primum
629 3282 715 3352 mihi
737 3291 893 3375 tempore
911 3293 1014 3354 notus
1035 3305 1116 3356 esse
1133 3305 1248 3378 coepe-

162 3403 306 3476 resista
325 3403 491 3478 dixisses.
513 3401 690 3476 Deserbuit
711 3403 854 3494 sanguis
880 3413 915 3474 et
941 3402 996 3473 ille
1021 3404 1125 3476 ardor
1145 3425 1246 3494 egre-

163 3525 254 3616 gius,
279 3547 350 3617 quo
368 3527 452 3600 nulli
471 3526 645 3598 secundus
669 3524 861 3610 videbaris,
890 3524 1009 3598 abdita
1030 3524 1196 3618 quaelibet
1212 3534 1248 3596 et

162 3648 337 3740 incognita
363 3647 616 3742 perscrutandi.
636 3649 730 3720 Itane
747 3647 837 3740 inter
854 3648 1088 3719 curiositatem
1103 3646 1245 3717 anniam

163 3773 389 3864 ultimamque
422 3771 604 3863 segnitiem
631 3771 716 3842 nihil
748 3781 803 3842 est
827 3769 1002 3840 medium?
1030 3770 1157 3839 Parum
1184 3769 1247 3840 tibi

162 3892 297 3966 distans
329 3893 427 3967 lndia
456 3892 651 3964 videbatur.
684 3894 756 3964 lam
791 3891 1017 3984 Taprobanen
1044 3899 1079 3960 et
1106 3891 1245 3984 siquid

162 4016 339 4088 orientalis
372 4038 524 4088 oceanus
558 4017 661 4088 habet
685 4014 853 4088 occultius
885 4014 1012 4108 cupido
1044 4014 1245 4087 metiebaris

162 4137 325 4232 ingenio:
354 4139 422 4212 iam
441 4139 491 4222 ad
511 4139 855 4226 extremamlhulen
873 4137 1001 4230 ignotis
1019 4138 1177 4212 litoribus
1196 4140 1244 4208 la-
