3002 4794
246 406 284 466 8l
580 420 621 467 nn
643 420 742 467 nanus
764 418 985 466 rnurnnnraus

246 563 285 624 ut
303 575 389 626 vera
408 562 443 624 et
464 553 539 624 veri
558 555 705 625 frontem
726 553 886 627 habentia
903 553 1062 624 referenti
1081 553 1156 622 sine
1175 552 1324 624 testibus

206 729 208 732 -
247 678 455 749 crederetur.
479 676 555 748 Sedx
567 678 596 747 si
615 677 750 749 cautius
772 701 875 770 agere
898 698 996 747 mens
1013 687 1076 760 est,
1097 678 1325 770 locupletissi-

248 821 323 870 mos
344 799 572 872 fideiussores
594 823 634 872 ac
659 799 727 872 fide
748 800 974 892 dignissimos
998 810 1103 871 testes
1124 798 1226 872 daho.
1254 800 1326 870 Pri-

248 945 326 993 mus
347 933 402 994 est
421 925 559 995 Marcus
581 926 690 994 Varro
707 923 929 994 doctissimus
948 925 1190 1006 Romanorum,
1209 923 1326 1018 proxi-

249 1069 327 1118 mus
336 1047 555 1140 Tranquillus
569 1071 685 1118 rerum
698 1047 957 1120 curiosissimus
970 1045 1162 1139 indagator.
1174 1047 1327 1117 Tertium

250 1192 319 1241 uon
338 1170 512 1255 adderem,
535 1170 602 1242 uisi
621 1169 703 1263 quia
722 1169 762 1254 is,
785 1180 823 1241 ut
843 1191 929 1254 reor,
953 1169 1154 1241 familiarior
1174 1179 1229 1240 est
1255 1168 1325 1239 tibi.

250 1294 380 1364 Horum
399 1293 506 1384 igitur
530 1303 565 1364 et
584 1293 754 1377 Isidorus
777 1292 929 1364 breviter
949 1293 1043 1377 licet,
1072 1301 1107 1364 et
1134 1291 1211 1384 ipso
1238 1300 1327 1362 teste

251 1416 462 1509 Tranquillo,
486 1416 643 1488 meminit
668 1417 957 1512 etymologiarum
983 1416 1070 1488 libro
1096 1425 1231 1488 octavo.
1260 1415 1329 1488 Sed

251 1558 429 1623 occurreS,
452 1547 487 1608 et
502 1558 659 1633 possum,
683 1537 793 1621 dices,
816 1549 935 1609 sancto
958 1540 1080 1609 sallem
1097 1539 1228 1610 doctori
1254 1558 1330 1610 cre-

250 1660 335 1732 dere
349 1688 356 1730 :
378 1670 495 1732 tamen
508 1681 585 1731 meo
599 1660 704 1752 rigori
718 1661 882 1732 carminis
896 1661 947 1732 tui
959 1659 1107 1734 dulcedo
1121 1685 1189 1733 uon
1201 1683 1330 1733 conve-

251 1785 312 1853 nit.
324 1785 400 1856 Noli
415 1786 489 1869 hoc,
503 1787 617 1869 frater,
630 1784 774 1878 opinari.
789 1785 972 1856 Etveteris
986 1786 1197 1855 Testamenti
1208 1786 1329 1857 Patres

252 1904 390 1977 heroico
404 1915 507 1999 atquo
521 1907 596 1978 aliis
609 1907 799 1979 carminum
819 1907 987 1999 gradibus
1002 1907 1057 1978 usi
1072 1914 1163 1977 sunt.
1178 1908 1327 2002 Moyses,

252 2026 326 2112 lob,
349 2027 468 2112 David,
489 2029 657 2113 Salomon,
679 2031 853 2113 Ieremias,
873 2030 1075 2122 psalterium
1095 2030 1209 2122 ipsum
1225 2031 1331 2100 Davi-

252 2150 378 2236 dicum,
401 2152 495 2243 quod
515 2152 575 2224 diu
595 2162 769 2245 noctuque
783 2153 916 2239 canitis,
932 2153 1025 2248 apud
1038 2153 1205 2224 Hebraeos
1219 2161 1331 2223 metro

253 2283 407 2358 constat,
447 2283 485 2346 ut
520 2298 589 2347 non
623 2275 795 2347 immerito
835 2299 947 2369 neque
983 2277 1199 2368 ineleganter
1238 2275 1331 2346 hunc

254 2397 527 2470 Christianorum
549 2406 685 2490 poetam
706 2420 906 2489 nuncupare
926 2399 1061 2470 ausim:
1083 2399 1211 2492 quippe
1236 2399 1331 2491 quod

253 2530 288 2589 et
306 2540 362 2588 res
383 2519 460 2612 ipsa
486 2520 664 2610 suggerit:
687 2529 722 2591 et
747 2521 778 2591 si
795 2521 880 2591 nihil
901 2521 1004 2592 hodie
1030 2521 1114 2592 mihi
1140 2523 1215 2592 sine
1242 2530 1331 2592 teste

253 2641 449 2712 crediturus
470 2662 518 2723 es,
537 2640 628 2712 idem
646 2641 750 2713 video
764 2643 920 2714 sensisse
933 2645 1195 2740 Hieronymum,
1209 2665 1332 2736 quam*

253 2765 309 2835 vis
334 2785 470 2836 sacrum
496 2763 580 2862 illud
606 2787 729 2857 poema
753 2767 848 2858 quod
873 2766 1013 2838 beatum
1039 2768 1173 2852 virum,
1201 2765 1332 2837 scilicet

255 2888 440 2970 Christum,
462 2888 554 2958 canit
574 2898 787 2971 nascentem,
815 2889 1039 2974 morientem,
1062 2889 1331 2962 descendentem

254 3009 300 3078 ad
319 3008 461 3092 inferos,
484 3018 739 3100 resurgentem,
761 3010 1022 3092 ascendentem,
1042 3031 1276 3092 reversurum,
1295 3011 1331 3080 in

255 3130 357 3202 aliam
396 3132 550 3222 linguam
584 3131 686 3202 simul
718 3131 890 3204 sententia
925 3131 1152 3224 numerisque
1181 3131 1330 3203 servatis

255 3254 408 3325 transire
423 3243 633 3347 nequiverit·
645 3255 765 3348 ltaque
787 3255 968 3326 sententiae
986 3254 1191 3326 inservitum
1208 3265 1273 3326 est.
1287 3254 1331 3324 Et

256 3387 372 3451 tamen
392 3377 506 3448 adhuc
532 3378 648 3449 nescio
668 3377 752 3471 quid
772 3379 922 3450 metricae
941 3378 1030 3470 legis
1051 3379 1155 3463 inest,
1183 3387 1218 3450 et
1238 3379 1332 3471 psal-

256 3523 390 3572 morum
411 3500 596 3596 particulas
619 3500 668 3572 sic
686 3510 724 3573 ut
745 3512 827 3572 sunt
843 3523 969 3572 versus
987 3503 1095 3593 vulgo
1111 3500 1270 3573 dicimus.
1288 3501 1332 3571 Et

257 3624 300 3696 de
332 3624 482 3718 antiquis
511 3623 690 3696 hactenus.
723 3625 811 3697 Novi
840 3635 955 3695 autem
988 3625 1198 3696 Testamenti
1224 3624 1331 3695 duces

257 3747 489 3832 Ambrosium,
520 3746 764 3840 Augustinum,
786 3747 1033 3844 Hieronymum
1059 3747 1332 3819 carminibusue

258 3847 431 3965 rhythinis
443 3893 526 3943 usos
539 3870 732 3954 ostendere,
747 3892 815 3941 nou
826 3891 993 3966 operosus
1008 3870 1106 3941 labor
1119 3881 1186 3942 est:
1203 3871 1332 3941 utPru-

258 3993 421 4080 dentium,
439 3997 649 4089 Prosperum
668 4004 772 4087 atque
790 3993 968 4066 Sedulium
981 4003 1016 4064 et
1029 4003 1173 4065 caeteros
1190 4001 1333 4086 praeter·

260 4115 399 4201 mittam,
426 4139 573 4209 quorum
601 4119 713 4188 soluta
733 4117 887 4189 oratioue
908 4115 992 4186 nihil
1013 4117 1166 4201 omnino,
1189 4116 1333 4187 metrica

259 4261 344 4310 vero
376 4240 507 4335 passim
541 4247 730 4310 cernuntur
762 4241 938 4332 opuscula.
961 4238 1034 4309 Noli
1057 4239 1188 4331 itaque,
1216 4241 1329 4324 frater,
