2988 4800
597 335 636 382 ne
655 301 758 382 “uenus
781 331 1002 380 uxururxnreus

672 590 849 654 EPISTULA
877 592 921 654 lV.

443 775 636 825 uniuersalis
658 775 826 823 PETRARCA
849 773 1024 823 FRdNGiSCO
1047 773 1152 822 retorti

498 881 689 930 SANCTORUM
710 879 942 928 APOSTOLORUM
963 879 989 928 S.
1011 881 1038 927 P.
1061 880 1091 928 D.

253 1078 293 1132 Dc
309 1075 442 1132 suavitate
454 1070 596 1126 amicitiae:
613 1069 648 1123 de
664 1085 715 1123 sua
726 1069 755 1122 in
770 1068 890 1139 negociis
899 1067 1015 1122 Abbatis
1024 1069 1110 1124 Vallis
1119 1069 1266 1126 Umbrosae
1278 1089 1337 1143 pro

324 1164 480 1220 curatione:
501 1162 535 1216 de
550 1159 683 1216 Pontifice
703 1164 860 1230 aegrotante.
879 1159 913 1213 Se
928 1159 1045 1212 invitum
1060 1159 1202 1215 Avenione
1217 1162 1335 1228 morari,

323 1269 410 1325 eaque
428 1252 462 1306 de
483 1268 513 1305 re
528 1266 641 1304 carmen
655 1248 691 1302 ad
705 1265 769 1303 eurn
784 1249 943 1322 scripsisse:
965 1249 999 1303 de
1012 1249 1093 1302 laude
1115 1249 1229 1303 tandem
1244 1255 1336 1322 poeta-

327 1359 391 1396 rum
405 1341 496 1396 studio
512 1340 564 1413 ipsi
578 1340 702 1412 quaesita.

351 1573 449 1644 Miris
482 1572 637 1642 animum
667 1593 784 1643 meum
818 1570 930 1642 modis
964 1580 1062 1642 tuum
1097 1579 1235 1641 serenat
1264 1571 1335 1640 eio-

253 1698 383 1789 quium.
405 1695 571 1786 Magnum
591 1702 740 1788 speratae
756 1693 927 1764 felicitatis
948 1693 1128 1776 indicium,
1155 1694 1256 1777 eius,
1282 1691 1334 1761 in-

252 1841 373 1911 quam,
407 1838 511 1910 quem
535 1826 616 1911 post
634 1815 739 1887 huius
770 1813 920 1886 miseriae
944 1815 1130 1886 terminum
1153 1818 1332 1908 praestola-

253 1962 344 2023 mur,
363 1960 443 2009 cum
463 1939 583 2022 muita,
604 1946 677 2009 tum
697 1936 872 2031 praecipue
893 1929 1044 2008 dixerim
1064 1937 1230 2028 gaudium
1248 1938 1331 2009 iilud

252 2061 346 2153 quod
363 2083 410 2131 ex
431 2061 620 2133 amicorum
643 2059 774 2130 mutuis
795 2059 974 2132 affectibus
1007 2068 1043 2131 et
1074 2060 1227 2152 exoptati
1250 2083 1331 2131 con-

251 2184 367 2257 victus
388 2184 600 2256 iucunditate
619 2183 840 2279 percipimus.
863 2182 898 2251 Si
923 2182 1016 2253 enim
1038 2182 1167 2254 amicos
1189 2185 1247 2253 vei
1271 2205 1333 2254 au-

204 2291 207 2296 ⁵
251 2310 325 2382 dire
350 2312 407 2380 vei
437 2331 579 2380 cernere
599 2329 712 2401 usque
745 2307 834 2378 adeo
866 2305 1026 2390 delectat,
1060 2305 1144 2398 quid
1177 2308 1330 2378 futurum

224 2482 231 2485 -
252 2454 330 2504 rear
344 2431 403 2501 ubi
417 2432 511 2502 ilium
530 2430 741 2514 videbimus,
758 2429 818 2522 qui
834 2441 869 2500 et
885 2449 949 2499 nos
967 2438 1003 2500 et
1019 2429 1151 2501 amicos
1168 2441 1204 2501 et
1216 2431 1331 2522 ipsum

251 2553 412 2625 amicitiae
432 2575 557 2624 nomen
579 2554 680 2624 iecit?
697 2551 733 2622 Si
751 2573 790 2622 se
810 2551 925 2645 ipsum
943 2549 1106 2643 quisque,
1128 2553 1227 2644 sique
1245 2551 1331 2622 alios

251 2685 319 2747 tam
341 2675 470 2748 obnixe
491 2685 595 2757 amat,
620 2675 648 2746 si
675 2672 966 2768 praetereuntibus
994 2683 1063 2744 tam
1089 2674 1238 2746 iucunde
1264 2675 1332 2746 uti-

251 2809 321 2883 tur;
334 2798 482 2891 qualiter
495 2799 525 2869 is
539 2796 723 2878 amanduS,
744 2797 999 2889 fruendumque
1011 2796 1068 2866 iilo
1081 2796 1159 2881 erit,
1178 2797 1237 2889 qui
1255 2796 1330 2868 cui-

249 2944 319 3015 que
336 2931 494 2993 nostrum
511 2931 547 2990 et
559 2919 653 3012 quod
666 2928 758 2990 emet
774 2929 811 2990 et
826 2921 921 3012 quod
942 2939 981 2990 se
1002 2921 1143 3006 fruetur,
1167 2922 1328 3005 animam,

250 3043 368 3116 dedit‘?
388 3043 458 3116 Sed
475 3041 655 3114 ineffabilis
677 3051 781 3134 atque
810 3042 981 3114 immensa
1014 3065 1070 3114 res
1103 3051 1159 3114 est
1188 3052 1224 3116 et
1256 3047 1330 3116 solo

249 3164 398 3238 difficilis
416 3159 578 3258 cogitatu.
597 3164 650 3238 Ad
668 3175 784 3238 nostra
796 3165 984 3240 descendo.
999 3165 1109 3238 Amici
1127 3169 1204 3251 mei,
1224 3189 1329 3260 quem

251 3297 348 3360 tuum
366 3285 442 3358 fieri
462 3289 550 3358 veile
571 3287 735 3379 dignatus
761 3310 813 3373 ee,
836 3289 880 3360 de
902 3312 973 3382 quo
997 3291 1126 3382 quaeris
1147 3291 1329 3382 negocium

250 3409 377 3505 pendet
394 3411 519 3483 adhuc.
539 3411 571 3482 Is
589 3409 731 3504 quidem
750 3412 841 3482 unde
860 3411 1028 3483 auxilium
1050 3412 1254 3506 sperabatur
1271 3412 1326 3507 (et,

250 3535 280 3607 si
300 3535 485 3606 honestum
505 3555 607 3604 omne
627 3532 838 3627 promissum
859 3545 915 3606 est
933 3534 1101 3617 debitum,
1120 3536 1206 3608 forte
1223 3536 1326 3606 etiam

249 3656 471 3751 debebatur),
490 3656 600 3728 abbas
619 3657 748 3729 scilicet
765 3658 873 3728 Vallis
891 3657 1072 3730 Umbrosae
1088 3681 1151 3751 per
1168 3658 1326 3730 umbram

249 3781 358 3852 fuscae
383 3777 541 3870 caliginis
568 3789 602 3850 et
628 3779 857 3874 simplicitatis
882 3780 1040 3865 insulsae,
1068 3780 1237 3854 inoffensa
1261 3781 1327 3850 viri

251 3901 433 3972 sanctitate
455 3899 621 3986 dixerim,
643 3902 781 3975 videtur
808 3902 905 3986 mihi,
926 3902 1010 3996 quid
1036 3902 1153 3975 decori
1173 3903 1325 3998 proprie,

248 4022 333 4111 quid
358 4024 461 4094 famae
492 4024 676 4097 conveniat
704 4046 773 4097 uon
806 4024 953 4097 vidisse:
980 4026 1107 4118 quippe
1130 4047 1198 4096 non
1221 4047 1327 4096 unum

248 4154 304 4213 est
324 4143 440 4215 militis
459 4157 494 4218 et
513 4147 611 4219 ducis
632 4145 798 4232 osticium,
821 4157 856 4218 et
882 4168 974 4239 saepe
994 4147 1094 4219 cuius
1120 4150 1233 4218 iuerat
1253 4147 1326 4216 eni-
