3002 4794
445 380 537 430 urnsn
558 381 704 431 nncruus.
719 401 755 412 -
767 383 921 433 arrsrom
941 384 982 434 1r.
1210 373 1249 436 85

165 518 310 589 horrere
332 517 428 608 quod
449 518 585 590 Christo
606 518 827 592 amicissimis
849 541 890 592 ac
912 519 1142 593 sanctissimis
1165 522 1249 594 viris

164 639 341 732 placuisse
362 641 555 733 cognoscis.
578 642 742 714 Sensibus
763 643 916 730 intende,
937 644 997 737 qui
1015 645 1044 716 si
1061 645 1138 717 veri
1157 648 1250 718 salu-

163 761 320 854 bresque
341 774 434 848 sunt,
456 763 610 856 quolibet
637 765 714 838 stilo
739 766 815 840 illos
841 770 1062 862 amplectere.
1089 769 1249 842 Laudare

164 884 293 980 dapem
320 884 481 958 fictilibus
507 889 717 981 appositam,
744 889 902 961 eamdem
927 889 962 960 in
986 913 1071 964 auro
1096 892 1251 966 fastidire

164 1019 225 1080 aut
259 1009 432 1080 dementis
464 1019 524 1082 aut
555 1011 746 1107 hypocrilae
777 1021 842 1082 est.
879 1012 986 1084 Avari
1021 1022 1094 1099 est,
1126 1036 1249 1086 aurum

165 1132 287 1204 sitire:
339 1154 408 1204 non
452 1155 557 1227 posse
590 1135 675 1228 pati,
719 1135 833 1229 pusilli
874 1135 979 1208 animi
1016 1148 1081 1209 est.
1112 1137 1186 1209 Non
1212 1138 1252 1209 fit

164 1277 253 1329 auro
286 1257 409 1329 melior
433 1256 532 1329 cibus
558 1269 651 1331 certe
676 1279 741 1330 nec
761 1259 921 1331 deterior.
942 1261 1097 1332 Proiecto
1118 1271 1249 1345 autem,

165 1379 260 1452 sicut
287 1401 427 1465 aurum,
451 1381 501 1452 sic
525 1402 667 1452 carmen
694 1379 729 1450 in
763 1402 828 1452 suo
857 1403 984 1474 genere
1007 1383 1157 1456 nobilius
1182 1405 1252 1455 nan

164 1523 267 1594 nega,
282 1510 413 1595 quanto
427 1502 557 1574 scilicet
569 1500 717 1574 rectiora
732 1512 813 1574 sunt
826 1524 906 1596 qnae
919 1505 963 1576 ad
976 1507 1132 1596 regulam
1147 1504 1250 1590 fiunt,

166 1646 274 1718 quam
296 1645 377 1717 quae
394 1634 534 1696 temere.
553 1627 624 1697 Nec
640 1625 720 1698 ideo
737 1625 831 1719 quod
849 1649 996 1712 carmen,
1015 1625 1252 1720 expetendum

166 1769 348 1831 censeam,
371 1769 434 1819 nec
454 1749 690 1841 spernendum
712 1747 864 1842 quidem.
879 1751 962 1821 Haec
974 1771 1037 1844 pro
1058 1749 1125 1822 stili
1145 1773 1253 1822 exon-

168 1870 307 1942 satione
326 1871 510 1965 praemissa
528 1879 619 1942 sunt.
637 1870 737 1942 Nunc
754 1871 799 1942 ad
817 1873 1030 1966 propositum
1046 1893 1161 1944 sermo
1174 1893 1254 1944 ver-

170 1993 299 2066 tendus
320 2002 385 2064 est.
409 1991 524 2065 Tertia
543 2002 637 2064 retro
658 2003 765 2065 aestas
786 2015 843 2065 me
864 2003 945 2065 tuno
966 1993 999 2064 in
1013 1994 1132 2066 Galliis
1147 2017 1254 2087 agen-

169 2125 242 2188 tem
263 2113 310 2186 ad
335 2117 464 2188 iontem
490 2116 622 2208 Sorgiae
643 2119 868 2211 compulerat,
891 2139 997 2210 quam
1023 2116 1143 2188 sedem
1169 2117 1253 2190 vitae

168 2249 304 2312 nostrae
337 2239 513 2332 quondam
538 2239 744 2333 delegimus,
773 2249 811 2312 ut
836 2238 937 2312 nosti.
960 2239 1030 2312 Sed
1051 2239 1112 2310 tihi
1132 2239 1252 2312 divino

169 2369 319 2434 munere
341 2361 445 2434 sedes
466 2363 570 2434 tutior
590 2363 875 2456 tranquilliorqne
891 2361 1087 2458 parabatur,
1110 2361 1254 2436 mihine

169 2487 230 2556 illa
249 2484 301 2554 uti
322 2483 463 2577 quidem
489 2484 592 2570 licuit,
615 2494 773 2578 raptante
791 2507 846 2558 me
866 2485 969 2557 altius
990 2486 1128 2557 fortuna
1148 2507 1253 2578 quam
1365 2511 1368 2518 ⁴

172 2618 228 2680 sat
253 2615 319 2678 est.
346 2607 417 2678 lllic
442 2629 527 2698 erga
553 2615 635 2680 tuno
658 2629 754 2680 eram
780 2630 823 2680 eo
844 2608 959 2680 animo
979 2610 1054 2702 qui,
1078 2610 1168 2681 sicut
1188 2609 1256 2682 sub

171 2739 270 2802 tanta
291 2752 410 2802 rerum
435 2733 525 2802 mole
552 2752 718 2822 magnum
738 2731 870 2824 aliquid
889 2731 1035 2824 aggredi
1054 2754 1123 2803 non
1149 2731 1256 2804 aude-

170 2864 242 2938 ret,
267 2854 318 2925 sio
338 2853 479 2926 omnino
503 2854 589 2925 nihil
614 2876 719 2946 agere
746 2856 909 2941 nesciret,
932 2856 977 2927 ab
1002 2854 1143 2926 infantia
1162 2861 1253 2939 mea,

173 2975 268 3048 bono
287 2975 430 3061 utinam,
451 2976 513 3049 sed
529 2986 622 3049 certe
641 2977 676 3047 in
697 2986 774 3050 notu
795 2988 963 3070 perpetuo
979 2977 1163 3049 enutritus.
1185 2978 1257 3048 Me-

174 3098 233 3172 dia
252 3102 312 3172 via
333 3100 439 3190 igitur
464 3100 575 3172 electa
599 3111 668 3186 ast,
692 3111 741 3186 ut,
764 3100 953 3172 maioribus
974 3099 1104 3183 dilatis,
1127 3099 1257 3193 aliquid

175 3243 239 3316 pro
266 3225 388 3296 solatio
414 3223 505 3295 illins
532 3223 695 3316 temporis
722 3223 918 3296 meditarer.
947 3224 1025 3316 lpse
1051 3231 1165 3294 autem
1193 3221 1257 3294 loci

177 3343 318 3416 habitus
339 3355 375 3416 et
391 3367 555 3424 recessus
576 3367 773 3431 nemorum,
795 3366 865 3438 quo
882 3367 937 3416 me
956 3365 1049 3440 saepe
1065 3346 1164 3416 curis
1177 3367 1258 3437 gra-

177 3465 301 3540 vidum
325 3471 389 3539 lux
415 3468 531 3540 oriens
554 3467 714 3560 urgebat,
734 3478 770 3539 et
798 3467 890 3540 unde
919 3489 975 3538 me
1000 3469 1074 3539 sola
1101 3490 1174 3540 nox
1203 3489 1258 3538 re-

178 3588 278 3663 diens
304 3590 469 3686 pellebat,
493 3599 531 3662 ut
551 3591 713 3664 silvestre
740 3591 870 3686 aliquid
895 3612 1072 3676 canerem,
1102 3613 1256 3690 suasere.

179 3713 282 3797 Quod
301 3736 387 3807 ergo
403 3713 538 3810 pridem
562 3714 597 3784 in
618 3716 733 3786 animo
756 3716 947 3788 habueram
968 3712 1162 3786 bucolicum
1183 3735 1259 3784 car-

180 3860 262 3910 men
294 3838 358 3909 Xll
395 3837 525 3930 eclogis
562 3837 762 3910 distinctum
790 3837 943 3910 scribere
970 3855 1086 3918 orsus,
1110 3835 1259 3909 incredi-

180 3959 249 4032 bile
268 3969 325 4032 est
344 3982 448 4054 quam
468 3961 587 4052 paucis
607 3960 732 4033 diebus
753 3959 980 4032 absolverim:
1008 3967 1139 4030 tantum
1161 3957 1261 4050 inge-

181 4082 239 4156 nio
259 4085 357 4156 locus
378 4085 491 4156 calcar
508 4083 697 4156 addiderat.
716 4083 854 4154 Certum
876 4082 957 4174 quia
974 4083 1069 4178 prius
1090 4081 1125 4151 in
1145 4081 1260 4154 animo

181 4215 269 4292 erat,
292 4208 492 4299 eclogarum
517 4206 629 4300 prima
648 4206 692 4279 de
718 4205 819 4279 nobis
844 4205 1014 4279 ambobus
1042 4205 1169 4303 scripta
1189 4214 1259 4278 ast:
