2958 4804
340 373 432 422 uranu
453 372 952 424 nncrnusrnarrus-nrrsroun
975 377 1015 424 rr.
1157 362 1215 425 ιιι

138 531 297 605 gemmas
330 519 534 603 ostrumque
567 509 753 596 sidonium,
788 533 857 584 non
891 519 931 582 ut
962 511 1215 606 possidentium

137 643 396 718 ornamentum,
420 633 485 725 sed
503 642 542 703 ut
561 641 696 706 naturae
717 633 826 706 decus
845 643 905 704 ant
921 631 1104 708 artificium
1126 634 1217 729 aspi-

136 758 239 841 ciant,
255 755 448 848 eodemque
461 756 576 826 animo
589 753 655 826 illis
670 765 811 828 utantur
824 765 859 828 ct
870 767 1024 828 careant:
1040 758 1108 850 qui,
1123 757 1217 850 quod

136 884 217 954 olim
240 881 334 974 apud
354 879 504 952 maiores
525 879 663 952 nostros
684 879 834 976 optimos
852 880 936 954 illos
951 880 1093 974 quidem
1114 903 1217 954 vere·

136 1025 205 1096 que
219 1004 316 1074 viros
329 1003 455 1084 fuerat,
471 999 681 1074 vilissimum
700 1001 906 1096 mancipium
919 1023 1068 1096 coquum
1082 1010 1217 1096 putent;

137 1127 196 1218 qui
217 1123 336 1217 gulam
357 1146 397 1196 ac
418 1131 575 1198 ventrem
595 1147 661 1198 ceu
680 1136 901 1197 contumaces
926 1133 963 1196 et
987 1123 1117 1196 inertes
1144 1144 1218 1196 ser-

138 1268 202 1318 vos
225 1249 331 1338 longo
348 1245 476 1317 ieiunio
492 1245 635 1320 domare
648 1247 811 1331 audeaut,
830 1244 958 1318 durum
975 1255 1011 1318 et
1026 1244 1219 1336 inelabora-

140 1383 210 1441 tum
232 1379 339 1462 atque
364 1369 528 1440 exomni
553 1373 654 1461 fruge
686 1369 914 1462 compositum
934 1391 1056 1467 panem
1079 1367 1145 1438 sibi
1170 1369 1221 1439 ia-

140 1493 309 1566 miliarem
323 1492 473 1576 iecerint,
488 1514 603 1586 neque
615 1493 780 1564 haustum
795 1491 871 1585 puri
885 1489 1033 1583 gurgitis
1046 1490 1217 1572 horreant,

139 1638 252 1709 neque
273 1615 402 1686 victum
431 1624 620 1707 agrestem,
649 1625 752 1687 terrae
784 1614 904 1685 matris
930 1634 1073 1684 munere
1098 1621 1220 1706 sponte

140 1747 325 1812 nascentes
339 1738 467 1810 herhas
480 1729 587 1832 atque
600 1736 764 1812 arborum
781 1736 905 1810 baccas
922 1746 958 1808 ct
973 1735 1087 1808 dulcia
1100 1754 1218 1828 poma,

142 1859 335 1944 fastidiant,
357 1858 562 1952 possintque
596 1857 670 1928 sine
703 1856 929 1928 animantium
956 1856 1094 1928 interitu
1121 1876 1220 1928 suam

142 1982 327 2076 aliquando
348 1982 456 2052 vitam
482 2003 601 2073 agere:
627 1979 687 2073 qui
712 1979 757 2050 ad
780 1980 948 2051 auxilium
973 1979 1055 2050 fessi
1083 2000 1124 2050 ac
1148 1980 1222 2048 lan-

143 2103 281 2194 guentis
309 2103 478 2178 stomachi
512 2125 581 2176 non
605 2101 740 2196 copiam
766 2101 958 2193 mollesque
982 2100 1134 2182 delicias
1158 2097 1220 2170 sed

143 2226 384 2300 abstinentiam
397 2236 432 2298 et
444 2228 572 2298 famem
591 2224 844 2296 etexercitium
869 2225 1067 2316 implorent:
1087 2230 1222 2316 postre-

144 2371 198 2422 mo
217 2348 279 2442 qui
301 2349 436 2442 corpori
457 2371 526 2420 non
547 2348 695 2434 servire,
716 2348 778 2420 sed
798 2349 895 2440 leges
912 2346 1011 2430 dare,
1032 2354 1137 2438 atquc
1157 2344 1223 2414 im-

144 2495 266 2565 perare
296 2471 489 2544 didicerint.
511 2473 641 2543 Horum
668 2491 735 2563 ego
761 2492 818 2542 mc
840 2469 997 2542 numeris
1023 2467 1222 2542 adscribere

145 2617 210 2666 non
230 2595 362 2666 ausim:
384 2595 475 2666 nitor
495 2604 622 2679 tamen,
641 2603 676 2666 et
692 2593 941 2686 aliquantulum
963 2591 1151 2685 pmfecisse
1167 2590 1224 2660 vi-

146 2717 238 2790 deor.
262 2720 305 2790 Ut
327 2718 447 2790 sileam
468 2718 613 2812 reliqua,
636 2716 757 2808 gloriae
778 2737 834 2787 me
853 2699 977 2787 natura
998 2713 1140 2807 quidem
1160 2734 1223 2784 cu·

147 2840 364 2932 pidissimum
385 2861 454 2912 non
476 2860 580 2932 nego,
599 2836 663 2910 sed
683 2837 730 2908 ita
751 2836 904 2910 animum
928 2834 1042 2908 studio
1062 2833 1221 2918 formavi,

147 2973 183 3033 ut
195 2966 300 3034 laetus
315 2962 420 3047 illam,
437 2963 465 3032 si
479 2961 585 3043 adsit,
602 2960 754 3056 arripiat,
769 2970 816 3044 et,
833 2959 863 3031 si
874 2958 974 3043 desit,
989 2979 1059 3030 non
1076 2968 1224 3030 moestus

147 3084 296 3168 abiiciat3
318 3095 461 3180 paratus
482 3105 622 3169 nomen,
644 3072 759 3176 siqua
777 3084 847 3153 sors
865 3079 997 3166 faverit,
1018 3083 1120 3172 longe
1139 3081 1225 3152 late-

148 3231 214 3301 que
235 3207 442 3292 diffundere,
465 3215 607 3300 paratus
627 3216 663 3278 et
687 3205 776 3276 intra
802 3204 901 3298 parvi
927 3205 1018 3276 ruris
1043 3203 1225 3296 angustias

148 3353 215 3404 non
235 3331 409 3422 cognosci.
435 3331 567 3402 Natura
593 3329 858 3410 Demosthenes
884 3325 1074 3398 imitatione
1100 3329 1226 3398 Demo-

148 3455 254 3526 critus
276 3453 350 3526 fieri
371 3455 490 3537 velim3
513 3455 569 3525 ille
588 3452 695 3536 enirn,
722 3464 761 3523 ut
785 3451 948 3543 legimus,
970 3450 1073 3520 famae
1098 3447 1224 3520 avidus

149 3575 222 3661 suit,
245 3575 312 3646 iste
333 3583 557 3670 contemptor.
585 3573 720 3644 Interea
752 3595 796 3643 ne
830 3572 898 3644 situ
922 3573 1010 3643 forte
1034 3579 1226 3654 marcescat

150 3699 341 3791 ingenium,
364 3721 513 3772 exerceo
539 3696 741 3768 intentione
765 3698 897 3779 oculos,
928 3693 1055 3786 digitos
1080 3691 1116 3762 in
1141 3691 1225 3762 scri-

151 3835 266 3918 ptura,
289 3831 441 3894 mentem
461 3823 497 3893 in
515 3820 721 3913 cogitatione
740 3818 893 3901 detineo,
916 3816 1065 3908 denique
1085 3835 1149 3909 pro
1173 3811 1227 3882 vi-

152 3945 248 4020 ribus
269 3945 353 4016 nihil
371 3945 492 4017 omitto
510 3944 695 4038 quominus
715 3940 762 4013 ad
781 3940 991 4013 destinatum
1009 3937 1156 4020 veniam,
1179 3935 1227 4006 ita

153 4077 280 4154 amen,
300 4078 349 4154 ut,
371 4067 401 4140 si
422 4089 525 4140 secus
543 4067 690 4152 accidat,
709 4085 778 4136 non
798 4061 1000 4157 pervenisse
1020 4058 1144 4132 meiius
1163 4078 1228 4151 pu-

155 4202 232 4264 tem.
256 4193 339 4264 Haec
359 4190 432 4264 vita
452 4212 530 4262 mea
549 4201 618 4273 est,
640 4211 744 4282 quam
771 4185 831 4260 tibi
853 4184 976 4258 titteris
1007 4179 1226 4256 indicandam

280 4323 309 4362 u.
1045 4305 1073 4354 ι5
