2958 4804
241 324 297 383 198
579 336 619 384 nx
641 337 740 384 aeuus
761 336 980 386 remanemus

238 471 310 541 muI
330 480 366 540 ut
386 469 514 560 gratias
532 491 688 562 agerem3
707 469 798 564 quod
816 471 908 542 enim
927 471 960 541 in
979 479 1013 541 te
1030 471 1093 541 tuit
1111 470 1314 545 fidelissime

239 591 438 682 praestitisti.
461 593 557 664 Vale.

379 739 425 791 IX.
445 739 581 793 Kalendas
598 739 667 792 iunii
683 739 717 792 ad
732 739 835 793 fontem
852 740 964 810 Sergia.

642 1199 818 1262 EPISTOLA
839 1201 907 1261 XIII.

357 1434 550 1484 FRANCISCUS
571 1434 737 1483 Parauaea
759 1433 891 1481 IOHANNI
912 1431 1037 1480 ateleto
1058 1432 1083 1479 S.
1106 1433 1133 1479 P.
1155 1434 1185 1480 D.

236 1622 367 1677 Hortatur
379 1626 410 1676 ut
425 1625 546 1674 veterem
559 1635 622 1672 cum
634 1619 745 1673 Nicolao
760 1618 896 1674 Acciaiolo
910 1620 1057 1674 amicitiam
1070 1620 1251 1692 redintegret,
1267 1627 1307 1690 et,

304 1709 457 1763 secundum
479 1707 600 1761 PlatonIs
620 1706 789 1775 doctrInam‚
808 1707 929 1761 animam
948 1708 1099 1764 humanam
1120 1725 1170 1780 pro
1194 1708 1308 1766 diversis

304 1796 479 1850 facultatibus
494 1796 609 1850 diversis
623 1795 734 1850 sedibus
749 1796 898 1851 consistere
913 1796 1000 1851 docet.

332 2059 457 2129 Mirum
489 2057 584 2129 dIotu
608 2067 646 2129 ut
672 2058 718 2127 niI
742 2061 869 2144 mairie,
905 2061 953 2130 ita
985 2061 1031 2130 nil
1063 2062 1138 2132 dari
1165 2061 1305 2154 dignius

233 2203 338 2275 quam
358 2180 451 2275 quod
470 2203 517 2252 ex
534 2190 568 2251 te
584 2180 689 2252 hodie
709 2181 879 2275 petiturus
898 2205 988 2254 sum.
1005 2184 1088 2256 Peto
1105 2193 1231 2268 autem,
1254 2185 1308 2254 vir

234 2304 395 2396 insignis,
414 2316 452 2375 ut
470 2304 623 2375 animum
645 2303 776 2387 rationi,
790 2304 876 2388 sive,
895 2313 933 2374 ut
951 2303 1049 2375 aliter
1068 2305 1161 2376 idem
1179 2305 1302 2390 dicam,

236 2438 266 2497 te
287 2425 349 2496 tibi
370 2425 548 2510 subiicias,
570 2436 605 2497 et
623 2449 742 2520 parere
758 2447 864 2517 cogas
885 2425 971 2498 inte
995 2427 1168 2500 deteriora
1188 2428 1306 2500 melio·

234 2547 341 2618 ribus.
362 2547 545 2639 Magnifice
577 2549 717 2642 quidem
752 2550 847 2620 Plato
879 2556 1038 2620 naturam
1059 2550 1170 2642 ipsam
1191 2550 1306 2622 studio

233 2671 398 2757 imitatus,
418 2672 623 2766 tripartitam
649 2672 774 2744 animae
795 2672 914 2744 sedem
943 2675 1124 2768 comperit,
1144 2675 1306 2768 quodque

232 2796 416 2867 confusum
440 2795 640 2880 videbatur,
667 2794 786 2868 divino
813 2777 963 2868 secrevit
988 2794 1138 2888 ingenio.
1164 2797 1196 2868 Is
1221 2820 1305 2890 ergo

233 2939 312 2988 cum
337 2917 507 2990 distinctis
533 2917 759 3014 receptaculis
792 2919 880 2991 iram
905 2920 940 2990 in
967 2930 1116 3012 pectore,
1144 2920 1305 3013 coucupi-

234 3040 396 3111 scentiam
436 3039 556 3112 subter
590 3040 781 3135 praecordia
826 3039 1041 3129 coltocasset,
1078 3043 1244 3116 rationem
1270 3045 1305 3114 in

232 3161 372 3245 vertice,
392 3164 489 3233 velut
505 3163 645 3267 inperce,
663 3166 854 3251 constituit,
874 3176 913 3238 ut
929 3166 1191 3240 moderatricem
1213 3167 1303 3238 iilam
1340 3189 1343 3196 ·

233 3306 274 3355 ac
293 3283 468 3356 dominam
486 3287 687 3379 passionum
705 3285 763 3362 vel
779 3291 853 3384 ipse
872 3290 959 3362 situs
977 3291 1188 3363 ostenderet.
1204 3290 1305 3375 Quod

232 3429 297 3478 nec
316 3419 436 3500 poetas
453 3419 591 3482 nostros
609 3411 790 3504 ignorasse
806 3412 1026 3496 crediderim
1044 3412 1206 3507 quamvis
1227 3435 1303 3484 eam

233 3553 316 3616 rem,
332 3543 370 3603 ut
384 3534 502 3618 solent,
518 3535 685 3608 secretius
699 3550 928 3630 exequantur.
946 3537 995 3608 De
1011 3559 1081 3629 quo
1095 3534 1124 3607 si
1137 3534 1305 3628 quidquid

233 3655 269 3724 in
288 3656 402 3740 animo
418 3667 473 3729 est
488 3658 579 3730 nitar
595 3659 804 3754 exprimere,
820 3661 942 3751 ingens
961 3657 1043 3730 mihi
1062 3679 1178 3730 rerum
1196 3657 1303 3729 series

234 3777 401 3865 oboritur,
423 3803 529 3874 quam
549 3803 612 3854 nec
643 3793 781 3875 tempus
810 3782 937 3874 patitur
960 3805 1024 3854 nec
1052 3781 1164 3874 exigit
1194 3784 1301 3852 Iocus.

234 3901 278 3970 Et
295 3924 550 3995 supervacuum
571 3906 674 3978 suerit
692 3906 778 3976 iram
800 3904 860 3977 tibi
877 3907 966 3977 velle
981 3903 1189 3988 describere,
1202 3902 1301 3974 cuius

234 4021 351 4094 tristes
371 4026 487 4098 exitus
501 4029 608 4119 vulgo
620 4027 723 4103 etiam
740 4039 840 4099 notos
860 4028 998 4121 quidam
1018 4027 1301 4124 philosophorum

233 4145 375 4236 integris
396 4150 628 4223 voluminibus
662 4163 743 4225 sunt
776 4152 940 4246 amplexi,
976 4151 1148 4244 praecipue
1169 4150 1301 4222 Plutar-
