2958 4804
258 345 317 404 248
594 357 635 404 un
657 355 757 404 exous
778 354 999 402 ruuiuuuuuus

259 490 468 582 gratissima.
493 490 555 560 Hic
581 503 665 582 ergo
689 488 793 560 modo
823 510 914 572 sum,
939 489 995 559 hic
1028 508 1107 572 vos,
1134 481 1218 559 dum
1246 489 1345 559 sinet

258 622 415 684 extrema
435 611 638 697 necessitas,
661 602 869 705 expectabo,
885 609 958 694 uhi,
973 609 1053 681 licet
1065 631 1087 680 a
1099 609 1210 703 prima
1230 619 1343 682 aetate

258 736 386 806 multos
407 757 516 807 annos
535 734 683 826 egerim,
705 732 823 805 nescio
842 733 1017 826 quomodo
1038 733 1114 804 sive
1134 731 1343 826 peregrina*

258 878 336 927 rum
357 855 624 950 impressionum
645 856 761 927 minus
782 877 926 950 capaces
948 855 1083 926 animos
1104 877 1162 926 aer
1178 853 1236 926 hie
1256 858 1339 940 alat,

258 979 335 1051 sive
361 981 512 1075 reposita
539 987 576 1050 et
607 1001 655 1051 ex
688 1001 725 1050 re
751 1001 879 1050 nomen
905 978 1040 1050 habens
1069 979 1194 1050 Clausa
1225 978 1342 1050 Vallis

258 1123 361 1172 curas
393 1112 581 1174 extraneas
610 1123 679 1173 non
713 1100 883 1186 admittat,
917 1099 1073 1172 nondum
1108 1111 1210 1193 poeta
1243 1101 1341 1172 ullus

257 1225 367 1295 nostri
383 1225 543 1316 contagio
557 1225 669 1295 sactus
686 1233 749 1308 est,
768 1235 896 1317 praeter
910 1245 1019 1295 unum
1038 1221 1190 1295 villicum
1206 1241 1340 1308 meum,

258 1347 317 1440 qui
342 1347 410 1418 iam
432 1369 543 1419 senex
563 1345 682 1442 incipit
700 1346 736 1415 in
757 1345 883 1438 bicipiti
906 1344 1070 1416 somniare
1090 1343 1270 1430 Parnasso,
1299 1354 1341 1417 ut

257 1472 307 1543 ait
318 1472 477 1544 Persius:
489 1470 585 1564 quod
597 1470 627 1546 si
641 1491 783 1564 serpere
795 1467 946 1561 ooeperit,
961 1478 1074 1539 actum
1084 1467 1338 1546 estrasmres.

257 1593 470 1686 piscatores,
509 1602 705 1675 venatores,
738 1601 893 1662 aratores
925 1589 1061 1684 ipsique
1093 1587 1205 1662 boves
1238 1610 1338 1660 mera

257 1716 413 1807 mugient
436 1724 608 1809 poemata,
631 1735 725 1785 mera
745 1721 904 1806 poemata
924 1710 1155 1784 ruminabunt.
1178 1712 1230 1782 Tu
1252 1709 1337 1782 vive

198 1890 200 1896 s
256 1838 366 1908 nostri
386 1857 518 1908 memor
537 1847 573 1907 et
591 1837 681 1906 vale.

398 1986 441 2042 Ad
456 1987 561 2053 iontem
574 1987 687 2058 Sergiae.

662 2439 841 2513 EPlSTOLA
862 2449 930 2513 vttl.

336 2639 530 2692 Faxnciscus
548 2641 715 2693 rarntncx
736 2642 912 2714 rxnncrsco
934 2642 1041 2694 Potoni
1062 2633 1254 2694 stncxonurt

601 2741 833 2793 naussononuu
854 2741 879 2791 S.
901 2743 929 2792 n.
951 2741 983 2792 n.

480 2892 521 2946 De
538 2893 643 2947 ratione
661 2885 722 2947 vitae
740 2910 797 2948 suae
816 2894 851 2948 ad
869 2895 973 2951 fontem
992 2896 1105 2968 Sorgim

354 3169 410 3252 Ad
430 3183 559 3252 sontem
581 3181 713 3273 Surgiae
733 3193 891 3256 aestatem
910 3197 998 3277 ago:
1019 3185 1085 3257 iam
1104 3185 1199 3278 quod
1216 3185 1334 3278 sequi

255 3317 320 3388 tur,
341 3304 444 3376 tacito
461 3323 518 3376 me
538 3303 627 3390 licet,
649 3304 825 3398 intelligis
847 3306 910 3379 sed
927 3307 957 3378 si
974 3304 1068 3400 loqui
1085 3305 1195 3388 iubes,
1215 3305 1334 3378 brevi-

255 3420 322 3499 bus
342 3425 539 3522 expediam.
562 3427 703 3520 Corpori
724 3449 802 3500 meo
826 3427 956 3500 bellum
978 3427 1099 3500 indixi.
1120 3430 1170 3500 lta
1195 3449 1252 3500 me
1276 3427 1333 3498 illo

254 3549 406 3635 adiuvet,
429 3550 504 3621 sine
523 3549 622 3622 euius
643 3571 714 3645 ope·
729 3549 1006 3636 succumberem,
1029 3559 1068 3622 ut
1084 3553 1167 3644 gula
1186 3559 1225 3622 ut
1245 3570 1331 3622 ven·

254 3683 306 3744 ter
326 3684 364 3746 ut
383 3673 502 3765 lingua
521 3682 559 3744 ut
577 3695 681 3746 aures
702 3673 862 3767 oculique
880 3673 949 3744 mei
967 3687 1061 3770 saepe
1081 3673 1166 3745 mihi
1185 3690 1254 3746 non
1274 3694 1332 3744 ar-

255 3808 312 3868 tus
338 3795 476 3891 proprii,
504 3795 568 3868 sed
590 3793 712 3868 hostes
740 3794 836 3890 impii
859 3795 1033 3870 videntur.
1059 3799 1166 3870 Multa
1190 3794 1331 3898 quidem

254 3917 335 3989 hinc
355 3917 440 3988 mihi
463 3920 553 3990 mala
572 3919 777 4012 provenisse
796 3919 949 4006 memini,
971 3919 1162 4016 praescrtim
1184 3919 1229 3992 ab
1249 3940 1333 3992 ocu·

255 4038 311 4119 lis,
339 4040 400 4131 qui
421 4039 467 4111 ad
486 4061 588 4112 omne
613 4041 840 4134 praecipitium
860 4043 930 4113 mei
952 4045 1093 4116 tucrum
1115 4018 1234 4116 duces.
1259 4043 1331 4114 Hos

245 4160 304 4275 ¹ita
316 4163 477 4244 conclusi,
490 4173 664 4259 utpraeter
673 4167 808 4250 coelum,
822 4176 959 4238 montes
973 4188 1014 4238 ac
1026 4168 1147 4250 sontes,
1160 4166 1232 4236 sere
1245 4161 1330 4234 nihil
