3024 4802
376 397 468 446 urana
490 397 783 447 cortvusnnoruus
797 399 1000 450 -nrrsrout
1022 401 1080 449 xrv.
1122 465 1126 473 .
1206 391 1260 450 501

600 651 777 718 Epistola
797 655 866 718 XIV.

248 846 442 898 Fatuclsclls
465 845 633 896 Punutucll
657 845 762 896 CROTO
783 845 985 896 BERGOMENSI
1006 847 1213 899 GRAMMATICO

664 951 690 1000 S.
712 951 741 1000 P.
762 951 793 1001 Ι).

326 1127 381 1182 Pro
394 1131 505 1200 recepto
520 1143 616 1182 rerum
628 1127 851 1186 Tusculanarum
865 1129 937 1186 libro
950 1131 1053 1202 gratias
1066 1133 1131 1204 agit.

284 1380 396 1464 Quam
416 1381 494 1451 laete
512 1381 653 1453 audiam
677 1393 747 1453 tam
769 1383 1003 1476 penetrabiles
1028 1405 1152 1478 preces
1172 1407 1269 1459 meas

183 1512 286 1574 tuum
305 1502 410 1574 limen
430 1503 603 1595 attigisse,
623 1513 662 1576 ut
678 1507 795 1577 nullus
812 1505 860 1576 ibi
881 1529 951 1578 non
972 1507 1084 1580 dicam
1102 1511 1266 1602 repulsae,

182 1625 319 1697 sedvel
332 1626 446 1697 tenuis
459 1647 568 1698 morae
581 1625 673 1699 obex
686 1628 753 1698 illis
771 1631 975 1714 occurrerit,
994 1651 1099 1723 quam
1117 1631 1269 1704 iucunde

182 1746 384 1820 Ciceronem
399 1759 503 1834 tuum
528 1749 594 1821 sub
607 1771 689 1854 meo
710 1752 781 1820 lare
802 1751 1022 1844 conspiciam,
1052 1753 1172 1824 Cicero
1192 1754 1268 1847 ipse

180 1871 248 1942 vix
271 1874 455 1964 exprimat.
475 1874 554 1944 Fuit
573 1885 689 1946 autem
712 1873 830 1947 nascio
850 1896 895 1946 an
915 1875 1135 1968 casualiquo
1153 1897 1197 1946 an
1215 1876 1268 1948 iu-

179 1993 274 2064 dicio
305 2003 401 2064 cerlo
428 1994 524 2088 (nihil
548 2007 603 2068 est
626 1998 718 2066 euim
745 1999 812 2068 iam
838 1996 933 2088 quod
961 1997 1099 2068 nonde
1126 1998 1267 2088 ingenio

181 2121 244 2186 tuo
265 2113 414 2210 sperem)
442 2115 681 2188 ciceronianus
701 2119 757 2187 ille
774 2116 888 2188 codex
905 2116 966 2207 qui
983 2117 1067 2186 mibi
1088 2117 1123 2186 in
1145 2117 1266 2209 primis

181 2236 392 2310 sententiam
413 2235 604 2329 superioris
629 2236 785 2331 epistolae
810 2239 869 2310 vel
893 2257 1020 2308 novam
1043 2257 1180 2330 parare,
1208 2242 1266 2309 vel

180 2368 358 2432 vetustam
381 2358 612 2432 adamantinis
632 2358 742 2430 clavis
762 2368 885 2452 posset
904 2358 1055 2450 affigere.
1078 2357 1154 2430 Etsi
1173 2358 1266 2430 enim

180 2483 349 2554 Hercules
374 2479 704 2554 distantissimarum
731 2482 898 2552 lustrator
923 2490 1131 2573 pacatorque
1157 2487 1267 2552 terra-

180 2625 260 2675 rum
289 2605 465 2676 Nemaeam
493 2603 616 2676 silvam
643 2606 759 2688 leone,
791 2603 995 2698 Erymanthi
1029 2606 1134 2675 colles
1168 2624 1263 2698 apro,

179 2723 346 2798 Aventini
367 2736 518 2798 montem
540 2726 751 2799 incendiario
769 2727 914 2813 latrone,
934 2729 1187 2820 Lernaeamque
1204 2749 1266 2822 pa·

179 2847 298 2922 ludam
323 2849 525 2944 multicipitc
551 2857 715 2944 serpente
744 2851 962 2944 purgaverit,
989 2849 1165 2944 alque‘ob
1190 2851 1266 2922 haec

179 2972 292 3044 ethis
313 2972 437 3046 similia
458 2971 702 3045 benevolentia
722 2971 946 3044 liberatarum
967 2965 1136 3065 gentium,
1160 2981 1196 3044 et
1215 2975 1265 3044 la-

179 3113 251 3166 mae
265 3094 330 3164 alis
346 3095 433 3178 coeli,
447 3103 487 3165 ut
497 3097 622 3181 lerunt,
640 3117 778 3168 summa
790 3094 1041 3179 conscenderit,
1055 3097 1134 3192 plus
1148 3106 1265 3168 tamen

181 3214 358 3306 aliquanto
381 3224 448 3297 est,
476 3215 569 3306 quod
594 3216 629 3284 in
653 3216 721 3287 boc
745 3216 821 3310 ipso
849 3227 918 3287 tam
944 3239 1054 3309 parvo
1085 3217 1265 3312 quinque-

179 3338 297 3432 partiti
321 3335 398 3408 libri
425 3337 536 3430 spatio
561 3337 681 3409 Cicero
705 3348 826 3409 noster
850 3340 933 3430 egit.
960 3339 1069 3432 quue
1101 3340 1151 3411 sic
1182 3361 1263 3412 esse

179 3459 343 3555 perfacile
368 3457 580 3532 monstrabo.
610 3459 726 3531 Prima
753 3459 917 3553 equidem
943 3481 1026 3554 pars
1052 3461 1169 3552 rugitu
1195 3471 1263 3534 ter-

180 3583 278 3656 rifico
302 3583 559 3678 impendentem
590 3582 721 3676 ubique
752 3581 958 3653 mortalibus
984 3582 1104 3653 mortis
1131 3593 1261 3655 metum

180 3704 352 3778 interficit.
378 3705 537 3778 Secunda
562 3726 724 3800 asperum
746 3714 851 3796 atque
878 3702 1080 3775 vulnificum
1108 3703 1261 3776 dolorem

182 3828 336 3922 corporis
361 3829 490 3900 domat.
517 3827 632 3904 Tertia
657 3828 784 3898 mantis
809 3824 1052 3918 aegritudinem
1074 3827 1178 3898 coecis
1200 3847 1263 3896 ua-

181 3950 323 4043 poribus
342 3960 549 4023 aestuantem
573 3948 778 4043 comprimit.
797 3951 928 4034 Quarta
945 3969 1142 4038 venenosas
1158 3958 1262 4042 atque

182 4073 386 4168 multiplices
404 4074 507 4146 animi
528 4071 712 4167 passiones
738 4093 758 4142 a
785 4071 893 4165 stirpe
917 4071 1090 4144 convellit.
1115 4070 1169 4143 An
1190 4071 1262 4143 cui-

181 4217 285 4288 quam
311 4199 399 4270 lorta
423 4195 503 4269 ideo
527 4194 659 4270 leviora
679 4195 757 4269 baec
780 4204 940 4291 portenta
956 4195 1141 4269 videantur
1155 4216 1260 4289 quam
