3024 4802
370 393 461 442 menn
484 391 992 445 consummemus-emmoni
1015 397 1065 445 ιιι.
1196 385 1255 447 teo

176 553 245 627 que
262 530 431 603 tenacius.
452 528 600 602 Fatebor
620 540 755 602 tamen:
776 530 845 602 iam
866 553 909 602 eo
930 532 1115 605 scribendo
1135 553 1256 626 perve-

176 673 296 727 neram
318 659 364 738 ut,
386 674 454 724 non
474 651 588 724 dicam
610 652 713 723 taedio
735 652 840 725 animi
862 653 958 748 (quid
982 656 1073 724 enim
1101 656 1257 728 Ciceroni

175 776 291 848 minus
304 774 510 868 conventi),
527 774 591 868 sed
603 774 722 846 labore
737 795 903 847 manuum
916 776 1040 860 victus,
1058 787 1256 871 susceptum

175 899 358 968 consilium
376 919 444 968 non
467 896 663 989 probarem,
691 919 817 990 meque
844 898 913 968 iam
939 920 1007 969 non
1035 900 1103 969 mei
1130 902 1258 993 negotii

175 1021 374 1115 poeniteret;
389 1019 472 1090 dum
488 1019 603 1091 subito
616 1019 672 1091 ille
686 1019 771 1091 mihi
793 1023 888 1092 locus
906 1022 1030 1091 allatus
1048 1030 1115 1106 est,
1132 1022 1189 1093 ubi
1204 1023 1259 1094 Ci-

176 1165 256 1216 cero
270 1145 345 1239 ipse
358 1144 531 1216 orationes
546 1143 687 1215 alterius
698 1141 818 1214 nescio
832 1143 931 1214 cuius
943 1140 1018 1237 (sed
1029 1145 1179 1236 profecto
1190 1166 1258 1216 non

176 1266 288 1349 Tullii3
310 1287 402 1337 unus
423 1275 478 1337 est
497 1266 589 1337 enim
610 1264 666 1336 ille
686 1265 754 1350 vir,
773 1286 843 1336 una
859 1265 916 1336 illa
935 1288 1022 1350 vox,
1046 1289 1153 1337 unum
1176 1266 1260 1338 illud

176 1387 364 1482 ingenium)
389 1388 572 1483 scripsisse
594 1407 633 1458 se
654 1396 832 1458 memorat.
856 1385 945 1457 Nom
959 1410 1040 1480 qum
1059 1398 1106 1471 to,
1127 1387 1257 1482 inquit,

176 1531 406 1582 commemoras
430 1509 537 1582 Cassii
556 1512 660 1602 tepere
679 1511 826 1580 temlero
847 1513 1008 1583 orationes
1040 1533 1114 1582 com
1141 1513 1261 1582 otiosas

175 1635 231 1718 sa's,
251 1657 305 1704 eos
324 1656 381 1727 epo
401 1633 534 1726 scripsi:
554 1643 598 1716 et,
620 1641 659 1703 ut
680 1637 774 1720 solet,
798 1655 878 1706 oum
896 1633 1102 1708 adversario
1121 1657 1187 1708 suo
1204 1635 1259 1707 io-

174 1777 259 1829 oans
279 1756 377 1828 rudis
393 1757 507 1850 inquit
522 1756 669 1829 etseras
686 1777 727 1826 oe
744 1758 879 1827 ommino
896 1779 1045 1852 anquam
1062 1779 1162 1828 essem
1180 1760 1262 1827 otio-

174 1902 239 1950 sos.
269 1879 348 1962 Quo
376 1881 465 1951 lecto
487 1867 543 1950 sic
561 1879 681 1951 exarsi
701 1879 803 1970 quasi
824 1881 1048 1953 verecundus
1069 1881 1169 1953 miles
1190 1879 1261 1953 cari

176 2021 264 2071 voce
284 1999 382 2071 ducis
406 2000 611 2093 increpitus,
640 2010 675 2071 et
699 2021 851 2072 mecum:
877 2023 962 2094 argo
988 2005 1118 2074 alienas
1143 2004 1263 2074 Cicero

178 2121 327 2216 scripsit,
349 2130 385 2192 tu
407 2119 582 2192 Ciceronis
608 2122 783 2194 orationes
819 2123 972 2195 scribere
993 2125 1174 2217 negligis?
1200 2123 1263 2194 llic

177 2243 283 2314 animi
310 2247 440 2327 fervor,
474 2243 541 2314 hoc
575 2243 741 2329 studium,
776 2243 833 2314 hic
867 2244 977 2316 divini
1000 2246 1111 2316 honos
1134 2244 1263 2336 ingenii

176 2369 251 2438 est?
272 2363 333 2436 His
354 2376 453 2437 actus
476 2365 626 2437 stimulis
647 2367 803 2457 processi
837 2367 905 2437 iam
940 2367 1108 2460 propositi
1128 2375 1262 2450 certus,

177 2492 262 2562 etsi
283 2489 367 2583 quid
398 2513 444 2561 ex
478 2488 631 2572 tenebris
652 2489 739 2560 meis
761 2498 878 2582 potest
905 2488 1150 2583 splendoribus
1172 2490 1263 2561 illius

179 2614 349 2686 facundiae
362 2611 516 2686 coelestis
531 2612 697 2685 accedere
711 2669 718 2694 ,
734 2612 800 2682 erit
812 2612 878 2684 hoc
892 2613 979 2682 sorte
999 2633 1069 2682 non
1086 2611 1262 2694 ultimum,

179 2735 274 2831 quod
294 2734 477 2809 dulcedine
494 2744 619 2830 ceptus
645 2731 864 2806 inenarrabili
891 2755 963 2805 rem
991 2741 1265 2830 suaptenatura

183 2858 476 2944 taediosissimam‚
501 2857 667 2941 scribere,
690 2866 759 2927 tem
781 2857 942 2928 alacriter
963 2858 1040 2941 teci,
1064 2867 1103 2928 ut
1124 2856 1185 2928 vix
1207 2877 1265 2932 me

179 2981 302 3054 secisse
322 2983 499 3054 sentirem.
522 2981 622 3053 Nunc
641 2998 727 3072 ergo
751 2980 820 3052 iam
855 2979 992 3051 landem
1028 2979 1148 3051 Cicero
1182 2988 1264 3050 tuus

179 3103 311 3183 volens,
333 3110 369 3171 et
385 3122 464 3172 meo
484 3102 623 3172 nomine
643 3101 705 3170 tibi
724 3101 856 3192 gratias
876 3110 1018 3172 aeturus
1041 3100 1086 3172 ad
1107 3109 1140 3172 te
1161 3098 1261 3172 redit.

179 3223 274 3298 Idem
296 3220 389 3314 apud
409 3240 466 3291 me
484 3241 552 3293 non
577 3221 710 3292 invitus
730 3231 860 3304 manet,
882 3223 939 3293 cui
960 3223 1026 3294 hoo
1051 3223 1265 3294 familiariter

180 3349 364 3440 imputem,
387 3343 472 3416 nulli
492 3345 562 3415 lere
588 3341 743 3416 omnium
774 3342 835 3434 qui
870 3363 1021 3435 unquam
1050 3343 1265 3438 scripserunt

181 3493 236 3543 me
256 3480 391 3544 tantum
407 3467 517 3539 luisse
535 3467 713 3549 daturum,
737 3474 776 3536 ut
796 3464 887 3534 inter
906 3472 958 3535 tot
978 3465 1118 3536 aculeos
1140 3465 1265 3534 huma-

181 3615 304 3666 narum
319 3591 558 3665 difficultatum
579 3609 668 3682 quos
689 3605 835 3682 prorsus
856 3595 1023 3659 excutere
1043 3605 1188 3679 nequeo,
1212 3584 1266 3655 in-

181 3726 234 3788 ter
254 3724 305 3788 tot
325 3715 518 3789 studiorum
539 3732 657 3797 curas,
693 3713 738 3784 ad
767 3729 857 3806 quas
887 3712 989 3801 longa
1009 3709 1112 3780 etiam
1145 3707 1264 3778 brevis

180 3847 237 3911 est
269 3836 357 3920 vita,
391 3836 511 3909 alienis
539 3832 810 3906 transcribendis
841 3843 979 3927 tempus
1014 3829 1262 3926 impenderem.

182 3963 261 4034 Feci
282 3964 368 4033 forte
388 3961 469 4032 olim
491 3961 557 4031 tale
578 3954 723 4050 aliquid,
747 3956 830 4028 dum
852 3956 938 4027 clam
961 3952 1109 4025 labentis
1131 3963 1263 4043 tempo-

182 4087 230 4157 ris
264 4084 367 4158 ditior
399 4079 560 4162 videbar,
584 4099 664 4174 quae
699 4091 811 4153 tamen
846 4076 1088 4150 incertissimas
1109 4073 1264 4145 omnium

182 4207 486 4300 fugacissimaeque
506 4203 639 4278 divitiae
661 4213 757 4276 sunt:
781 4223 872 4274 nune
888 4209 1008 4294 aperte
1026 4217 1082 4271 res
1100 4198 1135 4270 in
1154 4217 1264 4287 angu-
