3078 4798
420 374 512 422 ttssltll
536 373 1017 422 snxuosouolltt's-ulusrott
1042 375 1081 423 vt.
1227 363 1286 422 383

200 515 255 597 sit,
274 513 330 584 cui
351 533 420 583 non
437 511 588 603 aliquam
611 511 749 583 dolendi
768 533 910 583 causam
929 512 1082 584 mundos
1101 512 1283 596 invexerit,

202 647 319 708 temen
342 635 369 706 si
393 633 560 726 teipsum
588 643 623 704 et
643 634 836 706 coelestium
860 633 948 704 inte
977 656 1159 705 munerum
1181 634 1286 724 largi-

201 769 308 832 tatem
343 756 594 848 circumspicis,
618 755 651 824 in
686 757 820 827 illorum
859 768 889 828 te
916 754 990 828 acie
1018 756 1171 849 reperies
1196 777 1285 848 quos

201 880 357 973 gaudere
378 901 516 971 aequum
541 879 594 948 sit.
617 878 849 963 Quamobrem
873 901 941 950 non
968 878 1156 971 patientem
1183 877 1286 978 modo

200 1003 355 1073 animum
377 999 509 1071 exhibe
532 999 592 1072 sed
613 1003 744 1083 laetum,
767 1011 804 1072 et
825 1013 949 1093 praeter
972 1012 1098 1073 caetera
1126 1001 1208 1072 illud
1229 1023 1287 1072 co·

202 1126 274 1216 gila
294 1127 381 1194 lorle
403 1144 470 1196 non
494 1122 529 1194 id
552 1134 683 1194 lantum
702 1123 758 1215 agi
782 1133 819 1194 ul
838 1124 926 1194 inter
949 1133 998 1195 tot
1018 1123 1077 1194 Dei
1099 1123 1187 1196 dona
1210 1124 1288 1216 qui-

93 1257 95 1263 “
202 1247 270 1318 bus
292 1255 373 1316 ante
394 1256 531 1338 tempus
552 1253 706 1317 ornatus·
721 1246 782 1318 scd
802 1269 871 1319 non
892 1256 972 1317 ante
994 1246 1154 1316 meritum
1176 1246 1285 1327 luisti,

204 1372 295 1443 scias
314 1380 348 1441 te
365 1369 541 1442 bominem
560 1392 641 1441 esse
659 1370 850 1464 caducique
868 1370 1031 1464 corporis,
1048 1370 1110 1441 sed
1127 1370 1230 1441 etiam
1250 1383 1288 1441 ul
1344 1445 1346 1450 ,

203 1493 368 1590 praesenti
391 1492 512 1563 morbo
537 1503 573 1564 el
599 1513 749 1586 sequens
777 1492 907 1563 seniles
934 1491 1066 1564 dulcior
1093 1492 1162 1576 tibi,
1190 1505 1225 1564 et
1251 1504 1287 1565 tu

204 1617 319 1690 carior
339 1615 389 1687 sis
410 1614 542 1686 amicis.
565 1615 718 1686 Tandem
738 1615 822 1687 illud
843 1615 877 1685 in
899 1616 1051 1687 animum
1069 1614 1214 1704 inducas
1236 1619 1287 1687 ni-

143 1743 150 1758 '
204 1745 253 1815 hil
274 1742 370 1836 quod
391 1739 496 1812 sciam
521 1761 624 1832 posse
642 1761 734 1810 nuno
755 1762 833 1810 cum
856 1739 921 1811 hac
942 1739 1128 1811 solitudine
1148 1761 1287 1832 compa-

205 1865 282 1948 rari,
306 1866 339 1935 in
361 1885 430 1957 qua
457 1874 491 1934 te
513 1864 671 1933 Socrates
694 1872 812 1933 noster
831 1873 866 1932 et
887 1884 953 1953 ego
979 1863 1204 1957 cupidissime
1224 1886 1288 1934 ex-

203 2001 398 2082 pectamus,
436 1984 494 2058 uhi
523 1983 621 2056 facile
653 1983 772 2054 divina
805 2005 869 2078 ope
904 1985 1066 2057 suffultus
1093 1997 1128 2056 el
1160 2008 1286 2080 corpus

206 2131 363 2183 recreare
384 2117 420 2178 et
441 2127 605 2178 serenare
625 2105 778 2177 animum
801 2127 922 2199 queas.
948 2107 1071 2178 Nullus
1093 2107 1148 2178 hic
1171 2117 1288 2202 tyran·

169 2241 174 2245 '
204 2255 271 2303 nus
292 2233 420 2316 minax,
443 2230 559 2300 nullus
577 2228 665 2300 civis
685 2228 859 2299 insolens:
881 2251 950 2300 non
972 2229 1214 2300 obtrectatoris
1232 2251 1287 2300 ra-

203 2354 273 2427 bidi
295 2355 413 2446 lingua
439 2351 648 2436 mordacior,
671 2371 738 2421 non
763 2351 827 2436 ira,
850 2373 919 2422 non
940 2351 1052 2422 civilis
1074 2354 1189 2438 factio,
1220 2375 1287 2424 non

203 2475 444 2569 querimoniae,
471 2495 540 2544 non
573 2473 723 2557 insidiae,
754 2496 824 2546 non
844 2475 987 2556 clamor,
1019 2497 1087 2546 non
1122 2476 1286 2568 strepitus

204 2598 392 2680 bominum,
416 2620 484 2668 non
507 2597 667 2669 tubarum
690 2598 849 2687 clangor;
866 2619 936 2668 non
956 2598 1074 2689 fragor
1095 2618 1287 2680 armorum;

203 2722 297 2792 uuila
319 2731 485 2814 praeterea
507 2720 663 2805 avaritia,
685 2721 802 2792 nullus
823 2720 919 2803 livor,
939 2722 1034 2790 nulla
1051 2742 1196 2815 prorsus
1213 2741 1287 2790 am-

204 2845 296 2929 bitio,
320 2848 449 2918 nullum
473 2845 615 2938 superbi
635 2845 739 2916 limen
764 2866 843 2916 cum
869 2853 1019 2914 tremore
1041 2843 1286 2924 subeundum;

204 2968 267 3040 sed
287 2967 453 3058 gaudium
474 2978 509 3038 et
535 2966 735 3059 simplicitas
757 2975 793 3037 et
817 2966 960 3036 libertas
982 2978 1017 3036 et
1036 2963 1121 3036 inter
1147 2963 1285 3036 divilias

203 3091 476 3184 pauperiemque
495 3099 608 3162 status
629 3090 800 3183 optabilis,
822 3090 885 3161 sed
904 3088 1019 3160 sobria
1038 3097 1073 3161 et
1093 3089 1232 3159 humilis
1251 3099 1286 3160 et

204 3219 387 3282 mansueta
409 3209 594 3296 rusticitas,
615 3234 702 3302 gens
720 3213 876 3297 innocua,
895 3212 995 3307 plebs
1017 3212 1167 3296 inermis,
1191 3213 1286 3307 regio

203 3328 361 3426 pacifica,
384 3329 484 3401 cuius
503 3333 633 3424 praesul
654 3333 709 3403 vir
729 3333 881 3426 optimus
902 3344 938 3404 el
959 3332 1126 3403 bonorum
1148 3334 1285 3404 amicis-

204 3454 323 3537 simus
339 3474 560 3546 consequens
574 3453 642 3524 erit
654 3466 691 3527 ut
709 3464 742 3524 le
760 3455 795 3525 in
812 3457 950 3528 fratrem
970 3453 1105 3538 babeat,
1120 3455 1283 3547 quoniam

202 3599 267 3649 nos
290 3577 395 3650 habel
417 3577 450 3646 in
471 3574 572 3646 filios.
592 3577 682 3661 Quid
703 3579 747 3650 de
769 3579 844 3650 aliis
865 3579 1009 3672 loquar?
1025 3578 1095 3649 Aer
1115 3577 1171 3648 hic
1187 3577 1285 3648 blan-

203 3699 269 3771 dus
288 3721 329 3770 ac
351 3721 478 3772 suaves
500 3721 619 3771 aurae:
642 3703 742 3772 lellus
764 3702 890 3794 aprica,
913 3704 1026 3774 sontes
1045 3701 1152 3787 nitidi,
1171 3701 1284 3796 pisco-

204 3843 281 3892 sum
302 3821 445 3906 flumen,
473 3821 677 3894 umbrosum
701 3843 837 3905 nemus,
860 3834 963 3896 antra
983 3825 1140 3908 humida,
1168 3845 1284 3895 reces-

203 3965 334 4037 susque
365 3945 501 4018 herbidi
526 3957 562 4018 el
586 3955 684 4038 prata
711 3944 869 4030 ridentia,
898 3946 955 4017 bic
981 3949 1134 4039 mugitus
1160 3947 1280 4029 boum,

203 4065 319 4135 avium
349 4077 493 4152 cautus,
531 4091 757 4161 murmurque
795 4069 1038 4164 lympharum,
1074 4070 1282 4164 penitusque

101 4278 116 4299 Μ
202 4185 316 4260 abdita
333 4199 368 4258 et
389 4213 432 4262 ex
453 4214 489 4262 re
506 4213 631 4264 nomen
650 4192 782 4264 habens
802 4193 926 4266 Clausa
945 4192 1051 4262 Vallis
1070 4204 1104 4264 et
1124 4207 1293 4268 amanum·
