3024 4802
387 389 480 440 LIBER
501 343 967 441 benesonantis-eberolf
989 393 1031 442 ΠΙ.
1188 381 1245 444 517

164 528 272 603 rebus
303 533 452 611 lentum,
476 525 540 597 sed
566 525 699 597 umbris
722 527 826 598 eliam
850 537 998 599 terretur
1023 551 1063 601 ac
1089 530 1244 602 somniis.

164 652 237 724 Sed
255 649 300 722 ad
316 649 405 742 piam
423 647 516 718 illam
533 647 692 720 amicitiae
710 648 950 720 credulitatem
972 650 1093 734 redeo,
1114 649 1157 723 de
1177 673 1247 745 qua

163 774 251 844 mibi
272 792 365 843 nuuc
382 791 499 840 sermo
519 779 584 840 εει.
607 771 776 863 Equidem
798 781 965 862 quantum
988 771 1127 863 ingenio
1148 795 1246 844 asse-

163 917 263 987 quor,
285 894 407 962 Romae
436 890 516 961 olim
537 890 607 962 duo
628 891 766 962 luerunt
788 891 899 975 Laelii,
923 891 1140 986 Scipionibus
1161 895 1247 966 ami-

162 1037 246 1087 cum
268 1035 410 1085 nomen:
432 1012 488 1083 ille
508 1034 614 1084 avum
635 1013 754 1096 coluit,
786 1011 842 1082 hic
861 1024 1038 1104 nepotem,
1061 1012 1117 1086 ille
1137 1015 1246 1087 tribu-

162 1136 289 1208 tariam
309 1135 398 1207 vidit
427 1135 687 1226 Carthaginem,
710 1133 767 1204 hic
788 1155 960 1206 eversam.
983 1135 1082 1208 Certe
1106 1135 1245 1207 etmihi

161 1259 297 1330 Laelius
330 1278 427 1328 meus
453 1265 521 1340 est,
553 1278 656 1350 quem
688 1267 736 1329 tol
769 1257 907 1328 saeculis
934 1256 1132 1341 interiectis
1160 1257 1245 1328 urbs

161 1379 288 1452 eadem
316 1399 427 1450 senex
452 1379 606 1452 nondum
634 1377 762 1450 sterilis
787 1379 917 1468 genuit.
944 1379 1104 1450 Miraris?
1123 1380 1187 1451 sed
1212 1389 1246 1450 le

161 1503 269 1574 etiam
287 1502 370 1573 fallil
386 1524 493 1574 amor.
513 1499 695 1572 credidisti
716 1501 886 1594 perfacile,
905 1499 951 1570 mi
969 1500 1066 1585 Laeli,
1088 1501 1183 1593 quod
1202 1499 1247 1572 de

163 1645 223 1696 me
237 1623 298 1695 tibi
311 1623 356 1694 ab
368 1624 473 1695 obvio
489 1620 639 1716 quodam
654 1625 742 1694 forle
757 1633 934 1696 narratum
947 1631 1016 1707 εει,
1032 1645 1096 1695 neo
1116 1633 1247 1717 quanta

163 1746 320 1818 narranti
340 1744 428 1818 fides
448 1754 544 1818 esset
560 1744 722 1837 exegisti.
738 1743 823 1828 Quis
844 1745 935 1816 enim
952 1755 1020 1818 tam
1037 1744 1187 1832 sobrius,
1202 1766 1246 1818 ue

160 1868 279 1940 dicem
299 1868 424 1951 durus,
439 1877 477 1939 ut
493 1869 587 1961 quod
601 1870 745 1940 multum
763 1867 912 1940 delectat
929 1868 1076 1940 libenter
1096 1867 1245 1951 abiicial,

160 2009 245 2060 oum
266 1989 460 2080 praesertim
479 1989 661 2060 delectatio
682 1988 830 2059 honesta
851 1988 910 2072 sit,
930 1999 965 2058 et
986 1988 1146 2060 amicitiae
1165 1990 1247 2061 velo

159 2091 236 2182 'non
257 2108 359 2181 modo
379 2129 477 2181 error
497 2107 711 2180 excusabilis
738 2108 802 2179 sed
819 2107 1040 2180 laudandus?
1060 2109 1246 2182 Credidisti

160 2230 269 2323 igitur
294 2229 499 2302 nesciocui
525 2229 600 2325 (vix
630 2229 723 2300 enim
757 2230 927 2324 suspicari
959 2231 1088 2316 ausim,
1120 2233 1246 2304 lamam

159 2355 228 2426 etsi
250 2352 444 2448 saepissime
458 2352 612 2426 mendax
630 2354 685 2438 sit,
700 2352 736 2424 id
753 2374 845 2424 nunc
862 2351 998 2447 publice
1019 2352 1128 2426 luisse
1148 2375 1247 2428 men-

161 2474 289 2570 titam),
305 2498 360 2547 me
378 2473 509 2546 scilicet
528 2473 572 2546 ad
593 2474 743 2546 Italicam
761 2495 881 2568 pacem
900 2495 994 2548 novo
1010 2495 1090 2546 cum
1104 2477 1245 2548 Caesare

161 2598 387 2672 sanciendam
401 2596 623 2688 singulariter
641 2598 856 2688 praelectum,
876 2596 1020 2668 feliciter
1038 2597 1145 2669 rebus
1158 2599 1245 2670 actis

160 2729 198 2794 el
217 2741 304 2813 pace
331 2717 543 2813 Reipublicae
562 2718 710 2810 quaesita
735 2729 771 2788 el
803 2739 929 2809 magna
954 2739 1034 2788 cum
1060 2718 1171 2808 gloria
1190 2739 1245 2788 re·
1326 2735 1331 2742 ·

160 2863 313 2916 measse.
337 2841 423 2913 Nolo
443 2861 540 2912 erres
566 2849 627 2912 aut
652 2840 791 2911 inanem
811 2841 1026 2932 voluptatem
1051 2859 1100 2908 ex
1124 2858 1243 2910 errore

159 2964 347 3060 percipias:
368 2985 437 3036 nou
458 2963 506 3034 ila
525 2973 587 3045 εει,
610 2961 732 3036 amice.
753 2961 873 3054 Neque
890 2962 982 3032 euim
1005 2983 1113 3032 unum
1139 2969 1246 3054 capul

160 3107 220 3158 res
243 3095 338 3158 lanta
357 3087 531 3178 poscebat.
549 3085 654 3156 Primi
671 3106 853 3179 procerum
876 3083 975 3156 missi
994 3091 1086 3156 sunl.
1101 3084 1137 3154 Si
1150 3083 1243 3154 enim

160 3207 314 3299 Argivos
339 3205 493 3278 delectos
522 3207 617 3278 viros
644 3206 690 3278 ad
719 3208 905 3301 petendam
934 3208 1058 3298 pellem
1085 3216 1244 3280 auratam

160 3339 198 3402 ει
217 3329 362 3402 forsitan
382 3325 577 3400 fabulosam
598 3325 716 3398 arietis
737 3326 816 3396 olim
838 3326 967 3396 missos
990 3328 1154 3416 legimus,
1173 3352 1243 3402 non

161 3453 271 3524 multo
288 3473 379 3522 nuno
392 3447 596 3522 delectiones
617 3447 719 3517 Italos
737 3445 825 3518 milti
845 3445 991 3536 dignum
1012 3455 1087 3518 erat
1100 3447 1145 3518 ad
1158 3470 1244 3520 vere

161 3595 304 3648 auream
325 3571 578 3665 procurandam
608 3571 753 3663 pacem?
783 3568 834 3638 llll
852 3567 1016 3661 equidem
1045 3590 1155 3660 parva
1181 3591 1243 3664 spe

161 3717 290 3788 magno
309 3706 344 3768 ει
369 3695 561 3788 procelloso
579 3691 666 3764 meri
686 3690 837 3764 Colobou
858 3690 1075 3763 barbaricam
1096 3693 1241 3788 petiere,

161 3818 223 3890 ubi
243 3816 413 3909 regnabat
433 3814 628 3906 incognitus
652 3834 716 3884 rex
736 3814 873 3886 AEtbes:
891 3813 949 3885 isti
966 3813 1152 3898 Mantuam,
1172 3836 1242 3909 quo

162 3941 231 4012 iam
251 3939 378 4010 Caesar
404 3944 610 4030 pervenerat
636 3937 703 4006 late
735 3945 855 4019 notus,
883 3957 1010 4026 magno
1034 3943 1070 4008 el
1096 3957 1241 4029 prorsus

161 4057 421 4156 incomparabili
440 4058 584 4150 praemio
601 4057 701 4128 illecti
722 4067 825 4150 atque
842 4058 972 4149 exiguo
985 4065 1021 4128 et
1033 4060 1136 4152 plano
1155 4060 1242 4130 ualle

161 4201 231 4254 non
250 4184 430 4277 peterent?
451 4182 595 4254 luerunt
613 4181 745 4273 itaque,
760 4180 854 4273 quod
872 4200 928 4252 res
949 4179 1066 4252 docuit
1082 4179 1240 4262 felicibus
