3002 4794
243 358 281 417 8o
390 422 392 428 ,
579 367 619 414 na
640 364 741 414 nanus
764 364 987 414 inminuamus

244 503 392 596 ideoque
410 502 631 594 potissimum
652 509 691 571 ut
712 500 772 571 tibi
793 500 1000 584 mitteretur,
1022 497 1185 569 obtinuit:
1210 499 1326 571 nescio

243 625 384 718 quidem
402 647 446 696 an
465 647 526 718 pro
552 625 689 710 solatio,
713 647 758 696 an
779 645 842 719 pro
867 621 1111 716 impedimento
1139 623 1252 693 solatii
1277 623 1325 692 tui

244 737 367 821 dicam.
401 748 470 822 Sed
499 748 660 841 qnoniam
692 748 728 819 id
754 771 867 840 genus
890 747 1070 839 estquod,
1093 744 1161 817 nisi
1182 767 1229 818 ex
1250 747 1326 838 ipso

244 871 304 964 qui
324 869 477 943 condidit
497 869 664 954 auditum,
684 870 831 962 intelligi
854 892 922 941 nou
943 869 1067 963 possit,
1087 890 1131 939 ne
1148 879 1182 940 te
1199 863 1326 939 inutili-

245 1005 298 1066 ter
318 995 457 1085 fatiges,
488 993 601 1088 primo
626 993 714 1085 quid
731 991 862 1074 dicam,
884 991 1010 1064 deinde
1030 991 1115 1084 qnid
1136 989 1323 1074 intendam,

245 1117 412 1190 brevibus
432 1115 624 1209 explicabo.
685 1097 687 1101 ⁸

343 1241 418 1311 Duo
434 1247 596 1334 pastores
618 1239 844 1322 inducuntur,
872 1239 1045 1331 pastorius
1072 1238 1164 1309 enim
1184 1249 1238 1310 est
1264 1240 1325 1310 sti-

244 1367 312 1447 lus;
335 1365 413 1435 ideo
432 1361 629 1454 pastoribus
647 1361 774 1433 dantur
794 1361 934 1432 uomina
951 1373 1129 1456 pastorum
1143 1362 1271 1434 Silvius
1284 1383 1324 1434 ae

244 1488 411 1559 Mouieus.
430 1486 559 1557 Silvius
581 1506 665 1576 ergo
686 1483 859 1556 lilonicum
878 1487 991 1556 solum
1007 1495 1043 1556 et
1062 1483 1234 1557 invidioso
1254 1487 1323 1558 otio

244 1609 379 1680 felicem
393 1608 527 1692 vidone,
543 1607 611 1678 sub
623 1616 723 1678 antro
733 1607 1131 1699 quodamquiescentem
1139 1608 1324 1701 alloquitur

243 1731 346 1822 quasi
366 1733 538 1802 fortunam
561 1730 652 1802 illius
678 1726 855 1800 admirans
881 1738 917 1800 et
937 1751 1037 1801 suam
1057 1730 1202 1816 dellens,
1229 1731 1322 1824 quod

244 1852 301 1922 ille
322 1875 429 1944 grege
450 1875 491 1924 ac
516 1875 597 1924 rure
629 1852 829 1947 posthabito
859 1854 1013 1946 requiem
1040 1855 1224 1940 invenerit,
1246 1855 1323 1951 ipse

245 1998 330 2048 vero
351 1998 495 2069 asperos
518 1978 623 2048 colles
641 1979 749 2048 multo
779 2000 858 2051 cum
888 1977 1007 2048 labore
1026 1978 1226 2062 circumeas
1252 2001 1323 2072 quo

242 2121 286 2171 eo
305 2100 417 2191 magis
451 2099 597 2171 miratur
626 2108 756 2178 tantam
784 2121 865 2172 esse
891 2099 1130 2173 diversitatem
1160 2104 1319 2186 lortuuae,

243 2222 416 2315 quoniam,
433 2231 471 2292 nt
482 2223 574 2303 dicit,
591 2245 659 2295 una
674 2224 866 2316 eademque
879 2226 992 2294 luerat
1005 2223 1184 2297 amborum
1201 2235 1321 2308 mater,

243 2357 282 2418 ut
297 2347 401 2418 detur
420 2346 563 2438 intelligi
581 2369 767 2438 germanos
792 2369 872 2419 esse
897 2357 1069 2444 pastores.
1096 2351 1252 2424 Monicus
1278 2349 1323 2421 ad

243 2470 331 2554 haee,
361 2478 469 2548 totam
495 2470 637 2551 fraterni
663 2469 791 2542 laboris
812 2474 947 2565 culpam
973 2474 1008 2543 in
1032 2473 1192 2544 eumdem
1212 2483 1323 2544 retor-

243 2602 339 2683 quet,
364 2593 457 2663 nulla
478 2592 514 2663 vi
535 2604 690 2664 coactum
719 2594 853 2678 dicenS,
877 2605 1000 2686 sponte
1027 2616 1091 2665 sua
1117 2617 1234 2666 errare
1260 2617 1322 2688 per

174 2753 177 2756 ·
243 2714 346 2786 devia
371 2715 538 2787 silvarum
560 2716 800 2808 montiumque
829 2718 1019 2787 cacumina.
1051 2718 1114 2788 Cui
1134 2717 1322 2811 respondet

243 2837 373 2910 Silvius
406 2861 564 2909 errorum
598 2860 743 2910 eausam
776 2859 857 2909 esse
890 2861 1065 2924 amorem,
1099 2850 1135 2911 et
1166 2861 1321 2912 amorem

171 3007 172 3010 =
243 2981 365 3043 musae,
389 2982 457 3031 non
478 2959 599 3043 alium;
616 2961 711 3054 quod
732 2970 771 3030 ut
790 2970 906 3055 pateat
926 2961 1178 3054 longiusculam
1203 2961 1321 3056 incipit

242 3081 413 3166 fabellam,
443 3083 591 3154 duorum
614 3084 744 3156 scilieet
768 3096 946 3179 pastorum
967 3086 1175 3179 perdulciter
1194 3107 1320 3158 canen-

242 3206 340 3287 tium,
362 3227 510 3297 quorum
531 3209 677 3278 alterum
695 3209 730 3279 in
751 3208 896 3302 pueritia
916 3209 1058 3282 audisse
1080 3232 1119 3280 se
1136 3217 1318 3291 memorat,

242 3330 389 3398 alterum
410 3338 543 3421 postea,
562 3352 755 3424 eorumque
774 3353 812 3404 se
838 3343 976 3426 captum
1002 3331 1172 3404 illecebris
1194 3338 1321 3402 eaetera

241 3451 357 3522 omnia
376 3451 568 3544 negligere:
589 3477 678 3546 quos
699 3455 783 3526 dum
800 3478 863 3550 per
882 3466 1017 3528 montes
1035 3455 1239 3528 avidissime
1264 3475 1321 3525 se

241 3575 367 3668 quitur,
390 3575 457 3650 iam
480 3597 603 3648 cauere
617 3577 783 3651 didicisse
797 3579 844 3650 ita
858 3590 896 3655 ut
909 3580 1069 3651 laudetur
1081 3579 1127 3650 ab
1139 3577 1225 3663 aliis,
1240 3578 1320 3649 lieet

240 3699 314 3792 ipse
336 3698 401 3770 sibi
423 3698 577 3770 nondum
597 3702 740 3794 placeat.
764 3703 884 3796 ltaque
904 3701 1120 3798 propositum
1147 3699 1213 3772 sibi
1239 3722 1320 3772 esse

240 3821 286 3892 ad
304 3843 478 3893 summum
496 3821 566 3930 niti,
585 3834 620 3894 et
653 3827 708 3894 vel
730 3808 927 3920 pervenire,
950 3825 1007 3898 vel
1028 3825 1117 3896 iuter
1139 3824 1317 3896 nitendum

240 3944 338 4013 mori.
360 3945 487 4017 Contra
504 3946 674 4031 Monicus,
698 3957 737 4016 ut
760 3955 896 4020 antrum
924 3970 1027 4020 suum
1048 3947 1178 4018 Silvius
1203 3946 1321 4038 ingre-

240 4063 356 4138 diatur
376 4068 525 4141 suadere
542 4071 673 4165 incipit,
694 4071 883 4144 dulciorem
902 4073 949 4142 ihi
963 4081 1103 4144 cantum
1117 4071 1319 4154 auditurus;

240 4209 323 4258 mox
342 4198 493 4282 coeptum
512 4213 706 4262 sermonem
726 4193 940 4287 inexpletum
954 4195 1087 4290 linquit,
1104 4197 1204 4288 quasi
1219 4195 1318 4286 signa
