3078 4798
272 339 331 401 :llll
611 345 651 391 uu
673 345 774 392 nunus
797 345 1017 394 riturtmumus

273 511 361 571 sum,
381 486 464 557 milri
486 483 637 576 quidem,
656 479 775 551 favore
797 484 905 552 lateor
927 501 1079 573 superno
1100 503 1168 553 non
1189 503 1268 554 meo
1286 505 1356 554 rne-

273 611 339 679 rito
358 604 540 701 quaesitus
562 604 687 672 Parvae
708 600 809 673 vobis
836 601 891 672 hae
916 601 1049 672 divitiae
1071 601 1256 673 videntur?
1277 608 1355 675 vul-

273 730 316 800 tis
340 741 376 799 ut
396 729 556 805 foenerer,
577 725 682 796 voltis
705 733 742 795 ut
763 725 937 814 navigem,
957 723 1066 793 vultis
1088 723 1177 794 utin
1195 726 1356 798 loroola·

273 873 364 922 mem
382 851 615 940 naualemque
634 845 785 917 animam
803 855 839 915 et
853 846 1002 937 linguam
1016 845 1190 917 habeam?
1202 844 1255 915 An
1271 831 1356 940 quid

273 995 329 1044 me
355 993 460 1064 agere
492 969 587 1040 aliud
614 968 720 1038 vultis
748 978 785 1039 ut
811 967 926 1039 diter?
950 968 1115 1040 Laudatis
1143 968 1178 1038 iu
1199 976 1356 1060 egestate

273 1097 396 1167 vivere
430 1105 467 1165 ut
498 1093 533 1163 in
568 1091 700 1162 divitiis
733 1090 871 1161 moriar.
906 1091 1069 1162 Suadetis
1104 1102 1142 1163 ut
1173 1089 1357 1162 ambiendo

275 1239 498 1309 congregem,
526 1212 620 1307 quod
647 1212 803 1284 sedendo
830 1213 919 1284 alios
947 1223 1109 1311 spargat:
1135 1199 1355 1286 cumdolore

274 1329 429 1433 quaeram
451 1338 496 1410 de
519 1359 589 1429 quo
610 1335 729 1406 nescio
750 1334 829 1427 quis
851 1335 1040 1425 gaudebit:
1061 1357 1140 1407 eum
1163 1335 1281 1408 labore
1305 1337 1358 1406 in-

276 1463 412 1534 veniam
440 1459 535 1553 quod
567 1480 646 1529 oum
675 1478 826 1528 moerore
854 1456 1041 1540 dimittam,
1068 1479 1147 1530 cum
1179 1459 1358 1530 anxietate
1386 1525 1388 1530 .

275 1584 482 1658 custodiam.
505 1579 642 1652 Credite
668 1579 775 1649 milri:
799 1579 922 1650 soliciti
948 1582 1076 1651 durum
1101 1579 1279 1672 negotium
1301 1603 1359 1652 as·

277 1706 500 1802 sumpsistis:
522 1700 704 1774 avaritiam
725 1701 879 1794 implere.
901 1701 1110 1774 Insatiabilis
1128 1715 1187 1775 est
1206 1715 1241 1774 et
1261 1704 1358 1774 inex-

278 1827 431 1922 plebilis:
462 1824 576 1916 omnia
612 1823 704 1906 sitit,
740 1823 855 1894 omnia
893 1824 1060 1910 devorat,
1100 1824 1207 1897 luudo
1243 1837 1357 1908 earet;

276 1951 434 2023 externis
455 1947 568 2042 poeuis
594 1946 748 2017 humana
770 1946 942 2039 cupiditas
968 1970 1038 2020 nou
1063 1960 1167 2041 eget:
1194 1948 1260 2020 sibi
1285 1949 1359 2042 ipsa

278 2074 484 2169 supplicium
498 2081 567 2154 est:
586 2071 614 2142 si
634 2069 773 2163 quidem
796 2080 910 2164 coapta
927 2071 1128 2157 defecerint,
1148 2083 1273 2145 moesta
1288 2084 1358 2144 est:

280 2199 310 2269 si
331 2197 520 2269 succedere
538 2193 715 2288 coeperint,
729 2193 934 2276 inardescit,
950 2195 980 2266 si
995 2197 1095 2288 plene
1114 2197 1358 2280 suecessorint,
1405 2181 1408 2187 ¹

279 2331 352 2392 lum
374 2321 514 2392 demum
533 2317 676 2411 trepida,
696 2328 769 2388 turn
787 2339 872 2389 vere
889 2317 990 2410 inops
1007 2327 1041 2390 et
1059 2319 1187 2390 misera
1204 2331 1271 2390 est.
1292 2319 1361 2391 Sed

278 2441 478 2514 omittamus
497 2442 586 2513 hauc
604 2439 856 2534 philosophiam
875 2438 1031 2512 odiosam
1049 2440 1222 2526 omuibus,
1241 2463 1361 2513 veram

279 2574 383 2637 certe.
409 2563 464 2633 Ad
485 2563 682 2634 communia
708 2575 937 2634 revertamur.
962 2563 1000 2634 Si
1023 2563 1192 2636 divitibus
1213 2585 1358 2659 pauper,

282 2684 364 2756 milri
385 2684 487 2757 dives
509 2685 640 2769 videor,
662 2686 747 2778 quid
768 2685 972 2758 consulitis?
991 2685 1151 2758 aestuabo
1164 2685 1275 2757 donec
1295 2685 1360 2758 illis

279 2811 384 2881 eliam
406 2808 530 2879 videar
550 2808 675 2880 dives?
692 2808 815 2878 Nullus
833 2807 899 2878 erit
919 2807 1020 2878 finis:
1043 2829 1112 2880 uon
1134 2808 1163 2879 si
1185 2819 1295 2879 terras
1321 2829 1361 2880 ac

281 2931 389 3002 maria
411 2929 622 3022 possedero;
641 2927 724 2999 dum
743 2930 889 3001 restabit
905 2929 1036 3023 aliquid
1053 2930 1098 3002 ad
1115 2931 1362 3023 coucupiscen-

280 3053 374 3132 dum,
397 3052 482 3120 nihil
504 3050 661 3121 avaritiae
683 3051 767 3122 satis
787 3053 863 3124 erit.
887 3053 1002 3134 Sinite,
1022 3072 1153 3146 quaese,
1168 3063 1207 3123 ut
1220 3073 1297 3122 meo
1310 3050 1362 3121 iu·

232 3155 235 3160 ⁵
282 3175 371 3247 dicio
393 3173 457 3243 sim
479 3174 602 3256 dives;
625 3196 701 3246 mea
723 3197 780 3245 res
802 3175 938 3266 agilum
960 3175 1045 3268 quid
1065 3174 1121 3246 hio
1142 3175 1254 3276 alieno
1274 3171 1362 3244 iudi-

281 3298 335 3368 oio
356 3318 445 3390 opus
466 3299 544 3368 est?
563 3296 642 3389 quis
664 3295 751 3368 liber
776 3297 888 3368 alieno
909 3308 1015 3389 gustu
1035 3298 1214 3369 vescitur?
1228 3297 1363 3368 Tenete

282 3429 420 3492 vestras
455 3419 656 3512 opinioneS,
693 3442 789 3492 meas
823 3419 908 3489 mihi
941 3419 1146 3511 relinquite:
1180 3441 1242 3490 oro
1274 3440 1360 3488 vos:

282 3546 411 3615 trustra
438 3541 647 3614 convellitis:
676 3542 711 3612 in
741 3563 830 3615 saxo
859 3541 1048 3613 durissimo
1078 3543 1244 3614 radicatae
1270 3551 1361 3612 sunt.

283 3666 371 3739 lllud
393 3673 490 3748 sane,
513 3663 608 3756 quod
629 3663 664 3733 in
691 3663 815 3736 litteris
843 3664 911 3736 tuis
932 3673 1128 3736 extremum
1156 3673 1244 3748 erat,
1272 3661 1364 3734 unde

284 3788 366 3857 mihi
386 3807 513 3859 novam
533 3807 628 3879 spem
647 3785 798 3858 conflare
818 3788 892 3858 vult
908 3786 1042 3857 amicus
1063 3797 1191 3870 noster,
1211 3787 1363 3881 prolecto

280 3918 323 3979 ut
342 3919 520 3980 ulvarum
545 3907 590 3979 sit
609 3909 703 4000 quod
722 3908 797 4000 ipse
814 3909 874 3992 ait,
901 3909 945 3980 de
965 3912 1169 4001 quousque
1186 3908 1275 3980 adeo
1295 3929 1363 3978 uon

168 4065 174 4081 ·
209 4117 214 4126 ι
285 4053 361 4102 sum
383 4039 509 4113 certus,
530 4031 613 4122 quid
632 4041 747 4102 tamen
765 4031 845 4104 inde
865 4029 1068 4104 conficitur?
1085 4031 1171 4102 Esto
1186 4031 1363 4124 equidem:

279 4152 458 4222 Romanus
476 4153 530 4222 hio
550 4173 662 4222 novus
677 4153 831 4244 pontifex
853 4153 962 4224 bonos
984 4164 1086 4225 amet.
1110 4153 1201 4235 Quid
1223 4154 1267 4224 ad
1286 4155 1365 4222 me‘l
