3078 4798
414 328 507 377 irena
529 327 1029 386 onlurusnnuruus.-nr1sronu
1051 329 1081 378 rr.
1231 319 1285 381 etr

186 467 305 542 domo
331 470 540 553 extuleram,
570 489 652 542 ecce
678 472 771 542 lenta
796 471 946 565 primum
973 473 1110 564 pluvia,
1139 474 1289 567 udaeque

188 590 341 664 nebule
361 589 559 684 persimilis,
582 590 661 664 inde
679 613 762 676 mox
779 593 912 666 mixtus
933 593 1053 666 imber.
1075 595 1288 669 Stomachari

191 735 281 806 ego,
303 715 550 808 fortunamque
567 735 682 786 meam
700 733 964 807 recognoscere,
982 727 1020 790 et
1035 717 1211 821 interdum
1233 741 1288 791 re·

194 847 254 908 tro
275 837 452 930 respicere
468 835 723 929 consiliumque
740 837 908 910 redeunffi
923 860 1062 934 capere;
1082 839 1219 912 interim
1238 850 1288 914 tu·

195 983 298 1044 men,
335 971 373 1032 ut
404 959 456 1044 fit,
484 960 652 1033 redeunte
672 962 803 1046 animo,
825 985 952 1057 corpus
973 963 1142 1038 incedere.
1165 965 1204 1034 ln
1231 964 1285 1036 bis

198 1083 296 1155 curis
317 1081 449 1154 diutius
475 1103 544 1154 non
569 1083 632 1164 fni;
668 1094 704 1154 et
736 1081 896 1155 inclinata
927 1083 1003 1156 dies
1036 1093 1072 1155 et
1105 1084 1287 1177 proximus
1409 1153 1415 1168 ,

199 1213 325 1300 portus
346 1214 433 1276 erat.
452 1205 687 1276 Cavellionem
705 1204 801 1288 veni,
815 1226 897 1298 quae
910 1205 1024 1278 vicina
1037 1207 1161 1279 civitas
1178 1225 1287 1300 parva

200 1328 344 1421 quidem
367 1325 428 1400 sed
448 1327 592 1420 antiqua
611 1337 678 1400 est:
702 1327 762 1398 ubi
783 1327 828 1399 ab
848 1329 1012 1422 episcopo
1032 1328 1098 1400 loci
1118 1329 1284 1422 Philippo,

202 1470 271 1542 quo
289 1470 393 1521 nemo
407 1448 461 1522 vir
474 1449 611 1532 melior,
630 1450 760 1534 nullus,
780 1470 849 1522 non
861 1469 930 1540 ego
941 1448 1029 1542 ipse,
1048 1448 1238 1522 commodis
1253 1459 1288 1522 et

203 1570 394 1642 honoribus
415 1569 503 1643 meis
523 1570 679 1654 amicior,
702 1564 736 1643 iet
756 1592 861 1666 quem
882 1580 1053 1664 aegrctare
1075 1593 1144 1644 non
1164 1593 1287 1646 seuse-

203 1714 290 1775 ram,
313 1715 382 1766 non
403 1703 441 1764 ut
461 1692 580 1776 homo,
604 1693 680 1776 sed,
709 1693 799 1765 sicut
824 1714 965 1786 semper
986 1695 1094 1776 soleo,
1119 1704 1156 1764 ut
1181 1714 1288 1784 ange-

202 1818 256 1886 lus
278 1815 339 1886 Dei
360 1817 459 1888 visus
481 1823 585 1908 atque
606 1815 746 1888 habitus
769 1836 859 1916 sum,
882 1817 1045 1914 lacrymis
1067 1837 1141 1910 pree
1159 1815 1287 1908 gaudio

203 1958 309 2031 prope
331 1937 564 2010 manantibus.
586 1937 738 2010 Credere
759 1937 814 2010 ille
834 1959 890 2010 me
910 1941 1115 2032 praeseferre
1136 1939 1286 2010 salutem

203 2058 332 2151 ipsam,
353 2070 389 2130 ct
408 2059 521 2132 omnis
548 2057 659 2130 morbi
684 2059 875 2132 remedium
903 2081 972 2132 uun
997 2081 1133 2130 mecum
1159 2059 1285 2130 domus

205 2201 282 2252 sum
302 2180 407 2252 limen
427 2180 588 2252 intrasse.
624 2180 688 2253 Ubi
721 2190 838 2254 autem
861 2183 1002 2254 venisse
1035 2201 1091 2252 me
1124 2179 1168 2250 ad
1202 2199 1284 2274 eum

202 2323 271 2374 ncn
292 2300 456 2374 menendi
477 2304 604 2386 animo,
640 2303 706 2376 scd
737 2312 775 2374 ut
808 2323 1008 2396 supremum
1031 2300 1282 2374 valedicerem

122 2477 128 2492 .
203 2425 350 2510 audivit,
372 2425 531 2498 moestior
550 2427 663 2496 lactus
694 2435 764 2510 est,
790 2434 906 2532 etque
927 2446 1030 2497 omne
1056 2424 1222 2516 gaudium
1249 2422 1283 2494 iu

202 2548 365 2641 querelas
385 2568 542 2618 versum.
566 2548 635 2619 Sao
658 2558 771 2620 tamon
788 2569 884 2620 mure
901 2545 1051 2642 perpulit
1069 2556 1106 2618 ut
1123 2547 1190 2618 sub
1209 2567 1282 2628 sno,

201 2671 308 2741 immo
328 2677 368 2740 ut
387 2669 471 2742 dicit
491 2690 631 2764 semper
650 2669 828 2763 rebusque
848 2671 985 2764 probat,
1015 2693 1092 2742 meo
1113 2673 1185 2742 lare
1205 2691 1287 2742 con-

204 2792 381 2878 sisterem,
404 2792 542 2886 sibique
563 2800 701 2865 noctem
733 2791 827 2864 illam
857 2794 995 2877 darem,
1021 2792 1115 2864 tredii
1140 2801 1178 2864 ut
1201 2811 1284 2880 ego,

202 2927 242 2988 ut
272 2916 350 3009 ipse
381 2914 498 2988 aiebat
526 2937 572 2988 ex
602 2935 658 2988 me
689 2916 935 3010 consolationis
962 2925 1090 3010 optatae
1122 2912 1287 3007 reliquias

203 3045 420 3132 perceptum.
454 3038 564 3110 Pareo
595 3060 665 3110 non
697 3049 848 3112 coactus.
871 3039 956 3122 Cum
987 3049 1023 3110 et
1055 3037 1176 3132 primae
1202 3036 1287 3110 facis

204 3171 342 3255 tempus
368 3159 526 3244 instaret,
549 3171 585 3232 et
604 3181 674 3232 non
699 3159 767 3234 iam
793 3160 916 3246 imber,
944 3161 1006 3234 sed
1031 3159 1215 3236 inundatio
1236 3159 1287 3230 in-

204 3304 291 3373 gens
309 3292 418 3368 esset,
434 3283 482 3356 ihi
500 3284 681 3357 minimum
701 3305 743 3355 ea
764 3294 864 3356 nocte
884 3283 1070 3356 dormitam
1091 3295 1156 3358 est.
1176 3285 1287 3356 Ceste-

204 3427 281 3476 mm
302 3403 348 3476 ad
369 3407 516 3478 multum
537 3405 648 3478 noctis
669 3403 780 3497 primo
800 3403 940 3496 quidem
963 3404 1086 3487 tennis,
1107 3413 1186 3495 pcst
1207 3427 1285 3476 sen-

205 3526 270 3598 sim
290 3538 441 3600 auctaet
454 3526 574 3600 ultimo
593 3528 758 3619 frequens
771 3528 861 3598 fama
874 3524 1093 3600 familiarium
1109 3547 1286 3597 murmure

204 3669 299 3740 mgro
325 3650 469 3745 preesuli
498 3649 710 3724 adstantium
736 3649 878 3722 domum
906 3649 1131 3741 impleverat,
1158 3646 1285 3720 bellum
1384 3697 1387 3702 -
1506 3747 1507 3756 ἵ

203 3771 436 3862 quarumdam
456 3770 661 3864 Alpinarum
682 3770 836 3864 gentium
871 3771 915 3842 ed
946 3770 1085 3874 lliceom
1117 3767 1198 3838 Vari
1227 3767 1287 3838 de-

205 3893 403 3978 scendisse,
425 3901 462 3963 et
479 3893 548 3966 iam
567 3895 634 3966 late
651 3893 753 3988 vagis
773 3891 1025 3968 excursoribus
1046 3892 1192 3964 fractum
1211 3889 1286 3962 iter.

204 4013 372 4086 Fabulam
393 4015 545 4110 primum
567 4017 612 4088 ab
631 4016 934 4110 indulgentissimo
954 4023 1051 4107 patre
1078 4012 1191 4084 fictam
1214 4033 1289 4084 cre-

205 4135 293 4223 didi,
317 4160 388 4230 qna
409 4160 465 4210 mc
486 4138 532 4212 ab
552 4138 701 4233 incoepto
721 4139 924 4212 retraheret.
948 4138 1012 4210 Est
1029 4137 1121 4210 enim
1140 4156 1288 4228 maguus
