2958 4804
341 385 435 434 urens
456 383 961 444 oulnrusnnoruus-nusronn
983 387 1029 460 ν.λ
1157 375 1217 440 295

114 532 231 594 nocte
261 530 453 618 pugnatum
475 543 554 593 oum
576 523 675 606 fretu,
698 544 777 594 cum
799 534 920 604 vento,
942 545 1020 595 cum
1043 511 1215 598 hostibus.

116 644 212 716 Tres
238 643 288 716 ab
308 644 459 717 adverso
480 642 588 728 acies,
611 656 646 716 et
665 642 700 713 in
722 663 828 714 unum
850 653 979 716 coactae
999 645 1043 718 de
1064 647 1216 720 diversis
1258 655 1261 664 ’

117 767 304 840 tractibus
317 777 389 840 tres
402 766 686 838 disiunctissimae
706 767 875 838 nationes.
890 769 929 838 ln
942 767 1058 840 medio
1070 769 1217 842 lanuen-

119 891 221 963 sium
246 892 322 962 sola
343 891 467 972 virtue,
489 890 561 961 sola
578 889 802 961 lanuensium
819 890 966 962 fortuna.
982 891 1083 964 Etde
1096 901 1215 964 exter·
1307 975 1310 980 y

4 1073 5 1076 ,
118 1016 177 1086 nin
200 1013 350 1110 quidem
372 1012 533 1085 hostibus
566 1033 635 1085 non
668 1013 779 1086 doleo.
805 1013 897 1098 Quid
918 1013 1011 1086 enim
1038 1013 1216 1089 laboribus

119 1136 256 1208 italicis
276 1157 341 1208 sua
355 1137 422 1206 tela
440 1134 661 1229 permiscent,
676 1137 800 1206 venale
815 1156 928 1226 genus
942 1157 983 1208 ao
996 1136 1215 1228 foedllragum

121 1266 159 1328 et
181 1259 356 1342 insolens
378 1277 467 1349 quos
492 1257 527 1327 in
553 1257 777 1350 longinquam
799 1257 1040 1351 infelicemque
1060 1257 1215 1331 militiam

123 1402 299 1454 nummus
319 1381 474 1474 impellit,
497 1379 678 1452 nobiscum
698 1378 896 1450 solemniter
916 1389 1102 1454 contraolae
1121 1381 1216 1477 pacis

124 1502 380 1576 immemores?
400 1503 584 1588 Quamvis,
607 1511 647 1574 ut
665 1523 790 1573 verum
811 1503 933 1587 fatear,
960 1505 1164 1578 calamitoso
1182 1515 1217 1578 et

44 1657 46 1660 ·
124 1627 264 1700 misero
285 1629 420 1722 popello
441 1625 677 1704 misericordia
697 1624 880 1697 debeatur:
901 1626 1115 1722 principibus
1135 1647 1218 1698 suc-

125 1747 359 1832 censendum,
383 1747 444 1841 qui
465 1747 605 1840 infando
630 1757 666 1818 et
691 1747 880 1821 inhumano
905 1749 1113 1822 commercio
1136 1769 1217 1820 san-

127 1874 273 1964 guinem
309 1893 385 1943 suae
415 1871 528 1963 gentis
556 1891 666 1963 parva
694 1871 840 1964 pecunia
860 1871 1102 1944 vendiderunt.
1124 1871 1215 1956 Quin

128 2003 164 2066 et
190 1994 238 2066 de
272 1993 452 2066 fallacibus
484 2004 589 2086 atque
623 1992 792 2064 inertibus
822 1994 999 2084 graeculls,
1022 2005 1058 2065 el
1088 2016 1150 2088 per
1178 2017 1216 2065 se

128 2118 266 2209 grande
287 2116 372 2188 nihil
392 2115 546 2200 ausuriS,
570 2136 640 2187 non
660 2116 765 2188 modo
789 2136 859 2187 non
883 2115 999 2198 dole0‚
1023 2115 1087 2186 sed
1111 2115 1216 2186 valde

129 2241 285 2332 gaudeo,
308 2250 344 2312 et
363 2241 489 2311 insame
509 2239 593 2311 illud
614 2237 797 2334 imperium
825 2237 1016 2329 sedemque
1042 2237 1133 2307 illam
1160 2257 1216 2326 er-

130 2387 249 2436 rorum
271 2363 402 2436 vestris
425 2360 585 2434 manibus
606 2381 770 2438 eversum
792 2359 831 2432 iri
853 2359 970 2451 cupio,
991 2358 1022 2430 si
1042 2360 1131 2432 sorte
1150 2379 1216 2431 vos

131 2486 338 2558 iniuriarum
354 2483 512 2556 vindices
527 2484 688 2555 Christus
705 2483 824 2574 elegit,
843 2493 879 2554 et
893 2482 983 2554 hano
1001 2505 1021 2554 a
1039 2482 1152 2569 vobis,
1172 2482 1217 2554 ab

131 2608 225 2678 omni
247 2606 348 2701 plebe
369 2605 538 2680 catholica
563 2608 652 2678 male
679 2606 835 2688 dilatam,
858 2605 1010 2698 reposcit
1036 2606 1213 2678 ultionem.

132 2729 227 2803 ltalis
249 2738 365 2800 autem
387 2729 515 2802 nostris
537 2751 608 2802 uno
627 2728 671 2800 de
692 2728 797 2800 eorde
817 2727 1020 2820 comparium
1045 2727 1106 2819 qui
1133 2727 1214 2798 mihi
1313 2741 1315 2745 ·

112 2852 266 2926 -utinam
287 2850 434 2924 fideliter
454 2852 653 2925 admonenti
666 2851 701 2922 in
715 2859 870 2946 tempore
888 2849 1130 2922 credidissent.
1145 2849 1215 2921 Sed

132 2976 197 3048 oh!
222 2974 351 3059 adhuc,
380 2974 530 3068 siquod
556 2978 667 3070 palam
696 2976 758 3046 vin
780 2984 903 3068 optare
929 2973 1056 3056 audeo,
1079 2972 1215 3044 coelitus

132 3096 291 3193 inspirati
326 3108 473 3189 uterque
502 3097 678 3191 coeperitis
709 3083 911 3170 meminisse
935 3117 1001 3168 vos
1028 3097 1152 3181 Italos
1179 3107 1216 3168 et

132 3220 243 3292 luisse
265 3220 395 3293 amieos
414 3230 449 3291 et
468 3239 550 3292 esse
570 3241 689 3314 posse,
714 3220 885 3313 vobisque
906 3241 975 3291 non
996 3221 1041 3292 de
1062 3203 1216 3314 copitali-

132 3341 200 3415 bus
227 3342 383 3425 offensis,
414 3342 489 3427 sed,
517 3343 612 3435 quod
638 3343 811 3436 peculiare
840 3363 977 3432 semper
1001 3340 1212 3432 potentibus,

134 3487 409 3561 supremumque
442 3465 571 3558 pariter
590 3465 790 3560 petentibus
824 3464 952 3545 locum,
984 3459 1049 3532 fuit
1081 3460 1216 3553 eritque

133 3596 311 3682 sumptum
330 3588 376 3660 de
396 3589 507 3680 gloria
523 3597 559 3660 et
576 3586 817 3682 superioritale
834 3593 1025 3666 certamen,
1046 3593 1151 3676 atque
1168 3583 1216 3654 ita

133 3717 291 3804 repente,
311 3709 492 3782 concitatis
514 3709 656 3794 animle,
670 3708 715 3780 ab
733 3708 798 3780 hoe
816 3707 929 3780 italico
943 3716 978 3777 et
992 3705 1108 3778 sociali
1126 3705 1216 3778 bello

132 3833 177 3906 ad
195 3842 343 3904 externa
364 3831 541 3916 conversi,
564 3832 738 3904 adversus
759 3828 885 3903 infidos
912 3829 1135 3921 instigatores
1162 3829 1214 3898 ul-

133 3952 231 4028 tricia
252 3955 357 4026 simul
378 3975 474 4026 arma
495 3954 654 4039 vertatis,
674 3964 709 4025 et
726 3953 792 4024 illis
809 3954 914 4036 lerro,
933 3954 1070 4044 laqueo,
1094 3951 1216 4042 pelago

133 4075 345 4170 absumptis,
369 4077 462 4170 quod
483 4088 657 4149 momento
683 4076 846 4170 temporis
874 4073 947 4146 fieri
975 4081 1104 4168 potest,
1133 4094 1216 4145 mox

133 4196 392 4292 expeditionem
408 4196 498 4292 piam
513 4197 558 4269 ad
572 4195 810 4270 liberationem
828 4195 945 4268 Tenue
959 4195 1094 4268 Sanclae
1112 4204 1216 4288 atque
