2988 4800
427 464 520 515 ursus
536 463 904 516 cccmus-ammons
927 465 956 513 v.
1174 451 1225 514 101

150 600 292 692 regione
305 598 599 673 dissimilitudinis
614 597 683 696 (sic)
697 600 743 672 ob
756 610 928 672 errantem
942 597 987 672 de
999 598 1151 673 tenebris
1161 601 1229 674 tuis

149 721 191 793 ad
204 723 321 794 lucem
339 742 440 794 suam
457 743 621 828 revocare
637 721 802 816 dignatus
821 732 886 795 est.
904 723 944 793 ln
960 743 1029 816 qua
1046 744 1130 796 vere
1147 721 1230 794 felix

149 852 183 914 et
202 844 305 917 ialsae
325 866 367 916 ac
386 843 551 938 periturae
570 843 741 916 felicitatis
759 843 1062 918 constantissimus
1083 855 1227 940 spretor,

151 968 334 1061 nostrique
353 989 423 1040 non
444 967 623 1040 immemor
643 968 678 1039 in
698 967 913 1041 orationibus
938 966 1024 1053 tuis,
1051 967 1133 1039 vive
1153 968 1230 1040 dul-

149 1090 291 1162 cissime
311 1093 429 1175 frater,
452 1101 488 1162 et
507 1091 596 1163 vale.

294 1240 336 1296 111
351 1240 418 1297 Idus
432 1239 525 1297 lunias
537 1241 567 1298 in
582 1241 739 1298 solitudine.

574 1720 751 1787 EPISTOLA
772 1723 816 1787 Vl.

156 1919 348 1970 saruclsclls
369 1919 539 1971 PETRARCA
560 1922 692 1974 lonarllll
712 1925 865 1976 Episcopo
882 1927 1231 1980 consummassem

192 2113 233 2170 De
247 2113 381 2171 laudibus
396 2113 449 2170 sibi
463 2114 602 2170 immerito
617 2113 727 2170 tributis
741 2114 875 2169 maximas
888 2120 978 2186 grates
993 2115 1063 2186 agit:
1079 2115 1193 2188 eiusque

265 2204 455 2278 eloquentiam
469 2209 497 2260 et
510 2203 675 2276 elegantiam
689 2204 827 2260 scribendi
840 2203 927 2259 effuse
940 2204 1124 2260 commendat.

253 2443 299 2516 Et
317 2453 448 2537 quanto
474 2453 576 2536 putas
599 2443 727 2536 gaudio
746 2451 891 2516 evectus
913 2442 978 2514 sim
997 2441 1129 2516 litteras
1155 2452 1233 2516 tuas

155 2569 288 2660 legens,
301 2574 538 2660 quantumque
550 2575 678 2661 praeter
691 2566 828 2639 solitum
842 2564 926 2637 mihi
939 2566 1014 2658 ipse
1025 2566 1235 2659 placuerim?

157 2688 259 2761 Sensi
278 2687 371 2760 enim
391 2691 746 2782 quantulumcumque
770 2709 887 2761 meum
907 2708 1034 2760 nomen
1059 2689 1126 2761 iam
1146 2687 1236 2760 nim-

157 2810 257 2883 bosae
278 2809 375 2906 Alpis
397 2809 654 2883 transcendisse
674 2811 867 2896 cacumina,
890 2818 925 2882 et
945 2832 1007 2905 per
1026 2832 1088 2884 ora
1104 2809 1235 2884 doctis-

159 2935 326 3006 simorum
355 2931 534 3005 hominum
561 2936 720 3027 coeloque
750 2933 897 3006 volitare
926 2932 1137 3026 germanico.
1159 2933 1235 3006 Non

159 3057 286 3142 merui,
308 3057 432 3141 fateor,
448 3055 512 3127 sed
529 3055 564 3126 in
583 3066 766 3150 utramque
783 3065 915 3150 partem
933 3059 1051 3142 multa,
1073 3057 1152 3129 licet
1172 3057 1236 3130 im-

159 3179 307 3266 meritis,
320 3180 495 3252 eveniunt.
513 3178 682 3262 Quamvis
703 3189 818 3250 autem
839 3179 940 3252 inane
959 3179 1133 3275 quoddam
1150 3202 1237 3253 ven·
1352 3273 1353 3278 Ἰ

159 3313 265 3396 toque
291 3301 501 3375 simillimum
529 3301 574 3374 sit
598 3302 719 3394 gloria,
748 3301 847 3374 dulce
872 3313 988 3376 tamen
1013 3303 1132 3376 nescio
1152 3304 1239 3398 quid

159 3425 266 3511 inest,
290 3426 385 3519 quod
405 3447 551 3518 magnos
570 3425 675 3498 etiam
696 3425 830 3496 animos
856 3426 966 3520 possit
985 3428 1131 3500 allicere.
1152 3423 1238 3497 Am-

160 3551 292 3645 plector
309 3547 416 3639 igitur
430 3557 560 3619 sortem
573 3570 696 3634 meam,
711 3556 746 3618 et
759 3547 910 3620 oblatam
927 3548 1012 3620 mihi
1027 3549 1238 3622 benevolen-

162 3671 246 3744 tiam
272 3669 357 3742 tanti
383 3671 450 3741 viri
470 3671 720 3764 gloriabundus
740 3669 886 3764 excipio.
913 3671 962 3742 Tu
989 3672 1143 3766 quidem,
1170 3671 1237 3744 etsi

162 3795 282 3886 procul
303 3792 349 3866 ab
373 3793 457 3865 orbe
484 3813 627 3865 romano
652 3793 803 3885 genitus,
832 3775 975 3864 romano
1000 3802 1116 3864 autem
1137 3791 1239 3864 innu-

164 3913 268 3986 tritus
287 3914 440 4006 eloquio,
462 3913 577 3986 latinae
597 3913 681 3984 mihi
702 3913 933 3985 clarissimum
959 3912 1059 3984 iubar
1083 3913 1180 3986 vocis
1203 3924 1239 3987 et

162 4033 364 4128 pervalidos
389 4057 518 4108 nervos
539 4039 664 4120 refers,
691 4046 888 4129 quantoque
915 4033 975 4106 tibi
1000 4035 1132 4108 videris
1153 4036 1206 4109 inf
1224 4080 1240 4091 -

164 4159 249 4245 rior,
272 4168 369 4232 tanto
396 4159 554 4253 superior
579 4181 727 4254 appares
752 4159 859 4232 oculis
886 4170 981 4232 recta
1005 4159 1238 4234 cernentibus.

163 4282 262 4356 Facis
283 4292 324 4354 ut
343 4281 438 4375 quod
458 4282 505 4355 de
521 4281 616 4358 ltalia
635 4281 764 4356 dictum
787 4293 854 4369 est,
878 4284 944 4357 iam
965 4285 1067 4379 plane
1091 4285 1135 4358 de
1154 4285 1240 4356 Ger-
