3078 4798
263 313 322 375 350
599 325 640 372 ns
662 323 762 372 nunus
785 323 1007 372 stutultntuus

263 443 401 556 qnoque
423 457 483 530 tibi
503 457 661 552 piscatus
681 480 770 530 sum.
794 461 928 530 Caetera
947 466 1062 530 tamen
1081 460 1129 533 ita
1147 460 1292 532 veniunt
1309 472 1347 532 nt

263 585 356 678 apud
378 593 412 655 te
432 591 617 664 maneant3
637 581 716 652 haec
736 583 835 654 venit
859 591 897 652 nt
923 581 1056 666 redeat,
1079 602 1195 675 neque
1213 580 1346 658 diutius

264 729 368 801 quam
390 717 429 779 ut
448 709 567 778 oeulos
590 714 669 776 tuos
691 707 799 776 semel
820 703 1030 798 impleverit,
1053 715 1167 778 tecum
1194 705 1249 778 sit.
1271 706 1347 778 Seis

263 829 521 921 causamlquia
535 826 666 899 veritas
679 826 798 899 odium
812 826 911 920 parit.
924 825 1027 911 Quod
1040 825 1070 898 si
1083 827 1151 900 iam
1166 837 1248 902 tunc
1260 837 1347 900 tem-

264 973 347 1046 pore
369 949 518 1023 Terentii
541 972 665 1040 vernm
691 958 780 1035 erat,
803 948 887 1042 qnid
912 948 1017 1022 hodie
1037 948 1242 1024 arbitraris?
1264 951 1346 1024 Per-

264 1078 341 1167 lege
361 1095 446 1166 ergo
473 1071 502 1144 si
527 1072 622 1156 libet,
650 1071 755 1165 idque
783 1071 975 1143 secretius:
1003 1093 1044 1143 ao
1064 1072 1216 1157 remitte,
1237 1071 1347 1169 donec

265 1198 416 1270 sciamus
437 1196 521 1290 quid
542 1199 674 1271 mundo
693 1199 788 1268 Deus
809 1203 871 1268 ant
889 1197 1027 1268 fortuna
1047 1195 1233 1290 paraverit.
1253 1197 1347 1270 'luno

264 1318 540 1392 consultabimus
560 1320 647 1413 quid
666 1321 749 1392 huic
773 1318 834 1390 liat
853 1319 1025 1414 epistolae,
1045 1341 1091 1390 an
1116 1317 1278 1391 donanda
1303 1319 1348 1392 sit

264 1441 422 1526 flammis,
433 1465 477 1514 an
491 1441 669 1515 sororibus
688 1442 931 1516 adscribenda.
949 1442 1088 1514 Interim
1108 1440 1204 1526 scito,
1219 1449 1254 1513 et
1266 1441 1345 1514 hinc

264 1562 370 1638 lidem
389 1564 512 1636 metire
525 1586 655 1649 meam,
674 1563 778 1636 nullis
797 1587 852 1638 me
869 1567 979 1638 oculis
992 1566 1083 1638 banc
1095 1565 1172 1639 aliis
1186 1575 1347 1640 ostenso-

266 1708 343 1757 rum
365 1687 473 1758 fuisse
492 1708 598 1778 quam
621 1686 701 1758 tuis.
722 1687 820 1772 Vale,
843 1688 952 1760 decus
972 1709 1100 1760 meum.

407 1831 451 1886 Ad
469 1830 586 1886 Fontem
604 1832 717 1903 Sorgiaa.
737 1833 802 1888 XIX
821 1833 961 1890 Kalendas
979 1834 1116 1904 Ianuarii,
1133 1834 1242 1890 silentio
1260 1835 1347 1890 noctis

478 1921 659 1993 intempestae.

675 2399 855 2465 spissata
874 2399 943 2466 lllll.

316 2613 510 2664 ratucrscus
530 2613 700 2664 rsrnnnca
722 2613 867 2664 ruturrro
887 2613 1041 2666 urrscoro
1063 2615 1293 2694 onvnnnrosrtsr

615 2705 623 2736 l
747 2720 773 2768 S.
795 2721 823 2769 r.
845 2721 875 2770 n.

400 2912 566 2986 Epistulam,
583 2927 646 2983 qua
659 2925 731 2982 pone
746 2916 803 2980 est,
818 2911 964 2982 legendam
980 2913 1015 2968 ud
1028 2913 1108 2970 illum
1123 2913 1216 2968 mittit.

364 3176 490 3250 Tribus
516 3177 690 3250 hesternis
716 3179 933 3253 munusculis
959 3189 1122 3274 quartum
1157 3178 1285 3253 addere
1313 3179 1348 3252 in

265 3279 543 3373 animum'venit.
562 3299 697 3394 Legisti
713 3301 965 3395 conoscimque
986 3302 1071 3374 mihi
1093 3301 1260 3373 remisisti
1276 3301 1349 3394 epi-

267 3425 389 3496 stolam
408 3423 500 3496 illam
529 3421 589 3494 tibi
610 3424 839 3520 conscriptam
856 3445 899 3496 eo
916 3424 1011 3518 quod
1028 3435 1061 3497 te
1082 3423 1268 3519 capitalem
1288 3423 1350 3493 ho

267 3555 357 3616 stem
378 3543 542 3618 vitiorum
571 3544 744 3622 noverim,
770 3561 877 3638 quum
903 3545 1043 3639 quidem
1066 3545 1170 3616 valde
1195 3543 1257 3616 tibi
1277 3545 1350 3640 pla-

265 3667 381 3740 cuisse
392 3667 670 3760 gaudeoltaque
685 3667 769 3738 mihi
783 3667 850 3762 ipsi
862 3669 1059 3740 testimonio
1070 3679 1130 3741 tuo
1142 3665 1351 3762 probabilior

267 3812 308 3862 ac
327 3790 459 3882 gratior
479 3792 568 3862 sacta
588 3800 653 3860 est.
674 3789 774 3861 Nunc
794 3789 854 3862 tibi
876 3790 979 3864 aliam
1004 3790 1102 3863 mitto
1120 3811 1230 3884 quam
1251 3789 1351 3860 Claro

266 3914 441 3988 Paduanac
459 3914 627 3986 Ecclesiae
643 3913 781 4000 dictavi,
800 3936 906 4010 super
923 3914 1073 3987 transitu
1092 3934 1203 3986 sacrae
1220 3934 1352 3984 memo-

252 4035 328 4105 ¹rica
345 4036 578 4109 ildebrandini
597 4037 768 4132 Episcopi,
788 4061 893 4131 quem
913 4048 947 4109 m
962 4037 1114 4112 sciebam
1132 4037 1277 4109 laudare
1294 4055 1352 4108 so-

266 4153 363 4224 litum
384 4167 419 4226 et
439 4157 568 4243 mirari,
583 4180 798 4251 quamquam
813 4160 898 4253 ipse,
921 4182 975 4232 me
992 4158 1112 4244 iudice,
1127 4179 1268 4231 omnem
1285 4157 1352 4226 hu-
