3062 4798
356 365 455 450 ¹mnmr
476 401 994 452 snrrruusoscruus-musrota
1015 401 1057 450 ur.
1189 386 1245 449 mr

151 538 229 609 imo
253 558 345 608 vero
361 534 486 608 accidit
504 537 600 629 quod
618 537 679 608 vix
702 538 866 629 possibile
886 537 1249 610 arbitrabarlanuen-

153 661 254 732 sium
278 661 429 732 classem
451 661 631 751 profugam
653 681 749 730 mare
772 659 858 731 vidit
881 670 917 732 et
942 662 1083 754 stupuit.
1111 661 1205 730 Nam.
1219 660 1248 730 si

153 783 294 854 raritas
319 781 522 853 miraculum
548 782 645 865 facit,
675 783 759 875 quid
786 782 899 854 rarius
926 805 1029 876 quam
1058 785 1248 855 lanuenses

153 906 191 976 in
211 907 344 999 pelago
358 905 449 976 iusta
462 905 535 976 acie
553 905 667 977 vinci?
681 906 850 990 Quamvis
868 929 933 978 nec
946 906 1039 978 iusta
1060 905 1164 988 acies,
1184 927 1249 976 nec

152 1049 223 1120 par
240 1027 383 1112 elassis
407 1027 470 1099 sed
487 1028 694 1100 auxiliorum
717 1029 853 1100 illuvies
875 1040 1110 1113 externorum,
1126 1029 1250 1120 etplu-

153 1171 216 1220 res
226 1148 408 1220 adversus
423 1171 527 1221 unam
542 1160 675 1242 gentes,
691 1160 727 1220 et
738 1151 913 1222 exercitus
927 1149 1007 1224 inde
1019 1151 1247 1233 numerosior,

155 1284 192 1346 et
213 1295 301 1345 cum
320 1272 437 1344 ventis
454 1283 559 1365 atque
573 1273 733 1346 hostibus
751 1296 897 1369 prorsus
919 1295 987 1345 nou
1018 1273 1250 1367 aequo.Marte

153 1407 336 1468 certatum
356 1404 421 1466 est.
442 1395 512 1467 Neo
532 1406 647 1467 tamen
678 1396 756 1468 ideo
789 1397 907 1468 mirari
933 1396 1071 1477 desino,
1100 1404 1160 1466 aut
1185 1417 1250 1466 un-

155 1540 271 1610 quam
292 1516 463 1602 desinam,
486 1517 571 1590 dum
590 1519 781 1591 meminero
802 1518 847 1589 ab
868 1540 1015 1590 avorum
1034 1516 1249 1609 temporibus

155 1663 230 1712 non
259 1640 433 1724 auditum,
457 1641 540 1733 quin
561 1640 726 1733 quaelibet
752 1641 842 1712 bella
870 1640 1055 1724 maritima,
1084 1640 1163 1710 licet
1184 1639 1276 1729 imp

155 1786 223 1856 par
245 1783 393 1836 numero
406 1763 626 1835 lauuensium
646 1764 767 1848 virtus,
786 1773 820 1834 et
842 1773 1028 1858 conspecta
1046 1763 1137 1834 illius
1154 1762 1249 1842 urbis

157 1888 268 1980 signa
284 1887 503 1959 confecerint.
526 1885 593 1958 Sed
614 1887 697 1979 quid
719 1889 850 1980 loquor,
874 1896 934 1959 aut
954 1887 1013 1958 ubi
1029 1908 1124 1970 sum,
1145 1895 1183 1958 ut
1203 1886 1251 1958 ait

157 2010 244 2082 ille?
267 2011 349 2080 Haec
367 2011 515 2080 fortunae
537 2007 635 2078 solita
657 2007 746 2078 fides
771 2016 835 2079 est.
855 2010 892 2078 ln
920 2008 1021 2078 terris
1049 2009 1154 2078 vitam
1177 2006 1251 2097 agi-

157 2106 257 2210 mus,
281 2130 341 2202 ubi
363 2131 456 2201 nulla
490 2151 641 2221 unquam
676 2129 740 2200 fuit
760 2132 873 2220 longa
894 2130 1128 2222 prosperitas,
1156 2131 1249 2200 nulla

157 2255 239 2327 erit.
269 2254 409 2324 Somnia
435 2261 517 2323 sunt
542 2273 623 2345 quae
648 2274 712 2323 nos
743 2255 843 2324 laetos
877 2251 1006 2322 faciunt
1032 2274 1073 2323 ao
1091 2260 1248 2323 moestos.

158 2374 385 2447 Somniantes
407 2377 501 2446 Deus
531 2375 672 2446 excitat.
706 2373 834 2446 ludioia
857 2374 933 2444 eius
955 2372 1107 2468 abyssus
1131 2374 1248 2458 multa,

158 2497 388 2570 consiliorum
411 2497 487 2567 eius
511 2495 644 2568 infinita
665 2493 895 2591 profunditas
923 2492 1178 2564 inaestimabilis
1201 2495 1250 2564 al-

160 2620 287 2694 titudo.
321 2619 480 2692 Forsitan
515 2619 565 2690 sic
598 2617 807 2712 expediebat
841 2616 1052 2700 insolentiae,
1082 2626 1117 2688 ut
1144 2636 1249 2706 quam

161 2743 379 2839 prosperitas
407 2742 498 2835 iugis
523 2744 672 2824 aluerat,
708 2740 904 2813 adversitas
942 2737 1082 2833 inopina
1113 2757 1252 2828 compe-

163 2876 292 2938 sceret.
311 2864 420 2957 Longi
443 2885 538 2959 saepe
558 2866 694 2958 culpam
714 2865 880 2956 temporis
898 2863 1018 2936 brevis
1039 2862 1125 2932 bora
1146 2858 1251 2931 casti-

162 2998 223 3078 gat
242 2998 281 3060 ut
301 2988 384 3058 nihil
405 2987 510 3059 aliud.
531 2986 631 3059 Utilis
653 3009 749 3083 saepe
774 2986 932 3060 felicibus
958 2985 1021 3058 fuit
1037 2982 1248 3066 adversitas

162 3134 235 3204 qua
257 3119 482 3182 monerentur
502 3132 583 3184 esse
605 3110 805 3204 sequidem
826 3099 1034 3193 fortunatos,
1056 3107 1118 3179 sed
1144 3107 1250 3178 fortu-

164 3256 224 3306 nae
243 3231 386 3325 imperio
403 3251 472 3301 non
494 3243 687 3325 exemptos.
706 3231 857 3304 Africani
884 3231 1030 3302 verbum
1057 3240 1113 3302 est
1141 3253 1162 3302 a
1186 3231 1251 3300 Pa-

164 3355 272 3428 naetio
293 3355 455 3436 relatum,
478 3373 500 3422 a
520 3352 684 3424 Cicerone
713 3362 828 3426 autem
854 3352 1046 3423 officiorum
1072 3351 1168 3421 libris
1199 3351 1250 3420 in-

167 3488 316 3550 sertum:
340 3485 378 3547 ut
402 3476 483 3570 equi
509 3482 650 3569 propter
676 3474 818 3546 crebras
848 3473 1087 3570 contentiones
1113 3471 1251 3564 praelio-

168 3623 246 3672 rum
283 3599 460 3672 ferooitate
505 3601 704 3672 exultantes
740 3597 969 3672 domitoribus
1010 3595 1099 3667 tradi
1140 3596 1251 3667 solent

169 3731 208 3793 ut
233 3722 275 3794 iis
312 3721 524 3794 facilioribus
556 3723 692 3815 possint
716 3723 780 3806 uti,
811 3721 861 3793 sie
896 3719 1054 3790 homines
1088 3715 1250 3790 secundis

170 3845 275 3917 rebus
312 3845 510 3918 effraenatos
556 3845 692 3940 sibique
733 3842 977 3940 praefidentes,
1013 3851 1177 3936 tanquam
1215 3838 1250 3910 in

171 3987 297 4062 gyrum
319 3967 461 4040 rationis
487 3978 523 4039 et
548 3968 714 4039 doctrinae
747 3965 826 4040 duci
852 3973 1026 4061 oportere,
1056 3970 1093 4035 ut
1117 3959 1251 4056 perspi-

170 4103 289 4164 cerent
315 4113 430 4164 rerum
462 4091 691 4164 humanarum
724 4089 990 4162 imbecillitatem
1030 4087 1251 4160 varietatem.
1314 4092 1332 4107 '·

171 4233 238 4301 que
262 4214 420 4286 fortunae.
459 4216 560 4300 Quod
591 4215 675 4308 quid
707 4225 761 4288 est
786 4214 881 4286 aliud
906 4212 999 4285 dictu
1026 4233 1129 4305 quam
1157 4205 1251 4301 quod
