3002 4794
446 361 539 410 trouu
559 360 704 412 nucleus,
720 365 923 415 -urrsrouu
944 369 988 416 ιιι.
1172 381 1176 388 ·
1223 355 1261 414 tu

172 503 316 579 tractas,
343 504 379 566 et
404 494 461 564 iiia
484 501 664 581 retractas,
688 497 772 591 quid
794 499 915 570 sinitis
938 499 1007 571 sint
1027 501 1260 572 cantiunculas

170 619 307 701 inanes,
330 617 430 687 falsis
455 625 491 687 et
511 617 684 690 obseoenis
711 621 989 692 mutiemutarnm
1016 622 1179 696 laudibus
1205 645 1261 696 re·

170 741 282 823 sertae,
316 739 409 835 turpi
436 749 473 810 et
502 749 619 832 aperta
640 763 719 812 cum
746 743 965 818 consessione
995 745 1146 827 eonsilii3
1173 747 1259 839 quid

172 863 286 934 simile
311 861 440 934 habent
472 865 601 936 divinis
633 864 796 936 laudibus
829 874 865 936 et
893 865 1003 936 sacris
1025 866 1200 951 excubiis,
1223 868 1259 940 in

171 985 302 1078 quibus
324 987 428 1058 modo
449 1009 510 1080 per
527 987 658 1060 moenia
678 997 714 1058 et
730 989 991 1081 propugnacula
1016 985 1168 1060 civitatis
1194 991 1257 1064 Dei

172 1108 259 1178 mira
281 1105 498 1180 ordinatione
518 1105 677 1202 dispositi
700 1107 828 1180 Christi
846 1105 983 1201 vigiles
998 1109 1173 1182 adversus
1193 1132 1257 1182 au·

173 1229 288 1323 tiquas
309 1228 461 1300 hominis
477 1229 623 1303 insidias
645 1231 874 1302 intentissime
900 1231 1133 1324 pernoctatis‘i
1158 1232 1257 1304 Felix

172 1365 205 1426 et
224 1353 402 1426 invidiosa
422 1354 555 1439 militia,
575 1373 806 1447 magnusque,
829 1357 947 1438 fateor,
967 1362 1003 1426 et
1015 1353 1128 1426 durus
1143 1353 1255 1426 tabor:

168 1477 235 1549 'sed
252 1474 374 1547 brevis
395 1485 431 1546 et
455 1485 588 1547 aeterno
613 1476 816 1568 pensandus
847 1476 1000 1567 praemio.
1028 1475 1112 1548 Mihi
1139 1485 1255 1548 autem

172 1599 289 1670 adhue
310 1603 435 1683 restat,
458 1598 503 1670 de
528 1617 598 1691 quo
625 1608 754 1682 tecum,
778 1594 807 1666 si
834 1598 978 1691 pateris,
1010 1599 1104 1670 Deus
1135 1603 1252 1680 meus,

171 1721 368 1813 disceptare
386 1720 503 1792 veiim.
522 1719 614 1803 Quid
634 1728 689 1790 est
713 1718 815 1803 enim,
840 1718 1013 1812 responde
1035 1717 1132 1802 mihi,
1158 1717 1254 1810 quod

170 1865 247 1914 oum
282 1865 351 1934 ego
390 1850 425 1913 et
453 1844 561 1912 frater
590 1861 690 1912 meus
722 1840 862 1932 gemino
886 1841 1011 1932 laqueo
1038 1851 1251 1923 teneremur,

169 1973 359 2056 utrumque
377 1964 550 2036 oonteruit
568 1985 693 2036 manus
714 1972 787 2046 tua,
812 1963 875 2034 sad
902 1985 971 2034 non
1001 1961 1104 2034 ambo
1125 1962 1254 2054 pariter

168 2087 301 2158 liberati
324 2090 468 2158 sumus?
488 2087 547 2157 lite
560 2086 700 2179 quidem
718 2086 893 2168 evolavit3
914 2105 980 2176 ego
998 2087 1092 2156 nulio
1113 2085 1182 2156 iam
1203 2086 1253 2155 ia-

167 2230 257 2302 queo
271 2219 401 2293 tentus,
418 2208 481 2280 sed
498 2209 597 2280 visco
614 2207 876 2281 consuetudinis
895 2207 1060 2301 pessimae
1075 2206 1249 2290 delinitus,

167 2335 239 2404 atas
261 2332 438 2425 explicare
458 2351 609 2424 nequeo,
632 2339 669 2402 et
691 2330 750 2402 ubi
783 2331 922 2402 vinetus
943 2332 1087 2413 fueram,
1116 2331 1251 2402 solutus

166 2451 297 2524 haereo.
316 2451 407 2536 Quid
425 2471 544 2524 causae
563 2461 627 2534 est,
647 2449 714 2522 nisi
734 2449 835 2544 quod,
856 2449 1013 2522 contritis
1030 2451 1105 2544 pari
1119 2451 1250 2524 ratione

167 2575 312 2667 laqueis,
327 2595 549 2666 nequaquam
569 2573 665 2666 quod
685 2573 843 2665 sequitur
862 2595 925 2668 par
950 2575 1028 2658 fuit,
1051 2573 1250 2644 adiutorium

167 2710 316 2768 nostrum
338 2699 375 2766 in
398 2697 530 2768 nornine
550 2697 706 2768 domini?
726 2699 797 2770 Cur
814 2709 929 2770 autem
945 2698 1035 2768 hanc
1045 2698 1248 2771 davidicam

165 2821 385 2902 cantilenam,
412 2827 507 2892 tanto
527 2831 698 2892 conuentu
717 2830 879 2913 creptam,
904 2830 973 2890 tam
995 2819 1140 2892 dissona
1161 2841 1248 2893 voce

164 2942 441 3037 complevimus?
453 2943 555 3014 Nulla
570 2941 634 3012 Dei
647 2943 809 3015 voluntas
824 2941 899 3014 sine
911 2963 1019 3014 eausa
1029 2950 1096 3014 est.
1112 2942 1248 3036 Quippe

160 3085 286 3136 omnes
307 3063 389 3136 inde
409 3064 609 3157 dependant
632 3073 667 3136 et
684 3063 742 3136 illa
768 3063 814 3134 sit
839 3064 993 3136 omnium
1019 3067 1096 3138 fons
1124 3085 1248 3138 causa-

162 3209 252 3256 rum.
274 3188 396 3258 Frater
415 3207 502 3277 ergo
522 3186 586 3288 rite
606 3185 741 3269 cecinit,
763 3193 880 3258 erecto
902 3187 947 3258 ad
967 3189 1094 3260 eoeium
1113 3188 1245 3269 anim03

162 3329 229 3399 ego
267 3317 405 3379 terrena
443 3307 601 3399 cogitans
634 3317 670 3380 et
705 3317 872 3382 curvatus
903 3309 937 3380 iu
972 3317 1122 3392 terrum;
1158 3313 1245 3382 forte

161 3430 393 3503 liberatricem
422 3429 605 3504 dexteram
625 3451 695 3504 non
727 3431 868 3522 agnovi,
902 3434 989 3504 sorte
1020 3432 1065 3504 de
1096 3430 1244 3526 propriis

162 3553 298 3625 viribus
314 3553 468 3648 speravi3
488 3563 548 3625 aut
560 3554 626 3625 hoo
640 3561 699 3626 aut
712 3553 796 3626 iilud
808 3575 927 3627 oausae
940 3555 1005 3626 fuit
1016 3577 1087 3638 eur,
1103 3555 1245 3626 effracto

161 3677 296 3769 laqueo,
318 3697 387 3746 non
409 3655 486 3748 sum
506 3677 603 3749 iiber.
625 3679 857 3764 misereberis,
879 3678 1034 3760 Domine,
1058 3685 1096 3746 ut
1115 3677 1244 3766 dignus

162 3793 228 3866 sim
249 3797 306 3867 eui
327 3795 474 3888 amplius
501 3797 709 3870 miserearis.
736 3799 816 3870 Sine
841 3797 933 3868 enim
960 3797 1112 3886 grutuita
1137 3796 1243 3867 mise-

162 3915 310 3988 ricordia
331 3928 403 4002 tua,
432 3919 628 3993 nullatenus
653 3929 768 4013 potest
792 3920 944 3989 humana
971 3916 1111 3988 miseria
1137 3917 1242 3988 mise-

160 4038 344 4112 ricordiam
377 4041 579 4134 promereri.
612 4042 712 4114 Nunc
741 4042 785 4114 ad
819 4049 876 4124 te,
908 4040 1035 4121 irater,
1061 4040 1182 4124 redeo,
1205 4049 1241 4110 et

162 4161 293 4234 sensim
328 4161 372 4234 ad
401 4163 564 4254 graviora
593 4164 806 4247 conscendo,
843 4173 880 4234 ut
902 4161 1072 4253 gradatim
1108 4157 1149 4234 te'
1177 4160 1236 4233 tibi
