<?xml version="1.0" encoding="UTF-8"?>
<!DOCTYPE html PUBLIC "-//W3C//DTD XHTML 1.0 Transitional//EN"
    "http://www.w3.org/TR/xhtml1/DTD/xhtml1-transitional.dtd">
<html xmlns="http://www.w3.org/1999/xhtml" xml:lang="en" lang="en">
 <head>
  <title>
</title>
<meta http-equiv="Content-Type" content="text/html;charset=utf-8" />
  <meta name='ocr-system' content='tesseract 3.04.00' />
  <meta name='ocr-capabilities' content='ocr_page ocr_carea ocr_par ocr_line ocrx_word'/>
</head>
<body>
  <div class='ocr_page' id='page_1' title='image "./franciscipetrar01fracgoog_0243.png"; bbox 0 0 2958 4804; ppageno 0'>
   <div class='ocr_carea' id='block_1_1' title="bbox 250 312 992 380">
    <p class='ocr_par' dir='ltr' id='par_1_1' title="bbox 250 312 992 380">
     <span class='ocr_line' id='line_1_1' title="bbox 250 312 992 380; baseline -0.003 -8"><span class='ocrx_word' id='word_1_1' title='bbox 250 312 308 380; x_wconf 60' lang='lat'>0232</span> <span class='ocrx_word' id='word_1_2' title='bbox 587 323 627 372; x_wconf 82' lang='lat' dir='ltr'>nn·</span> <span class='ocrx_word' id='word_1_3' title='bbox 649 323 749 372; x_wconf 81' lang='lat' dir='ltr'>nanus</span> <span class='ocrx_word' id='word_1_4' title='bbox 771 323 992 372; x_wconf 81' lang='lat' dir='ltr'>rnnrnmnmus</span> 
     </span>
    </p>
   </div>
   <div class='ocr_carea' id='block_1_2' title="bbox 194 457 1332 4229">
    <p class='ocr_par' dir='ltr' id='par_1_2' title="bbox 194 457 1332 4229">
     <span class='ocr_line' id='line_1_2' title="bbox 249 457 1321 552; baseline -0.004 -21"><span class='ocrx_word' id='word_1_5' title='bbox 249 461 350 531; x_wconf 88' lang='lat' dir='ltr'>altior</span> <span class='ocrx_word' id='word_1_6' title='bbox 369 459 470 530; x_wconf 89' lang='lat' dir='ltr'>visus</span> <span class='ocrx_word' id='word_1_7' title='bbox 492 458 557 528; x_wconf 90' lang='lat' dir='ltr'>sim</span> <span class='ocrx_word' id='word_1_8' title='bbox 579 480 683 550; x_wconf 90' lang='lat' dir='ltr'>quarn</span> <span class='ocrx_word' id='word_1_9' title='bbox 701 457 761 551; x_wconf 90' lang='lat' dir='ltr'>qui</span> <span class='ocrx_word' id='word_1_10' title='bbox 778 457 890 530; x_wconf 87' lang='lat' dir='ltr'>videri</span> <span class='ocrx_word' id='word_1_11' title='bbox 910 459 1042 551; x_wconf 90' lang='lat' dir='ltr'>possim</span> <span class='ocrx_word' id='word_1_12' title='bbox 1059 458 1104 529; x_wconf 89' lang='lat' dir='ltr'>ab</span> <span class='ocrx_word' id='word_1_13' title='bbox 1122 459 1163 530; x_wconf 91' lang='lat' dir='ltr'>iis</span> <span class='ocrx_word' id='word_1_14' title='bbox 1180 460 1240 552; x_wconf 91' lang='lat' dir='ltr'>qui</span> <span class='ocrx_word' id='word_1_15' title='bbox 1259 459 1321 529; x_wconf 88' lang='lat' dir='ltr'>sibi</span> 
     </span>
     <span class='ocr_line' id='line_1_3' title="bbox 249 579 1323 665; baseline -0.003 -12"><span class='ocrx_word' id='word_1_16' title='bbox 249 585 435 656; x_wconf 88' lang='lat' dir='ltr'>videantur</span> <span class='ocrx_word' id='word_1_17' title='bbox 455 579 637 652; x_wconf 78' lang='lat' dir='ltr'>altissimi?</span> <span class='ocrx_word' id='word_1_18' title='bbox 656 580 796 652; x_wconf 84' lang='lat' dir='ltr'>Gaudeo</span> <span class='ocrx_word' id='word_1_19' title='bbox 817 580 895 650; x_wconf 87' lang='lat' dir='ltr'>talis</span> <span class='ocrx_word' id='word_1_20' title='bbox 915 602 1009 665; x_wconf 89' lang='lat' dir='ltr'>esse,</span> <span class='ocrx_word' id='word_1_21' title='bbox 1033 581 1062 652; x_wconf 92' lang='lat' dir='ltr'>si</span> <span class='ocrx_word' id='word_1_22' title='bbox 1084 603 1160 652; x_wconf 91' lang='lat' dir='ltr'>sum</span> <span class='ocrx_word' id='word_1_23' title='bbox 1185 582 1277 665; x_wconf 87' lang='lat' dir='ltr'>talis;</span> <span class='ocrx_word' id='word_1_24' title='bbox 1296 583 1323 652; x_wconf 90' lang='lat' dir='ltr'>si</span> 
     </span>
     <span class='ocr_line' id='line_1_4' title="bbox 250 701 1324 798; baseline -0.003 -22"><span class='ocrx_word' id='word_1_25' title='bbox 250 705 378 789; x_wconf 81' lang='lat' dir='ltr'>minua,</span> <span class='ocrx_word' id='word_1_26' title='bbox 397 702 519 797; x_wconf 90' lang='lat' dir='ltr'>quidni</span> <span class='ocrx_word' id='word_1_27' title='bbox 537 703 615 773; x_wconf 90' lang='lat' dir='ltr'>talis</span> <span class='ocrx_word' id='word_1_28' title='bbox 629 702 702 773; x_wconf 89' lang='lat' dir='ltr'>fieri</span> <span class='ocrx_word' id='word_1_29' title='bbox 716 713 846 798; x_wconf 80' lang='lat' dir='ltr'><strong>optem,</strong></span> <span class='ocrx_word' id='word_1_30' title='bbox 861 701 943 772; x_wconf 93' lang='lat' dir='ltr'>dum</span> <span class='ocrx_word' id='word_1_31' title='bbox 958 703 1102 775; x_wconf 79' lang='lat' dir='ltr'>altitudo</span> <span class='ocrx_word' id='word_1_32' title='bbox 1116 725 1185 774; x_wconf 91' lang='lat' dir='ltr'>non</span> <span class='ocrx_word' id='word_1_33' title='bbox 1201 703 1324 775; x_wconf 87' lang='lat' dir='ltr'>obscu-</span> 
     </span>
     <span class='ocr_line' id='line_1_5' title="bbox 250 824 1324 919; baseline -0.002 -23"><span class='ocrx_word' id='word_1_34' title='bbox 250 827 334 898; x_wconf 89' lang='lat' dir='ltr'>ritas</span> <span class='ocrx_word' id='word_1_35' title='bbox 355 845 462 898; x_wconf 89' lang='lat' dir='ltr'>cansa</span> <span class='ocrx_word' id='word_1_36' title='bbox 496 825 563 896; x_wconf 84' lang='lat' dir='ltr'>sit?</span> <span class='ocrx_word' id='word_1_37' title='bbox 595 825 696 896; x_wconf 89' lang='lat' dir='ltr'>luvat</span> <span class='ocrx_word' id='word_1_38' title='bbox 724 847 745 895; x_wconf 91' lang='lat' dir='ltr'>a</span> <span class='ocrx_word' id='word_1_39' title='bbox 779 826 900 919; x_wconf 89' lang='lat' dir='ltr'>paucis</span> <span class='ocrx_word' id='word_1_40' title='bbox 926 824 1052 910; x_wconf 88' lang='lat' dir='ltr'>videri,</span> <span class='ocrx_word' id='word_1_41' title='bbox 1087 835 1324 919; x_wconf 85' lang='lat' dir='ltr'>quantoqnea</span> 
     </span>
     <span class='ocr_line' id='line_1_6' title="bbox 249 947 1325 1044; baseline -0.002 -24"><span class='ocrx_word' id='word_1_42' title='bbox 249 947 469 1044; x_wconf 82' lang='lat' dir='ltr'>paucioribus</span> <span class='ocrx_word' id='word_1_43' title='bbox 495 947 631 1031; x_wconf 90' lang='lat' dir='ltr'>videor,</span> <span class='ocrx_word' id='word_1_44' title='bbox 659 955 754 1018; x_wconf 89' lang='lat' dir='ltr'>tanto</span> <span class='ocrx_word' id='word_1_45' title='bbox 779 947 854 1040; x_wconf 89' lang='lat' dir='ltr'>ipse</span> <span class='ocrx_word' id='word_1_46' title='bbox 880 947 965 1017; x_wconf 91' lang='lat' dir='ltr'>mibi</span> <span class='ocrx_word' id='word_1_47' title='bbox 987 949 1099 1022; x_wconf 89' lang='lat' dir='ltr'>carior</span> <span class='ocrx_word' id='word_1_48' title='bbox 1127 971 1216 1020; x_wconf 91' lang='lat' dir='ltr'>sum.</span> <span class='ocrx_word' id='word_1_49' title='bbox 1243 949 1325 1019; x_wconf 94' lang='lat' dir='ltr'>Nolo</span> 
     </span>
     <span class='ocr_line' id='line_1_7' title="bbox 249 1068 1325 1165; baseline -0.002 -23"><span class='ocrx_word' id='word_1_50' title='bbox 249 1071 401 1165; x_wconf 82' lang='lat' dir='ltr'>dignitas</span> <span class='ocrx_word' id='word_1_51' title='bbox 415 1080 476 1142; x_wconf 87' lang='lat' dir='ltr'>aut</span> <span class='ocrx_word' id='word_1_52' title='bbox 489 1090 574 1162; x_wconf 88' lang='lat' dir='ltr'>opes</span> <span class='ocrx_word' id='word_1_53' title='bbox 589 1068 755 1140; x_wconf 87' lang='lat' dir='ltr'>adiuvent</span> <span class='ocrx_word' id='word_1_54' title='bbox 770 1071 959 1161; x_wconf 86' lang='lat' dir='ltr'>legentem:</span> <span class='ocrx_word' id='word_1_55' title='bbox 973 1070 1117 1165; x_wconf 85' lang='lat' dir='ltr'>perinde</span> <span class='ocrx_word' id='word_1_56' title='bbox 1130 1069 1325 1164; x_wconf 87' lang='lat' dir='ltr'>pontificem</span> 
     </span>
     <span class='ocr_line' id='line_1_8' title="bbox 250 1191 1326 1286; baseline -0.001 -20"><span class='ocrx_word' id='word_1_57' title='bbox 250 1204 310 1268; x_wconf 92' lang='lat' dir='ltr'>aut</span> <span class='ocrx_word' id='word_1_58' title='bbox 329 1217 448 1286; x_wconf 85' lang='lat' dir='ltr'>regern</span> <span class='ocrx_word' id='word_1_59' title='bbox 470 1194 638 1263; x_wconf 88' lang='lat' dir='ltr'>intentum</span> <span class='ocrx_word' id='word_1_60' title='bbox 660 1193 813 1263; x_wconf 91' lang='lat' dir='ltr'>animum</span> <span class='ocrx_word' id='word_1_61' title='bbox 834 1191 963 1264; x_wconf 87' lang='lat' dir='ltr'>babere</span> <span class='ocrx_word' id='word_1_62' title='bbox 989 1195 1069 1265; x_wconf 91' lang='lat' dir='ltr'>volo</span> <span class='ocrx_word' id='word_1_63' title='bbox 1093 1203 1198 1286; x_wconf 85' lang='lat' dir='ltr'>atque</span> <span class='ocrx_word' id='word_1_64' title='bbox 1223 1194 1326 1266; x_wconf 91' lang='lat' dir='ltr'>alium</span> 
     </span>
     <span class='ocr_line' id='line_1_9' title="bbox 249 1312 1326 1411; baseline 0.002 -21"><span class='ocrx_word' id='word_1_65' title='bbox 249 1315 452 1411; x_wconf 89' lang='lat' dir='ltr'>quemlibet,</span> <span class='ocrx_word' id='word_1_66' title='bbox 475 1336 587 1408; x_wconf 87' lang='lat' dir='ltr'>eoque</span> <span class='ocrx_word' id='word_1_67' title='bbox 607 1312 734 1406; x_wconf 85' lang='lat' dir='ltr'>magis,</span> <span class='ocrx_word' id='word_1_68' title='bbox 758 1312 788 1385; x_wconf 90' lang='lat' dir='ltr'>si</span> <span class='ocrx_word' id='word_1_69' title='bbox 808 1315 896 1386; x_wconf 84' lang='lat' dir='ltr'>forte</span> <span class='ocrx_word' id='word_1_70' title='bbox 915 1314 1030 1386; x_wconf 89' lang='lat' dir='ltr'>minus</span> <span class='ocrx_word' id='word_1_71' title='bbox 1056 1314 1161 1386; x_wconf 89' lang='lat' dir='ltr'>habet</span> <span class='ocrx_word' id='word_1_72' title='bbox 1186 1315 1326 1408; x_wconf 86' lang='lat' dir='ltr'>ingenii.</span> 
     </span>
     <span class='ocr_line' id='line_1_10' title="bbox 248 1435 1332 1535; baseline -0.004 -24"><span class='ocrx_word' id='word_1_73' title='bbox 248 1442 457 1535; x_wconf 81' lang='lat' dir='ltr'>Exemplum</span> <span class='ocrx_word' id='word_1_74' title='bbox 471 1461 579 1509; x_wconf 91' lang='lat' dir='ltr'>unum</span> <span class='ocrx_word' id='word_1_75' title='bbox 598 1435 703 1508; x_wconf 91' lang='lat' dir='ltr'>rebus</span> <span class='ocrx_word' id='word_1_76' title='bbox 721 1447 853 1529; x_wconf 89' lang='lat' dir='ltr'>aptum,</span> <span class='ocrx_word' id='word_1_77' title='bbox 868 1435 962 1530; x_wconf 92' lang='lat' dir='ltr'>qnod</span> <span class='ocrx_word' id='word_1_78' title='bbox 976 1447 1057 1528; x_wconf 90' lang='lat' dir='ltr'>tunc</span> <span class='ocrx_word' id='word_1_79' title='bbox 1070 1459 1176 1532; x_wconf 92' lang='lat' dir='ltr'>prope</span> <span class='ocrx_word' id='word_1_80' title='bbox 1190 1439 1332 1530; x_wconf 82' lang='lat' dir='ltr'>urgenti·</span> 
     </span>
     <span class='ocr_line' id='line_1_11' title="bbox 249 1559 1327 1656; baseline -0.005 -19"><span class='ocrx_word' id='word_1_81' title='bbox 249 1566 363 1637; x_wconf 89' lang='lat' dir='ltr'>aorius</span> <span class='ocrx_word' id='word_1_82' title='bbox 375 1561 530 1656; x_wconf 91' lang='lat' dir='ltr'>opposui,</span> <span class='ocrx_word' id='word_1_83' title='bbox 546 1569 711 1655; x_wconf 89' lang='lat' dir='ltr'>repetam.</span> <span class='ocrx_word' id='word_1_84' title='bbox 726 1559 914 1631; x_wconf 83' lang='lat' dir='ltr'>Meministi</span> <span class='ocrx_word' id='word_1_85' title='bbox 927 1569 965 1631; x_wconf 88' lang='lat' dir='ltr'>nt</span> <span class='ocrx_word' id='word_1_86' title='bbox 974 1560 1175 1632; x_wconf 86' lang='lat' dir='ltr'>Alexander</span> <span class='ocrx_word' id='word_1_87' title='bbox 1185 1561 1327 1633; x_wconf 80' lang='lat' dir='ltr'>Macedo</span> 
     </span>
     <span class='ocr_line' id='line_1_12' title="bbox 249 1683 1328 1780; baseline -0.005 -21"><span class='ocrx_word' id='word_1_88' title='bbox 249 1685 495 1780; x_wconf 84' lang='lat' dir='ltr'>geometricum</span> <span class='ocrx_word' id='word_1_89' title='bbox 513 1691 759 1777; x_wconf 74' lang='lat' dir='ltr'>praeceptorem</span> <span class='ocrx_word' id='word_1_90' title='bbox 778 1694 877 1774; x_wconf 84' lang='lat' dir='ltr'>roget</span> <span class='ocrx_word' id='word_1_91' title='bbox 893 1683 1055 1776; x_wconf 87' lang='lat' dir='ltr'>quaedam</span> <span class='ocrx_word' id='word_1_92' title='bbox 1074 1683 1260 1754; x_wconf 86' lang='lat' dir='ltr'>secretiora</span> <span class='ocrx_word' id='word_1_93' title='bbox 1274 1705 1328 1754; x_wconf 91' lang='lat' dir='ltr'>ar-</span> 
     </span>
     <span class='ocr_line' id='line_1_13' title="bbox 249 1804 1327 1899; baseline -0.005 -20"><span class='ocrx_word' id='word_1_94' title='bbox 249 1809 293 1880; x_wconf 90' lang='lat' dir='ltr'>tis</span> <span class='ocrx_word' id='word_1_95' title='bbox 314 1807 406 1878; x_wconf 93' lang='lat' dir='ltr'>illins</span> <span class='ocrx_word' id='word_1_96' title='bbox 427 1806 534 1878; x_wconf 92' lang='lat' dir='ltr'>abeo</span> <span class='ocrx_word' id='word_1_97' title='bbox 555 1804 620 1877; x_wconf 89' lang='lat' dir='ltr'>sibi</span> <span class='ocrx_word' id='word_1_98' title='bbox 641 1805 769 1877; x_wconf 86' lang='lat' dir='ltr'>clarius</span> <span class='ocrx_word' id='word_1_99' title='bbox 788 1805 926 1899; x_wconf 84' lang='lat' dir='ltr'>exponi,</span> <span class='ocrx_word' id='word_1_100' title='bbox 948 1804 1087 1898; x_wconf 88' lang='lat' dir='ltr'>etquid</span> <span class='ocrx_word' id='word_1_101' title='bbox 1107 1804 1163 1875; x_wconf 88' lang='lat' dir='ltr'>ille</span> <span class='ocrx_word' id='word_1_102' title='bbox 1184 1827 1327 1898; x_wconf 88' lang='lat' dir='ltr'>respon-</span> 
     </span>
     <span class='ocr_line' id='line_1_14' title="bbox 250 1926 1328 2020; baseline -0.006 -18"><span class='ocrx_word' id='word_1_103' title='bbox 250 1931 340 2002; x_wconf 88' lang='lat' dir='ltr'>deat.</span> <span class='ocrx_word' id='word_1_104' title='bbox 360 1930 454 2013; x_wconf 83' lang='lat' dir='ltr'>Haec,</span> <span class='ocrx_word' id='word_1_105' title='bbox 474 1927 593 2020; x_wconf 89' lang='lat' dir='ltr'>inquit,</span> <span class='ocrx_word' id='word_1_106' title='bbox 613 1948 716 2020; x_wconf 87' lang='lat' dir='ltr'>aeque</span> <span class='ocrx_word' id='word_1_107' title='bbox 730 1926 891 2000; x_wconf 90' lang='lat' dir='ltr'>omnibus</span> <span class='ocrx_word' id='word_1_108' title='bbox 909 1927 1059 1999; x_wconf 90' lang='lat' dir='ltr'>obscura</span> <span class='ocrx_word' id='word_1_109' title='bbox 1073 1937 1165 1999; x_wconf 87' lang='lat' dir='ltr'>sunt.</span> <span class='ocrx_word' id='word_1_110' title='bbox 1179 1929 1328 2019; x_wconf 87' lang='lat' dir='ltr'>Elegan-</span> 
     </span>
     <span class='ocr_line' id='line_1_15' title="bbox 250 2025 1328 2144; baseline -0.004 -20"><span class='ocrx_word' id='word_1_111' title='bbox 250 2025 404 2126; x_wconf 68' lang='lat' dir='ltr'>tissime}</span> <span class='ocrx_word' id='word_1_112' title='bbox 445 2072 515 2122; x_wconf 90' lang='lat' dir='ltr'>non</span> <span class='ocrx_word' id='word_1_113' title='bbox 550 2050 642 2121; x_wconf 91' lang='lat' dir='ltr'>enim</span> <span class='ocrx_word' id='word_1_114' title='bbox 679 2051 859 2136; x_wconf 88' lang='lat' dir='ltr'>diadema,</span> <span class='ocrx_word' id='word_1_115' title='bbox 898 2051 963 2122; x_wconf 90' lang='lat' dir='ltr'>sed</span> <span class='ocrx_word' id='word_1_116' title='bbox 999 2049 1175 2144; x_wconf 81' lang='lat' dir='ltr'>ingenium</span> <span class='ocrx_word' id='word_1_117' title='bbox 1214 2050 1328 2122; x_wconf 89' lang='lat' dir='ltr'>studio</span> 
     </span>
     <span class='ocr_line' id='line_1_16' title="bbox 248 2172 1328 2268; baseline -0.002 -20"><span class='ocrx_word' id='word_1_118' title='bbox 248 2175 459 2248; x_wconf 89' lang='lat' dir='ltr'>adiutorium</span> <span class='ocrx_word' id='word_1_119' title='bbox 475 2175 608 2246; x_wconf 79' lang='lat' dir='ltr'>confert</span> <span class='ocrx_word' id='word_1_120' title='bbox 624 2173 669 2246; x_wconf 92' lang='lat' dir='ltr'>ad</span> <span class='ocrx_word' id='word_1_121' title='bbox 686 2174 947 2266; x_wconf 85' lang='lat' dir='ltr'>intelligentiam</span> <span class='ocrx_word' id='word_1_122' title='bbox 965 2172 1226 2268; x_wconf 88' lang='lat' dir='ltr'>scripturarum:</span> <span class='ocrx_word' id='word_1_123' title='bbox 1246 2173 1328 2246; x_wconf 73' lang='lat' dir='ltr'>alio</span> 
     </span>
     <span class='ocr_line' id='line_1_17' title="bbox 243 2297 1326 2393; baseline -0.006 -17"><span class='ocrx_word' id='word_1_124' title='bbox 243 2301 335 2392; x_wconf 92' lang='lat' dir='ltr'>.quin</span> <span class='ocrx_word' id='word_1_125' title='bbox 352 2297 538 2393; x_wconf 89' lang='lat' dir='ltr'>optabilius</span> <span class='ocrx_word' id='word_1_126' title='bbox 555 2319 700 2390; x_wconf 87' lang='lat' dir='ltr'>regnum</span> <span class='ocrx_word' id='word_1_127' title='bbox 717 2300 815 2371; x_wconf 85' lang='lat' dir='ltr'>foret.</span> <span class='ocrx_word' id='word_1_128' title='bbox 833 2298 941 2369; x_wconf 87' lang='lat' dir='ltr'>Multa</span> <span class='ocrx_word' id='word_1_129' title='bbox 959 2306 1041 2368; x_wconf 92' lang='lat' dir='ltr'>sunt</span> <span class='ocrx_word' id='word_1_130' title='bbox 1058 2297 1115 2369; x_wconf 93' lang='lat' dir='ltr'>ubi</span> <span class='ocrx_word' id='word_1_131' title='bbox 1136 2307 1204 2369; x_wconf 89' lang='lat' dir='ltr'>bon</span> <span class='ocrx_word' id='word_1_132' title='bbox 1226 2300 1326 2371; x_wconf 90' lang='lat' dir='ltr'>modo</span> 
     </span>
     <span class='ocr_line' id='line_1_18' title="bbox 249 2397 1327 2526; baseline -0.003 -34"><span class='ocrx_word' id='word_1_133' title='bbox 249 2422 334 2492; x_wconf 87' lang='lat' dir='ltr'>nihil</span> <span class='ocrx_word' id='word_1_134' title='bbox 355 2421 512 2514; x_wconf 87' lang='lat' dir='ltr'>prodest,</span> <span class='ocrx_word' id='word_1_135' title='bbox 535 2420 598 2492; x_wconf 92' lang='lat' dir='ltr'>sed</span> <span class='ocrx_word' id='word_1_136' title='bbox 619 2420 724 2491; x_wconf 87' lang='lat' dir='ltr'>etiam</span> <span class='ocrx_word' id='word_1_137' title='bbox 745 2422 890 2526; x_wconf 79' lang='lat' dir='ltr'>multum</span> <span class='ocrx_word' id='word_1_138' title='bbox 911 2419 1013 2492; x_wconf 86' lang='lat' dir='ltr'>obest</span> <span class='ocrx_word' id='word_1_139' title='bbox 1032 2397 1197 2492; x_wconf 87' lang='lat' dir='ltr'>maiestas</span> <span class='ocrx_word' id='word_1_140' title='bbox 1214 2432 1250 2493; x_wconf 91' lang='lat' dir='ltr'>et</span> <span class='ocrx_word' id='word_1_141' title='bbox 1266 2421 1327 2490; x_wconf 92' lang='lat' dir='ltr'>im-</span> 
     </span>
     <span class='ocr_line' id='line_1_19' title="bbox 250 2542 1327 2638; baseline -0.004 -23"><span class='ocrx_word' id='word_1_142' title='bbox 250 2543 395 2638; x_wconf 91' lang='lat' dir='ltr'>perium.</span> <span class='ocrx_word' id='word_1_143' title='bbox 417 2543 544 2634; x_wconf 90' lang='lat' dir='ltr'>Magno</span> <span class='ocrx_word' id='word_1_144' title='bbox 561 2542 701 2635; x_wconf 88' lang='lat' dir='ltr'>quidem</span> <span class='ocrx_word' id='word_1_145' title='bbox 723 2552 759 2613; x_wconf 92' lang='lat' dir='ltr'>et</span> <span class='ocrx_word' id='word_1_146' title='bbox 780 2542 931 2637; x_wconf 88' lang='lat' dir='ltr'>superbo</span> <span class='ocrx_word' id='word_1_147' title='bbox 948 2545 1076 2616; x_wconf 89' lang='lat' dir='ltr'>lectore</span> <span class='ocrx_word' id='word_1_148' title='bbox 1092 2565 1161 2614; x_wconf 96' lang='lat' dir='ltr'>non</span> <span class='ocrx_word' id='word_1_149' title='bbox 1180 2565 1259 2616; x_wconf 88' lang='lat' dir='ltr'>sum</span> <span class='ocrx_word' id='word_1_150' title='bbox 1276 2543 1327 2615; x_wconf 91' lang='lat' dir='ltr'>di-</span> 
     </span>
     <span class='ocr_line' id='line_1_20' title="bbox 250 2665 1325 2759; baseline -0.001 -22"><span class='ocrx_word' id='word_1_151' title='bbox 250 2689 351 2759; x_wconf 84' lang='lat' dir='ltr'>gnus.</span> <span class='ocrx_word' id='word_1_152' title='bbox 374 2667 499 2738; x_wconf 87' lang='lat' dir='ltr'>Credo:</span> <span class='ocrx_word' id='word_1_153' title='bbox 518 2688 583 2737; x_wconf 88' lang='lat' dir='ltr'>nec</span> <span class='ocrx_word' id='word_1_154' title='bbox 598 2687 664 2758; x_wconf 87' lang='lat' dir='ltr'>ego</span> <span class='ocrx_word' id='word_1_155' title='bbox 680 2665 898 2738; x_wconf 87' lang='lat' dir='ltr'>fastidiosum</span> <span class='ocrx_word' id='word_1_156' title='bbox 916 2665 1094 2758; x_wconf 82' lang='lat' dir='ltr'>ingenium</span> <span class='ocrx_word' id='word_1_157' title='bbox 1113 2677 1149 2738; x_wconf 88' lang='lat' dir='ltr'>et</span> <span class='ocrx_word' id='word_1_158' title='bbox 1160 2666 1325 2739; x_wconf 85' lang='lat' dir='ltr'>delicatas</span> 
     </span>
     <span class='ocr_line' id='line_1_21' title="bbox 249 2787 1323 2884; baseline -0.002 -24"><span class='ocrx_word' id='word_1_159' title='bbox 249 2811 353 2862; x_wconf 85' lang='lat' dir='ltr'>aures</span> <span class='ocrx_word' id='word_1_160' title='bbox 374 2788 499 2860; x_wconf 90' lang='lat' dir='ltr'>ambio.</span> <span class='ocrx_word' id='word_1_161' title='bbox 522 2789 557 2857; x_wconf 93' lang='lat' dir='ltr'>Si</span> <span class='ocrx_word' id='word_1_162' title='bbox 578 2787 623 2858; x_wconf 89' lang='lat' dir='ltr'>ab</span> <span class='ocrx_word' id='word_1_163' title='bbox 643 2787 832 2859; x_wconf 89' lang='lat' dir='ltr'>humilibus</span> <span class='ocrx_word' id='word_1_164' title='bbox 858 2789 956 2880; x_wconf 87' lang='lat' dir='ltr'>legor</span> <span class='ocrx_word' id='word_1_165' title='bbox 981 2801 1016 2860; x_wconf 86' lang='lat' dir='ltr'>et</span> <span class='ocrx_word' id='word_1_166' title='bbox 1040 2810 1109 2860; x_wconf 91' lang='lat' dir='ltr'>non</span> <span class='ocrx_word' id='word_1_167' title='bbox 1135 2788 1323 2884; x_wconf 89' lang='lat' dir='ltr'>improbor‚</span> 
     </span>
     <span class='ocr_line' id='line_1_22' title="bbox 249 2910 1326 2994; baseline 0 -12"><span class='ocrx_word' id='word_1_168' title='bbox 249 2913 362 2984; x_wconf 89' lang='lat' dir='ltr'>habeo</span> <span class='ocrx_word' id='word_1_169' title='bbox 383 2910 488 2983; x_wconf 88' lang='lat' dir='ltr'>studii</span> <span class='ocrx_word' id='word_1_170' title='bbox 508 2911 576 2980; x_wconf 87' lang='lat' dir='ltr'>mei</span> <span class='ocrx_word' id='word_1_171' title='bbox 594 2912 725 2980; x_wconf 82' lang='lat' dir='ltr'>fructus</span> <span class='ocrx_word' id='word_1_172' title='bbox 742 2911 905 2994; x_wconf 84' lang='lat' dir='ltr'>eximi0s;</span> <span class='ocrx_word' id='word_1_173' title='bbox 924 2933 992 2984; x_wconf 92' lang='lat' dir='ltr'>non</span> <span class='ocrx_word' id='word_1_174' title='bbox 1008 2911 1129 2985; x_wconf 90' lang='lat' dir='ltr'>laboro</span> <span class='ocrx_word' id='word_1_175' title='bbox 1146 2920 1184 2984; x_wconf 88' lang='lat' dir='ltr'>ut</span> <span class='ocrx_word' id='word_1_176' title='bbox 1200 2912 1326 2984; x_wconf 90' lang='lat' dir='ltr'>obscu-</span> 
     </span>
     <span class='ocr_line' id='line_1_23' title="bbox 248 3031 1326 3128; baseline 0.003 -25"><span class='ocrx_word' id='word_1_177' title='bbox 248 3055 310 3104; x_wconf 93' lang='lat' dir='ltr'>rus</span> <span class='ocrx_word' id='word_1_178' title='bbox 330 3031 424 3116; x_wconf 86' lang='lat' dir='ltr'>fiam,</span> <span class='ocrx_word' id='word_1_179' title='bbox 449 3031 512 3103; x_wconf 91' lang='lat' dir='ltr'>sed</span> <span class='ocrx_word' id='word_1_180' title='bbox 533 3039 571 3101; x_wconf 87' lang='lat' dir='ltr'>ut</span> <span class='ocrx_word' id='word_1_181' title='bbox 589 3033 718 3101; x_wconf 89' lang='lat' dir='ltr'>clarus:</span> <span class='ocrx_word' id='word_1_182' title='bbox 740 3041 821 3124; x_wconf 88' lang='lat' dir='ltr'>opto</span> <span class='ocrx_word' id='word_1_183' title='bbox 840 3032 932 3104; x_wconf 88' lang='lat' dir='ltr'>onim</span> <span class='ocrx_word' id='word_1_184' title='bbox 953 3033 1111 3128; x_wconf 81' lang='lat' dir='ltr'>intelligi,</span> <span class='ocrx_word' id='word_1_185' title='bbox 1132 3034 1193 3106; x_wconf 88' lang='lat' dir='ltr'>sed</span> <span class='ocrx_word' id='word_1_186' title='bbox 1207 3035 1252 3106; x_wconf 90' lang='lat' dir='ltr'>ab</span> <span class='ocrx_word' id='word_1_187' title='bbox 1266 3035 1326 3106; x_wconf 90' lang='lat' dir='ltr'>ba-</span> 
     </span>
     <span class='ocr_line' id='line_1_24' title="bbox 248 3154 1326 3250; baseline 0.005 -25"><span class='ocrx_word' id='word_1_188' title='bbox 248 3154 411 3225; x_wconf 90' lang='lat' dir='ltr'>bentibus</span> <span class='ocrx_word' id='word_1_189' title='bbox 433 3154 654 3239; x_wconf 88' lang='lat' dir='ltr'>intellectum,</span> <span class='ocrx_word' id='word_1_190' title='bbox 676 3163 712 3226; x_wconf 91' lang='lat' dir='ltr'>et</span> <span class='ocrx_word' id='word_1_191' title='bbox 731 3155 777 3225; x_wconf 92' lang='lat' dir='ltr'>ab</span> <span class='ocrx_word' id='word_1_192' title='bbox 797 3154 838 3226; x_wconf 91' lang='lat' dir='ltr'>iis</span> <span class='ocrx_word' id='word_1_193' title='bbox 859 3157 945 3250; x_wconf 91' lang='lat' dir='ltr'>ipsis</span> <span class='ocrx_word' id='word_1_194' title='bbox 963 3181 1031 3232; x_wconf 95' lang='lat' dir='ltr'>non</span> <span class='ocrx_word' id='word_1_195' title='bbox 1049 3157 1124 3230; x_wconf 90' lang='lat' dir='ltr'>sina</span> <span class='ocrx_word' id='word_1_196' title='bbox 1143 3158 1266 3243; x_wconf 88' lang='lat' dir='ltr'>studio,</span> <span class='ocrx_word' id='word_1_197' title='bbox 1286 3181 1326 3230; x_wconf 89' lang='lat' dir='ltr'>ao</span> 
     </span>
     <span class='ocr_line' id='line_1_25' title="bbox 248 3276 1324 3378; baseline 0.006 -32"><span class='ocrx_word' id='word_1_198' title='bbox 248 3276 373 3348; x_wconf 89' lang='lat' dir='ltr'>mentis</span> <span class='ocrx_word' id='word_1_199' title='bbox 399 3276 587 3348; x_wconf 87' lang='lat' dir='ltr'>intentione</span> <span class='ocrx_word' id='word_1_200' title='bbox 612 3298 690 3378; x_wconf 68' lang='lat' dir='ltr'>non⁸</span> <span class='ocrx_word' id='word_1_201' title='bbox 706 3277 826 3363; x_wconf 81' lang='lat' dir='ltr'>anxia,</span> <span class='ocrx_word' id='word_1_202' title='bbox 850 3280 914 3352; x_wconf 89' lang='lat' dir='ltr'>sed</span> <span class='ocrx_word' id='word_1_203' title='bbox 934 3280 1096 3354; x_wconf 88' lang='lat' dir='ltr'>iucunda.</span> <span class='ocrx_word' id='word_1_204' title='bbox 1122 3282 1272 3354; x_wconf 90' lang='lat' dir='ltr'>Divitem</span> <span class='ocrx_word' id='word_1_205' title='bbox 1295 3282 1324 3353; x_wconf 92' lang='lat' dir='ltr'>si</span> 
     </span>
     <span class='ocr_line' id='line_1_26' title="bbox 249 3399 1326 3494; baseline 0.006 -24"><span class='ocrx_word' id='word_1_206' title='bbox 249 3401 320 3472; x_wconf 90' lang='lat' dir='ltr'>buo</span> <span class='ocrx_word' id='word_1_207' title='bbox 341 3410 464 3494; x_wconf 85' lang='lat' dir='ltr'>sponte</span> <span class='ocrx_word' id='word_1_208' title='bbox 485 3399 679 3487; x_wconf 88' lang='lat' dir='ltr'>diverterit,</span> <span class='ocrx_word' id='word_1_209' title='bbox 703 3425 771 3478; x_wconf 94' lang='lat' dir='ltr'>non</span> <span class='ocrx_word' id='word_1_210' title='bbox 795 3403 956 3489; x_wconf 87' lang='lat' dir='ltr'>excludo,</span> <span class='ocrx_word' id='word_1_211' title='bbox 979 3405 1063 3477; x_wconf 90' lang='lat' dir='ltr'>dum</span> <span class='ocrx_word' id='word_1_212' title='bbox 1085 3407 1222 3478; x_wconf 88' lang='lat' dir='ltr'>noverit</span> <span class='ocrx_word' id='word_1_213' title='bbox 1241 3407 1326 3477; x_wconf 91' lang='lat' dir='ltr'>nibil</span> 
     </span>
     <span class='ocr_line' id='line_1_27' title="bbox 249 3521 1323 3612; baseline 0.006 -20"><span class='ocrx_word' id='word_1_214' title='bbox 249 3523 305 3596; x_wconf 91' lang='lat' dir='ltr'>hio</span> <span class='ocrx_word' id='word_1_215' title='bbox 326 3521 482 3595; x_wconf 80' lang='lat' dir='ltr'>conferre</span> <span class='ocrx_word' id='word_1_216' title='bbox 501 3522 655 3595; x_wconf 88' lang='lat' dir='ltr'>divitias.</span> <span class='ocrx_word' id='word_1_217' title='bbox 677 3523 768 3607; x_wconf 90' lang='lat' dir='ltr'>Quid</span> <span class='ocrx_word' id='word_1_218' title='bbox 788 3529 920 3598; x_wconf 77' lang='lat' dir='ltr'>multa?</span> <span class='ocrx_word' id='word_1_219' title='bbox 944 3528 978 3597; x_wconf 92' lang='lat' dir='ltr'>Si</span> <span class='ocrx_word' id='word_1_220' title='bbox 999 3529 1097 3600; x_wconf 89' lang='lat' dir='ltr'>alteri</span> <span class='ocrx_word' id='word_1_221' title='bbox 1119 3528 1323 3612; x_wconf 87' lang='lat' dir='ltr'>scriberem,</span> 
     </span>
     <span class='ocr_line' id='line_1_28' title="bbox 194 3647 1324 3740; baseline 0.002 -22"><span class='ocrx_word' id='word_1_222' title='bbox 194 3687 206 3692; x_wconf 98' lang='lat'>-</span> <span class='ocrx_word' id='word_1_223' title='bbox 248 3657 317 3718; x_wconf 88' lang='lat' dir='ltr'>tam</span> <span class='ocrx_word' id='word_1_224' title='bbox 339 3647 495 3718; x_wconf 90' lang='lat' dir='ltr'>animose</span> <span class='ocrx_word' id='word_1_225' title='bbox 519 3667 587 3716; x_wconf 94' lang='lat' dir='ltr'>non</span> <span class='ocrx_word' id='word_1_226' title='bbox 621 3668 776 3740; x_wconf 68' lang='lat' dir='ltr'>agerem</span> <span class='ocrx_word' id='word_1_227' title='bbox 810 3671 901 3721; x_wconf 91' lang='lat' dir='ltr'>nuno</span> <span class='ocrx_word' id='word_1_228' title='bbox 930 3651 1113 3724; x_wconf 87' lang='lat' dir='ltr'>Francisoo</span> <span class='ocrx_word' id='word_1_229' title='bbox 1135 3673 1213 3724; x_wconf 89' lang='lat' dir='ltr'>meo</span> <span class='ocrx_word' id='word_1_230' title='bbox 1239 3651 1324 3723; x_wconf 91' lang='lat' dir='ltr'>sori-</span> 
     </span>
     <span class='ocr_line' id='line_1_29' title="bbox 249 3767 1322 3866; baseline 0.005 -28"><span class='ocrx_word' id='word_1_231' title='bbox 249 3768 352 3853; x_wconf 78' lang='lat' dir='ltr'>benS,</span> <span class='ocrx_word' id='word_1_232' title='bbox 368 3767 453 3838; x_wconf 92' lang='lat' dir='ltr'>mibi</span> <span class='ocrx_word' id='word_1_233' title='bbox 471 3767 595 3840; x_wconf 91' lang='lat' dir='ltr'>scribo.</span> <span class='ocrx_word' id='word_1_234' title='bbox 609 3770 696 3841; x_wconf 92' lang='lat' dir='ltr'>Volo</span> <span class='ocrx_word' id='word_1_235' title='bbox 712 3791 778 3862; x_wconf 82' lang='lat' dir='ltr'>ego</span> <span class='ocrx_word' id='word_1_236' title='bbox 791 3783 830 3842; x_wconf 93' lang='lat' dir='ltr'>ut</span> <span class='ocrx_word' id='word_1_237' title='bbox 846 3773 952 3844; x_wconf 89' lang='lat' dir='ltr'>lector</span> <span class='ocrx_word' id='word_1_238' title='bbox 970 3794 1077 3861; x_wconf 91' lang='lat' dir='ltr'>meus,</span> <span class='ocrx_word' id='word_1_239' title='bbox 1091 3772 1252 3866; x_wconf 89' lang='lat' dir='ltr'>quisquis</span> <span class='ocrx_word' id='word_1_240' title='bbox 1270 3774 1322 3855; x_wconf 94' lang='lat' dir='ltr'>sit,</span> 
     </span>
     <span class='ocr_line' id='line_1_30' title="bbox 250 3889 1323 3986; baseline 0.007 -27"><span class='ocrx_word' id='word_1_241' title='bbox 250 3911 305 3961; x_wconf 90' lang='lat' dir='ltr'>me</span> <span class='ocrx_word' id='word_1_242' title='bbox 325 3913 444 3974; x_wconf 90' lang='lat' dir='ltr'>unum,</span> <span class='ocrx_word' id='word_1_243' title='bbox 467 3912 536 3961; x_wconf 93' lang='lat' dir='ltr'>non</span> <span class='ocrx_word' id='word_1_244' title='bbox 557 3889 638 3962; x_wconf 86' lang='lat' dir='ltr'>filiae</span> <span class='ocrx_word' id='word_1_245' title='bbox 661 3893 814 3986; x_wconf 76' lang='lat' dir='ltr'>nuptiaS,</span> <span class='ocrx_word' id='word_1_246' title='bbox 841 3916 911 3965; x_wconf 92' lang='lat' dir='ltr'>non</span> <span class='ocrx_word' id='word_1_247' title='bbox 936 3895 1056 3966; x_wconf 84' lang='lat' dir='ltr'>amicae</span> <span class='ocrx_word' id='word_1_248' title='bbox 1081 3906 1228 3979; x_wconf 87' lang='lat' dir='ltr'>noctem,</span> <span class='ocrx_word' id='word_1_249' title='bbox 1255 3919 1323 3968; x_wconf 95' lang='lat' dir='ltr'>non</span> 
     </span>
     <span class='ocr_line' id='line_1_31' title="bbox 249 4009 1325 4101; baseline 0.011 -23"><span class='ocrx_word' id='word_1_250' title='bbox 249 4010 360 4081; x_wconf 91' lang='lat' dir='ltr'>hostis</span> <span class='ocrx_word' id='word_1_251' title='bbox 393 4009 551 4096; x_wconf 87' lang='lat' dir='ltr'>insidias,</span> <span class='ocrx_word' id='word_1_252' title='bbox 587 4033 655 4084; x_wconf 92' lang='lat' dir='ltr'>non</span> <span class='ocrx_word' id='word_1_253' title='bbox 688 4015 937 4101; x_wconf 87' lang='lat' dir='ltr'>vadimonium,</span> <span class='ocrx_word' id='word_1_254' title='bbox 977 4039 1048 4090; x_wconf 92' lang='lat' dir='ltr'>non</span> <span class='ocrx_word' id='word_1_255' title='bbox 1085 4017 1227 4092; x_wconf 89' lang='lat' dir='ltr'>domum</span> <span class='ocrx_word' id='word_1_256' title='bbox 1265 4032 1325 4092; x_wconf 91' lang='lat' dir='ltr'>aut</span> 
     </span>
     <span class='ocr_line' id='line_1_32' title="bbox 249 4132 1321 4229; baseline 0.01 -28"><span class='ocrx_word' id='word_1_257' title='bbox 249 4152 372 4221; x_wconf 86' lang='lat' dir='ltr'>agrurn</span> <span class='ocrx_word' id='word_1_258' title='bbox 397 4143 457 4204; x_wconf 86' lang='lat' dir='ltr'>aut</span> <span class='ocrx_word' id='word_1_259' title='bbox 484 4132 684 4206; x_wconf 88' lang='lat' dir='ltr'>thesaurum</span> <span class='ocrx_word' id='word_1_260' title='bbox 714 4157 816 4210; x_wconf 90' lang='lat' dir='ltr'>suum</span> <span class='ocrx_word' id='word_1_261' title='bbox 851 4137 989 4229; x_wconf 87' lang='lat' dir='ltr'>cogitet,</span> <span class='ocrx_word' id='word_1_262' title='bbox 1023 4149 1059 4210; x_wconf 86' lang='lat' dir='ltr'>et</span> <span class='ocrx_word' id='word_1_263' title='bbox 1092 4143 1212 4214; x_wconf 88' lang='lat' dir='ltr'>saltem</span> <span class='ocrx_word' id='word_1_264' title='bbox 1238 4142 1321 4214; x_wconf 90' lang='lat' dir='ltr'>dum</span> 
     </span>
    </p>
   </div>
   <div class='ocr_carea' id='block_1_3' title="bbox 0 0 1485 4804">
    <p class='ocr_par' dir='ltr' id='par_1_3' title="bbox 0 0 1485 4804">
     <span class='ocr_line' id='line_1_33' title="bbox 0 0 1485 4804; baseline 0 0"><span class='ocrx_word' id='word_1_265' title='bbox 0 0 1485 4804; x_wconf 95' lang='lat' dir='ltr'> </span> 
     </span>
    </p>
   </div>
  </div>
 </body>
</html>
