3002 4794
284 355 323 415 l8
626 365 665 411 nn
686 365 788 413 nunus
806 362 1033 413 annullamus

285 484 330 554 lio
342 492 378 553 et
391 492 440 554 tot
452 479 656 574 pignoribus
675 480 811 574 spretis,
831 480 920 551 inter
935 481 1085 575 Scyllam
1098 489 1133 551 et
1147 479 1367 576 Charybdim,

284 604 373 674 inter
393 604 569 694 nigrantes
591 600 721 672 Averni
739 603 891 673 vortices
911 622 1095 674 senescere
1115 604 1243 687 maluit,
1263 624 1373 696 quam

237 816 240 827 Ἰ
283 726 391 810 domi,
415 728 543 796 nullam
564 723 666 796 aliam
683 724 730 796 ob
746 745 899 806 causam,
922 745 1027 816 quarn
1046 724 1289 817 utaliquando
1311 747 1367 797 se-

283 871 371 932 nex,
393 848 527 920 ductior
552 847 587 917 in
612 847 758 942 patriam
785 857 965 921 remearet.
992 848 1037 916 llt
1060 869 1183 919 revera
1210 848 1238 918 si
1260 870 1369 943 expe-

283 971 407 1042 rientia
428 979 537 1042 artem
558 968 648 1051 facit,
671 967 756 1060 quid
777 967 1004 1040 artificiosum
1026 969 1157 1059 quidve
1178 970 1247 1041 alta
1264 970 1369 1041 laude

283 1095 425 1184 dignum
450 1113 591 1185 sperare
614 1091 818 1183 relinquitur
835 1089 883 1160 illi
900 1090 960 1182 qui
977 1100 1131 1183 paternae
1149 1092 1275 1164 domus
1289 1114 1368 1184 per-

283 1225 409 1310 petuus
431 1225 550 1288 custos
571 1215 660 1285 suit?
679 1215 764 1286 Boni
785 1213 891 1285 villici
911 1223 967 1284 est
986 1214 1022 1283 in
1039 1214 1133 1286 avito
1150 1237 1231 1286 rure
1252 1215 1368 1286 consi-

284 1349 388 1423 stere,
412 1338 544 1410 telluris
572 1359 647 1408 suae
672 1336 744 1407 vim
766 1334 965 1428 bonumque
986 1357 1219 1428 cognoscere3
1245 1347 1383 1433 contra·

282 1460 410 1532 nobilis
432 1459 523 1532 etin
549 1462 656 1530 altum
682 1459 823 1530 nitentis
849 1457 979 1549 ingenii
1004 1469 1071 1540 est,
1100 1462 1227 1532 multas
1253 1467 1366 1530 terras

282 1593 318 1653 et
336 1585 521 1654 multorum
549 1601 664 1652 mores
691 1580 870 1651 bominum
896 1578 1042 1664 vidisse,
1071 1581 1368 1672 verissimumque

281 1705 450 1795 estquod
475 1702 568 1798 apud
593 1701 778 1794 Apuleium
804 1701 928 1794 legisti.
955 1703 1031 1774 Non
1057 1703 1230 1774 immerito
1255 1703 1365 1787 eninr,

281 1825 404 1917 inquit,
431 1827 556 1919 priscae
581 1825 728 1919 poeticae
761 1823 903 1896 divinus
938 1835 1076 1910 auctor,
1117 1823 1210 1918 apud
1242 1825 1367 1896 Graios

283 1970 430 2019 summae
450 1947 644 2042 prudentiae
665 1948 779 2018 virum
798 1957 994 2019 monstrare
1007 1947 1161 2040 cupiens,
1178 1949 1367 2018 multarum

280 2069 461 2140 civitatum
482 2070 578 2141 obitu
599 2079 635 2140 et
660 2068 836 2140 variorum
865 2070 1072 2162 populorum
1097 2066 1239 2158 cognitu
1267 2089 1367 2140 sum-

283 2214 358 2263 mas
397 2192 563 2285 adeptum
597 2193 746 2264 virtutes
783 2191 928 2273 cecinit3
961 2190 1057 2282 quod
1088 2201 1189 2284 poeta
1221 2189 1364 2282 quidem

280 2327 399 2388 noster
424 2316 594 2400 imitatuS,
618 2337 721 2388 suum
747 2314 893 2384 AEneam
913 2313 1017 2397 nosti,
1043 2323 1129 2406 quot
1153 2309 1299 2384 urbibus
1325 2335 1366 2386 ac

280 2437 439 2508 litoribus
472 2437 708 2508 circumducit.
740 2437 791 2506 Tu
816 2436 957 2507 domino
988 2443 1108 2506 nostro
1140 2435 1363 2526 compateris,

280 2559 375 2650 quod
395 2558 527 2650 aliquid
544 2567 672 2652 praeter
688 2557 840 2628 Parisios
859 2556 965 2630 viditt
982 2557 1053 2629 Nec
1073 2556 1235 2648 intelligis
1257 2581 1363 2650 quarn

279 2688 418 2770 gratum
446 2680 681 2772 spectaculum
713 2678 761 2748 illi
791 2677 856 2749 luit
887 2677 1038 2770 ingenio,
1067 2679 1177 2752 oculis
1202 2699 1361 2762 cernere,

279 2802 374 2894 quod
398 2801 606 2892 cogitatione
630 2799 853 2894 praeviderat.
891 2801 1027 2871 Etenim
1051 2801 1080 2871 si
1105 2801 1140 2870 in
1166 2801 1364 2872 Tusculano

278 2923 460 3015 disputans
494 2922 613 2994 Cicero
643 2921 712 2994 ait:
738 2920 878 3015 Aliquid
909 2922 1051 3015 assequi
1085 2945 1124 2994 se
1149 2930 1270 3017 putant
1302 2921 1363 3015 qui

278 3045 407 3116 ostium
427 3045 524 3116 Ponti
545 3044 711 3116 viderunt
730 3053 766 3114 et
784 3065 845 3116 eas
866 3044 1050 3136 angustias
1067 3067 1130 3140 per
1149 3065 1239 3137 quas
1259 3066 1363 3138 pene·

278 3168 384 3239 travit
408 3189 465 3253 ea,
492 3189 573 3260 quae
596 3177 652 3239 est
675 3168 852 3239 nominata
881 3167 1009 3260 ArgoS,
1041 3190 1148 3261 quum
1178 3165 1301 3260 Argivi
1327 3167 1363 3238 in

277 3288 402 3360 eadem
419 3288 498 3360 lecti
517 3288 584 3360 viri
602 3289 693 3361 vecti
710 3290 877 3385 petebant
896 3293 1023 3385 pellem
1041 3299 1198 3363 auratam
1217 3288 1358 3372 arietis,

278 3420 338 3483 aut
352 3410 375 3480 ii
388 3411 448 3504 qui
465 3411 592 3484 Oceani
604 3412 693 3482 freta
710 3411 768 3482 illa
782 3412 960 3497 viderunt,

436 3604 590 3681 Europam
606 3602 791 3684 Libyamque
809 3619 902 3683 rapax
918 3602 972 3667 ubi
988 3604 1097 3668 dividit
1113 3604 1206 3679 unda3

277 3779 361 3871 quid
380 3801 418 3850 se
441 3779 497 3852 bic
514 3781 678 3873 adeptum
696 3787 818 3873 putare
836 3787 963 3872 potest,
992 3779 1053 3873 qni
1080 3782 1206 3854 fractas
1233 3777 1359 3871 punico

277 3909 376 3971 aceto
401 3902 532 3974 italicas
559 3902 664 3995 Alpes
703 3902 812 3987 vidit,
853 3911 888 3974 et
926 3901 1112 3995 Cisalpinae
1145 3901 1265 3972 Galliae
1298 3901 1360 3970 tae·

279 4020 431 4092 tissimns
469 4032 572 4114 atque
606 4023 798 4095 latissimos
829 4045 971 4116 campos
1005 4020 1114 4101 libero
1148 4040 1358 4112 permensus

277 4138 411 4225 intuitu,
434 4143 665 4216 Mediolanum
681 4144 803 4215 urbem
819 4144 1069 4236 egregiameta
1085 4143 1275 4216 maioribus
1298 4164 1358 4216 ve-
