3078 4798
275 324 332 384 sla
612 337 654 384 oa
675 335 776 384 nunus
798 335 1019 386 rnuutnumus

273 492 372 544 amor
392 469 709 562 ingeniosissimus,
737 479 777 540 ut
800 471 938 564 experti
965 469 1088 542 sciunt.
1110 470 1228 544 Missis
1254 472 1376 564 igitur
1455 475 1465 486 '

273 618 321 666 ex
341 593 429 666 meis
447 592 507 686 qui
520 614 593 664 rem
608 592 838 685 inquirerent,
852 615 926 664 rem
939 591 1214 686 haudquaquam
1224 593 1375 679 fictam,

277 717 340 789 sed
359 727 478 788 notam
512 725 616 808 atque
649 714 827 805 vulgatam
863 735 944 815 esse
977 716 1160 809 comperio.
1183 717 1374 793 Fluctuari

216 929 219 933 ,
276 839 391 910 animo
411 859 602 932 coeperam,
623 840 732 908 multa
753 857 889 907 mecum
911 839 1068 921 volvere,
1092 840 1199 911 multa
1220 841 1374 912 cousul-

276 973 350 1034 tare
370 983 450 1032 cum
470 960 649 1054 episcopo:
676 981 754 1030 cum
780 959 840 1028 ille
867 959 978 1050 magis
1004 959 1189 1053 magisque
1212 961 1373 1033 instaret

277 1093 326 1170 ut,
351 1084 481 1154 sicum
504 1104 631 1175 meque
653 1083 770 1152 salvos
792 1101 972 1174 cuperem,
995 1080 1119 1176 coeptis
1139 1081 1368 1154 absisterem.

277 1209 352 1298 Ego
372 1214 489 1276 autem
511 1203 616 1276 eundi
637 1203 814 1299 proposito
834 1203 1026 1288 haerebam,
1048 1207 1212 1297 quansris
1224 1216 1371 1278 mutare

277 1329 344 1400 iter
363 1327 462 1398 facile
495 1327 690 1412 inducerer,
730 1325 825 1420 quod
856 1347 899 1396 eo
932 1326 1063 1400 scilicet
1091 1327 1369 1401 incommodiore

277 1453 495 1542 multumque
515 1449 671 1542 longiore
691 1448 863 1543 proficisci
893 1450 1005 1520 solum
1039 1472 1093 1522 me
1124 1449 1268 1522 videndi
1293 1453 1369 1522 fra·

278 1574 354 1658 tris,
377 1595 482 1666 quern
505 1574 574 1644 iam
595 1571 833 1666 quinquennio
854 1592 923 1644 non
942 1571 1126 1658 vidissem,
1148 1574 1280 1667 quique
1308 1596 1368 1646 sc-

277 1716 340 1766 cus
360 1694 426 1766 iter
446 1694 530 1765 illud
544 1693 681 1765 Christo
699 1693 794 1778 vivit,
815 1693 1031 1766 desiderium
1051 1695 1248 1766 induxerat.
1270 1699 1364 1768 Dum

278 1817 355 1886 baec
375 1837 511 1887 mecum
532 1826 666 1888 etcum
692 1817 821 1911 optimo
846 1818 904 1889 illo
929 1825 1027 1911 patre
1052 1839 1191 1910 egerem
1218 1820 1367 1892 assidue

276 1936 447 2009 diluvium
467 1939 657 2010 crescebat.
676 1939 808 2010 Fessus
826 1939 931 2009 animi
949 1938 985 2008 in
1002 1938 1200 2011 cubiculum
1218 1963 1365 2014 conces-

277 2081 405 2146 seram,
432 2069 469 2130 et
494 2061 557 2132 vix
587 2070 626 2132 ut
658 2061 794 2132 aestimo
814 2060 938 2132 horam
960 2063 1064 2132 unani
1090 2061 1263 2152 integram
1282 2064 1365 2135 dor-

277 2183 433 2253 mieram.
449 2184 586 2277 Raptim
599 2207 647 2256 ex
660 2204 757 2256 more
774 2184 820 2256 ad
836 2183 1025 2256 matutinas
1043 2182 1105 2254 llei
1121 2183 1244 2256 laudes
1263 2185 1365 2257 solito

277 2305 380 2376 citius
401 2306 630 2399 expergiscor
649 2329 729 2379 curn
750 2305 866 2377 omnia
890 2305 974 2390 iam,
1002 2309 1092 2378 male
1117 2305 1363 2378 resistentibus

278 2427 418 2518 tegulis,
447 2427 666 2501 inundarent.
690 2431 827 2500 Rursus
853 2427 899 2499 ad
923 2428 1124 2523 episcopum
1150 2428 1361 2512 insomnem,

277 2558 382 2642 atquc
414 2549 539 2620 iterum
564 2550 751 2622 etiterum
784 2551 829 2623 ad
862 2571 918 2620 me
951 2551 1065 2643 ipsum
1091 2549 1176 2643 quid
1201 2572 1360 2642 agerem,

277 2669 362 2764 quid
382 2673 533 2742 extremi
552 2672 687 2746 consilii
703 2682 877 2765 caperem.
900 2671 1011 2742 Unum
1046 2672 1113 2744 iter
1145 2672 1237 2744 bello
1269 2674 1363 2767 clau

279 2815 371 2881 sum,
394 2805 519 2866 cuncta
538 2795 681 2866 diluvio.
703 2793 795 2878 Quid
820 2795 952 2865 multa‘l
975 2795 1046 2878 Res
1072 2795 1118 2867 ad
1142 2780 1362 2886 religionem,

277 2930 317 2990 ut
332 2919 576 2990 historicorum
597 2917 715 2990 verbis
732 2928 820 3002 utar,-
835 2927 974 3002 vertere
993 2929 1160 3013 coeperat:
1174 2920 1292 2998 visum
1310 2930 1363 2990 est

278 3059 346 3120 uou
367 3041 502 3131 placere
522 3041 593 3130 Deo
618 3039 866 3132 prosectionem
889 3043 1013 3112 meam.
1035 3039 1090 3113 Ad
1110 3063 1153 3114 ea
1173 3039 1364 3113 accedebat

277 3169 393 3232 metus
413 3159 657 3254 corrumpendi
675 3161 799 3246 libroS,
817 3185 864 3234 cx
882 3163 1010 3257 quibus
1029 3163 1213 3236 sarcinulae
1236 3185 1363 3256 magne

267 3305 323 3356 ,ex
357 3292 455 3378 parte
475 3283 691 3357 constabant.
726 3285 827 3356 Sensi
859 3284 1010 3358 libertati
1044 3285 1172 3358 obesse
1203 3286 1361 3370 divitias,

277 3407 375 3479 oneri
396 3408 534 3492 timens,
567 3418 607 3479 ut
639 3408 687 3479 ait
719 3409 828 3492 Maro,
851 3408 912 3500 qui
937 3409 1073 3502 corpori
1094 3428 1164 3479 nou
1186 3406 1361 3480 timebam.

278 3532 387 3602 lssem
408 3532 561 3624 profecto
579 3531 609 3601 si
626 3551 761 3602 vacuus
781 3529 925 3604 fuissem
937 3555 945 3614 ;
957 3553 1049 3602 nuuc
1066 3531 1195 3612 mansi,
1207 3529 1361 3612 mutatis,

276 3655 438 3746 episcopo
458 3651 677 3737 obsecrante,
713 3652 881 3724 consiliis:
917 3653 1136 3746 remissaque
1164 3653 1200 3722 in
1228 3652 1362 3724 ltaliam

189 3829 191 3832 -
277 3784 376 3868 parte
395 3775 546 3858 familiae,
571 3775 616 3846 ad
637 3776 768 3847 fontem
790 3775 924 3867 Sorgiae
944 3775 1029 3846 redii
1055 3796 1146 3868 pene
1172 3776 1279 3846 solus.
1302 3774 1363 3846 Hic

278 3917 354 3966 sum
389 3918 458 3968 non
491 3894 685 3990 desperans
718 3919 850 3968 moram
872 3899 929 3970 vel
949 3897 1097 3969 alicuius
1125 3897 1256 3990 sperati
1281 3896 1361 3968 boui
1395 3936 1398 3945 =

276 4037 418 4086 causam
452 4019 537 4102 fore,
573 4021 632 4089 vel
666 4019 847 4112 improvisi
883 4019 1078 4112 cuiuspiam
1111 4020 1190 4090 mali
1225 4020 1361 4112 lugam:

277 4136 429 4206 humano
446 4138 536 4207 enim
558 4140 706 4211 consilio
726 4161 847 4232 parum
872 4139 983 4213 fidens
1004 4163 1070 4212 ceu
1087 4141 1254 4232 magister
1276 4158 1363 4234 pup-
1430 4148 1434 4164 '
