3078 4798
263 304 319 364 :308
599 317 639 362 ne
662 315 761 364 nunus
784 315 1005 366 unurtrlnrnus

261 452 397 521 venturi
418 451 539 522 imbris
561 452 751 524 admonuit.
774 452 955 524 Pereuntis
981 471 1078 523 auree
1104 453 1207 525 flatus
1233 452 1336 524 ambi-

261 594 349 664 guos
371 584 549 646 contracto
571 575 647 646 sinu
670 575 826 647 carbasis
849 573 991 647 sedulus
1018 585 1125 649 nauta
1151 577 1335 670 recolligit:

259 705 293 765 et
314 695 508 788 digressuri
530 709 716 790 properant
735 697 850 782 amici,
865 700 1043 792 multaque
1062 699 1130 770 sub
1145 710 1335 770 extremum

259 819 422 889 continua
442 820 597 899 oratione
614 819 810 891 fabulantes
828 821 962 890 nullum
980 830 1193 896 momentum
1213 828 1336 914 tempo

260 940 308 1011 ris
329 943 444 1035 perire
466 943 593 1014 sinunt.
617 943 672 1014 Sic
693 942 727 1011 in
749 941 854 1014 rebus
888 944 959 1013 sere
989 941 1151 1013 omnibus
1172 942 1334 1014 invenies.

260 1064 429 1135 Amemus
450 1064 540 1136 bona
561 1073 682 1135 nostra
702 1063 787 1136 dum
802 1064 847 1136 ad
860 1064 994 1135 exitum
1017 1063 1230 1159 praecipitata
1250 1065 1337 1136 sesti-

260 1198 354 1257 nant.
377 1185 470 1256 Idem
495 1187 758 1258 senescentibus
783 1186 930 1270 cunctis,
966 1187 1034 1257 nisi
1068 1187 1166 1259 senio
1199 1187 1336 1272 deliris,

261 1308 403 1379 evenire
423 1310 579 1379 noveris:
602 1320 737 1402 tempus
756 1318 887 1392 amant,
902 1316 937 1378 et
954 1309 1054 1380 cuius
1071 1309 1241 1403 primitias
1258 1309 1339 1380 effu-

261 1430 389 1501 derunt
417 1429 579 1522 reliquias
612 1433 744 1522 legunt.
774 1431 819 1500 Et
852 1429 937 1500 mibi
971 1453 1112 1524 quoque
1134 1443 1271 1524 tempus
1290 1440 1341 1502 est

261 1551 376 1623 carius
395 1574 503 1644 quam
526 1551 669 1636 solebat,
692 1560 727 1623 et
751 1574 830 1622 cum
854 1553 1007 1624 velocius
1036 1562 1108 1624 tum
1135 1551 1340 1645 irreparabi-

261 1677 328 1746 lius
349 1681 502 1769 apparet.
517 1673 627 1746 Video
640 1677 759 1766 fugam
778 1675 854 1746 sinc
868 1674 994 1762 reditu,
1013 1698 1167 1770 agnosco
1181 1675 1340 1756 fallacias,

261 1795 517 1889 blanditiasque
540 1799 867 1890 permetu03s0nti0
892 1822 948 1871 me
974 1823 1037 1894 per
1064 1801 1220 1892 singulas
1241 1799 1342 1870 horas

260 1917 305 1989 ad
325 1925 518 1988 extremam
540 1919 607 2002 ire,
630 1917 789 2012 nitorque
811 1921 906 2012 quod
932 1921 1105 2012 reliquum
1129 1930 1185 1991 est
1211 1920 1247 1990 in
1271 1941 1342 1990 me

260 2039 364 2112 liores
383 2062 469 2112 usus
490 2050 642 2111 vertere:
664 2040 769 2134 idque
788 2063 844 2111 me
861 2042 1002 2114 tandem
1020 2043 1224 2114 effecturum
1238 2043 1343 2114 multo

261 2166 341 2235 licet
359 2163 477 2236 labore
504 2185 572 2234 non
592 2163 759 2258 despero:
780 2163 872 2256 quod
909 2164 939 2234 si
972 2164 1018 2235 ab
1050 2165 1287 2236 adolescentia
1311 2165 1344 2234 in

261 2288 414 2360 animum
440 2287 609 2371 venisset,
632 2309 775 2382 possem
800 2289 887 2359 lor'te
912 2309 1073 2374 securus,
1100 2287 1251 2381 peractis
1277 2287 1343 2357 iam

261 2412 345 2482 vitae
367 2410 579 2495 muneribus
601 2411 737 2495 vivere,
764 2433 834 2503 quo
862 2410 946 2480 nibil
967 2420 1022 2482 est
1047 2410 1195 2482 dulcius.
1217 2407 1287 2480 Sed
1310 2416 1346 2478 ut

262 2533 414 2604 adrem
448 2555 605 2626 pergam,
630 2533 754 2626 scripsi
782 2531 841 2604 tibi
867 2554 1044 2627 persaepe,
1067 2554 1276 2626 semperque
1301 2540 1344 2614 te,

262 2674 326 2724 seu
346 2653 537 2748 occupatio,
561 2675 624 2725 seu
646 2653 792 2726 tarditas
814 2675 922 2726 causa
948 2663 1017 2739 est,
1040 2675 1119 2724 nam
1147 2651 1346 2746 superbiam

261 2777 296 2846 in
318 2787 456 2870 pectore
476 2786 545 2848 tam
563 2777 674 2848 amico
692 2776 864 2871 suspicari
881 2790 1033 2870 nequet),
1050 2796 1188 2868 semper
1202 2774 1346 2866 inquam

262 2898 307 2969 ad
327 2897 610 2991 respondendum
636 2895 763 3000 durum
785 2906 890 2991 atque
909 2898 1083 2970 difficilem
1107 2897 1243 2969 inveni:
1268 2917 1346 2968 cum

263 3030 394 3100 tamen,
419 3026 456 3088 ut
480 3017 557 3088 iure
581 3041 660 3090 meo
684 3028 799 3090 tecum
824 3021 926 3114 quasi
953 3041 1088 3092 mecum
1114 3019 1265 3112 glorier,
1293 3041 1347 3089 re-

264 3161 346 3233 gum
368 3162 408 3210 ac
428 3138 556 3210 ducum
577 3161 672 3234 saepe
693 3141 831 3213 interim
853 3143 986 3216 litteras
1007 3156 1043 3216 et
1063 3143 1190 3238 scripta
1211 3162 1348 3212 merue-

264 3262 339 3332 rim.
362 3262 400 3334 ld
421 3282 618 3336 memorans
640 3263 781 3356 fatigato
802 3265 1039 3358 nequidquam
1065 3268 1197 3337 calamo
1219 3261 1291 3334 tuis
1311 3261 1346 3331 in
1368 3340 1373 3349 ¹

264 3385 369 3459 rebus
389 3373 494 3456 terias
514 3386 653 3458 dabam.
678 3387 775 3459 Utin
797 3409 886 3482 opus
908 3387 1049 3459 redeam
1072 3389 1165 3460 clara
1187 3396 1257 3456 tuae
1277 3384 1349 3455 vir÷

265 3508 348 3581 tutis
374 3511 464 3580 fama
489 3510 671 3605 compellit.
699 3511 899 3583 Secundum
926 3511 1133 3582 sententiam
1158 3530 1274 3580 meam
1300 3509 1349 3578 lo-

265 3654 365 3724 quor:
388 3633 482 3727 apud
504 3629 569 3704 bos
590 3631 683 3704 enim
703 3633 878 3728 principes
899 3632 1005 3704 buius
1026 3631 1146 3705 mundi
1163 3630 1284 3722 gravis
1297 3630 1349 3699 in·

264 3755 369 3826 famia
388 3767 424 3828 et
443 3743 653 3848 inexpiabile
674 3756 786 3827 scelus
811 3763 878 3824 est.
905 3753 1040 3840 Quibus
1064 3754 1112 3824 ita
1137 3772 1348 3846 persuasum

266 3879 408 3966 noveris¹
427 3876 597 3970 quidquid
618 3878 653 3947 in
675 3879 767 3949 novo
787 3876 920 3968 geritur
941 3887 1078 3961 senatu,
1101 3895 1350 3968 quorumcum-

265 4021 335 4090 que
353 4021 471 4093 opera,
499 3998 643 4070 consilio
674 4007 733 4069 luo
767 3997 851 4070 fieri.
874 3999 924 4069 lla
945 3999 989 4070 de
1011 3996 1150 4090 ingenio
1170 4007 1229 4092 tuo
1254 3993 1350 4090 apud

265 4140 386 4190 omnes
406 4122 586 4193 extimatio
616 4129 682 4202 est;
710 4121 803 4213 apud
833 4141 887 4190 me
923 4129 1039 4190 autem
1072 4141 1114 4189 eo
1148 4118 1258 4190 maior
1278 4137 1350 4209 quo
