3002 4794
271 371 309 432 58
609 384 649 430 nu
672 385 771 434 naeus
793 384 1016 435 rnurmanraus

271 525 374 596 quam
396 501 600 574 fiducialiter
623 509 737 574 tecum
756 526 823 596 ago
847 504 952 574 homo
978 501 1125 594 pusillus
1145 510 1182 572 et
1200 500 1353 592 incogni-

271 633 338 694 tus.
361 625 420 709 Tu,
443 645 572 717 quaeso,
593 648 637 696 ne
658 624 806 697 libertati
824 646 914 695 meae
936 643 1154 708 succenseas,
1174 623 1237 695 sed
1255 633 1353 695 natu-

270 768 320 816 rae
342 747 568 840 moribusque
590 747 658 818 tuis
680 751 869 840 gratulare,
892 747 953 840 qui
974 746 1064 818 banc
1084 747 1169 817 mihi
1191 745 1353 820 fiduciam

267 869 544 939 subministrant.
579 871 670 954 Quid
696 872 801 955 enim,
830 880 869 940 ut
893 878 1047 962 coeptum
1075 891 1216 961 sequar,
1251 871 1352 963 quasi

269 991 405 1062 venturi
421 1000 554 1076 certus
577 1000 714 1085 tempus
736 991 771 1060 in
790 991 945 1062 consiliis
966 989 1163 1084 expendis?
1184 992 1300 1062 neseis
1319 991 1353 1062 in

268 1134 373 1204 quam
390 1112 490 1182 brevi
505 1113 616 1204 spatio
636 1112 869 1184 maximarum
884 1135 999 1185 rerum
1013 1120 1188 1182 momenta
1205 1133 1353 1184 versen-

268 1237 344 1304 tur‘?
362 1235 448 1318 Quae
465 1234 582 1305 multis
600 1232 778 1305 elaborata
796 1242 879 1305 sunt
896 1233 1036 1306 saeculis
1054 1254 1149 1326 saepe
1166 1232 1241 1304 dies
1259 1253 1352 1303 unus

267 1353 414 1426 conficit.
437 1355 546 1426 Crede
567 1355 660 1438 mibi,
684 1353 714 1425 si
735 1357 860 1427 lamam
882 1355 1067 1448 propriam,
1092 1353 1122 1424 si
1141 1353 1352 1447 Reipublioae

268 1487 396 1547 statum
417 1477 548 1562 cernis,
571 1476 708 1548 videbis
732 1486 808 1547 tuas
830 1477 946 1548 itidem
969 1499 1026 1548 ras
1048 1500 1090 1548 ao
1108 1489 1247 1548 nostras
1265 1477 1353 1549 dila-

257 1596 418 1700 tionibus
440 1621 508 1668 non
529 1619 645 1689 egere.
666 1597 758 1679 Quid
777 1598 872 1690 quod
893 1598 1056 1690 ambigua
1074 1608 1109 1669 et
1125 1599 1351 1690 fugacissima

266 1720 340 1789 vita
356 1730 419 1802 est,
437 1728 473 1788 et
489 1719 652 1810 quamvis
669 1719 894 1810 integerrima
910 1731 997 1792 aetas
1016 1730 1075 1792 tua
1092 1719 1216 1806 sitast
1234 1731 1350 1794 omen

266 1841 446 1924 instabilis,
467 1841 680 1934 assidueque
700 1845 795 1915 volat
811 1863 852 1914 ac
872 1845 1026 1937 rapitur?
1046 1845 1166 1936 ltaque
1182 1866 1250 1915 non
1269 1865 1351 1915 sen-

267 1962 409 2033 tientem
430 1963 542 2033 omnis
564 1972 598 2034 te
619 1962 653 2033 in
676 1964 810 2035 senium
836 1964 911 2036 dies
934 1965 1061 2050 trudit;
1088 1967 1172 2038 dum
1198 1965 1350 2038 circum-

267 2084 380 2179 spicis¹
399 2085 482 2156 dum
501 2087 690 2170 cunctane,
714 2086 904 2180 improvisa
923 2088 1041 2158 furtim
1062 2087 1172 2160 aderit
1188 2089 1346 2160 canities.

266 2206 321 2276 An
344 2210 432 2279 sorte
457 2204 610 2294 dubitas,
638 2231 681 2279 ne
703 2219 783 2281 ante
809 2217 948 2304 tempus
973 2209 1154 2303 inceperis
1180 2209 1227 2280 ad
1252 2212 1349 2303 quod

235 2319 503 2422 'peragendum
534 2331 599 2403 vix
623 2332 787 2403 humanae
823 2331 907 2402 vitae
937 2328 1181 2422 longissimum
1208 2340 1348 2426 tempus

264 2449 427 2540 intelligis
450 2451 698 2522 suffecturum?
718 2475 832 2544 neque
853 2454 945 2524 enim
963 2455 1120 2546 vulgaris
1138 2462 1199 2526 aut
1215 2453 1349 2526 medio

265 2570 333 2639 eris
360 2571 490 2661 negotii
515 2571 575 2641 tibi
595 2593 680 2642 cura
699 2581 764 2642 est.
789 2574 981 2646 Romanum
1002 2577 1202 2668 Imperium,
1229 2576 1347 2648 multis

265 2691 324 2763 diu
346 2693 506 2765 iactatum
531 2694 795 2788 tempestatibus
818 2717 914 2789 saepe
934 2698 1092 2769 delusam
1110 2706 1145 2769 et
1161 2719 1261 2791 paene
1278 2698 1346 2768 iam

265 2816 452 2907 proiectam
474 2838 574 2909 spem
595 2817 717 2888 salutis
739 2817 779 2886 in
805 2828 864 2890 tua
886 2820 1024 2891 tandem
1045 2819 1176 2892 virtute
1197 2821 1344 2913 reponit,

264 2949 300 3008 et
330 2961 392 3031 per
416 2938 617 3010 innumeros
642 2961 760 3024 casua,
793 2941 860 3012 sub
887 2941 1089 3014 umbraculo
1124 2942 1172 3014 tui
1197 2940 1346 3014 nominis

264 3069 452 3152 utcumque
473 3061 643 3154 respirat;
663 3061 726 3133 sed
751 3065 824 3134 sola
841 3062 908 3134 iam
927 3085 989 3156 spe
1006 3063 1137 3135 diutius
1160 3065 1255 3157 pasci
1284 3085 1348 3134 ne·

264 3181 348 3272 quit.
368 3181 481 3252 Sentis
502 3193 665 3275 quantam
687 3193 722 3254 et
741 3207 847 3277 quam
867 3177 959 3277 piam
986 3206 1149 3256 curarum
1174 3186 1345 3258 sarcinam

264 3303 470 3395 suscepisti;
493 3306 609 3396 persar
633 3305 679 3378 ad
707 3305 857 3391 exitum,
885 3328 1081 3399 precamur,
1109 3306 1216 3399 idque
1240 3329 1346 3400 quam

262 3428 543 3523 primumtaetto.
563 3429 821 3502 Preliosissima
847 3431 953 3502 immo
977 3452 1064 3503 vero
1089 3431 1344 3503 inaestimabilis

264 3573 319 3622 res
352 3558 407 3621 est
436 3559 589 3643 tempus,
625 3559 660 3622 et
686 3552 786 3624 ouius
818 3553 927 3624 solius
953 3553 1135 3626 avaritiam
1163 3555 1344 3626 doctorum

263 3673 417 3744 omnium
442 3673 660 3746 commendat
684 3675 882 3746 auotoritas.
907 3677 1001 3746 Pelle
1024 3697 1141 3749 moras
1166 3676 1282 3767 igitur,
1310 3685 1346 3748 et

215 3885 219 3896 Ι
263 3777 357 3888 quod
381 3796 513 3889 grande
538 3794 669 3888 aliquid
696 3797 877 3888 aggressis
902 3797 1062 3869 ultimum
1092 3806 1158 3882 est,
1187 3797 1344 3890 singulos

263 3915 338 4008 dies
371 3917 489 4010 magni
510 3919 668 3990 aestima:
695 3940 737 3992 aa
764 3928 797 3990 te
822 3919 986 4012 cogitatio
1009 3943 1151 4014 parcum
1180 3921 1345 4014 temporis

263 4036 394 4121 efficiet,
427 4061 468 4112 ea
499 4050 532 4111 te
556 4049 722 4132 eoget'ut
745 4042 879 4128 venias,
910 4051 946 4114 et
974 4041 1063 4112 inter
1092 4041 1345 4113 adversitatum

262 4153 381 4229 nubila
400 4157 638 4233 desideratum
658 4161 759 4234 nobis
781 4163 1041 4254 augustissimae
1057 4171 1128 4234 tuae
1148 4161 1271 4235 lrontis
1292 4163 1346 4233 lu-
