3062 4798
226 397 229 404 -
254 358 314 418 llll
590 371 629 417 un
652 371 752 419 nanos
773 369 996 446 rnurmnmnus

257 511 331 578 leus
353 527 482 599 parvus
508 516 592 576 erat.
619 504 719 578 Adde
745 508 999 606 Syracusanam
1021 503 1236 578 obsidionem
1257 509 1331 578 lon-

256 639 458 719 gemetque
479 627 665 711 difficilem,
700 627 974 721 clarissimaeque
1008 625 1105 698 urbis
1139 628 1329 712 interitum,

256 752 316 842 qui
335 748 444 821 duces
464 771 605 842 quoque
630 751 782 848 hpstium
803 749 849 822 ad
874 749 1209 821 commiserationem
1234 751 1332 821 lacri-

256 895 402 965 masque
423 874 664 965 oompelleret:
686 872 777 944 adde
797 871 963 944 Firmium
984 882 1090 964 atque
1109 871 1278 944 Asculum
1298 883 1333 943 et

255 998 417 1066 Picenum
436 1018 538 1067 omne
558 995 801 1088 perdomitum,
823 995 1059 1086 Vestinusque
1084 1003 1120 1065 et
1138 995 1274 1066 Marsos
1299 1007 1333 1066 et

256 1121 430 1211 Peligo0S,
454 1119 611 1209 interque
624 1125 852 1190 totexternos
866 1119 1034 1189 tumultus
1047 1116 1229 1188 intestinas
1241 1116 1333 1187 domi

233 1313 236 1322 ,
257 1239 458 1322 seditiones,
470 1251 506 1310 et
519 1248 661 1309 senatus
679 1238 910 1324 insolentiam,
925 1249 961 1311 et
973 1239 1189 1311 tribuniciam
1203 1237 1332 1308 rabiem

256 1373 290 1431 et
310 1360 628 1433 turbulentissimos
645 1362 794 1453 agrariae
810 1361 899 1454 legis
916 1372 1048 1444 motus,
1066 1371 1107 1432 nt
1119 1362 1273 1455 reliquos
1290 1361 1334 1442 si-

257 1487 358 1568 leam,
372 1507 461 1579 quos
475 1505 681 1556 enumerare
699 1505 769 1555 non
787 1484 930 1556 sufficio.
949 1483 1060 1576 Adde,
1074 1495 1260 1578 postquam
1278 1505 1333 1555 res

256 1607 301 1677 ad
323 1607 423 1677 unius
444 1606 627 1701 imperium
655 1607 770 1691 rediit,
798 1605 1056 1677 coniurationes
1077 1607 1287 1708 innumeras
1301 1616 1335 1678 et

257 1730 395 1810 totiena,
418 1729 497 1798 licet
517 1730 658 1808 frustra,
678 1728 822 1820 petitum
844 1705 980 1800 insidiis
997 1726 1196 1819 Augustum
1218 1737 1332 1821 caput,

255 1861 293 1920 ut
313 1850 470 1919 omittam
492 1849 552 1942 qui
573 1870 708 1921 veneno
726 1852 783 1920 vel
801 1849 918 1940 gladio
932 1851 1083 1945 periere:
1102 1850 1193 1921 adde
1209 1852 1334 1922 famem

253 1970 458 2042 Perusinum
482 1980 518 2042 et
537 1970 755 2043 obsidionem
776 1971 1021 2056 Mutinensem,
1047 1982 1084 2042 et
1108 1973 1333 2045 delectionem

254 2093 399 2165 coloniae
426 2092 727 2177 Cremonensium,
744 2115 835 2186 quae
859 2117 928 2165 une
960 2095 1073 2166 luerat
1097 2095 1187 2166 inter
1207 2114 1334 2187 pancas

255 2214 475 2300 fidelissima,
501 2237 648 2307 quarum
676 2218 779 2309 paulo
804 2225 884 2288 ante
911 2215 1147 2286 memineram.
1176 2217 1334 2306 Longum

255 2337 360 2410 nimio
381 2337 537 2409 historiae
554 2337 619 2409 iter
638 2338 768 2430 arripui
790 2339 855 2411 sed
876 2336 1080 2409 subsistam.
1101 2337 1222 2409 Omnis
1243 2338 1334 2410 enim

254 2467 344 2528 aetas
364 2459 622 2532 secessionibus
644 2459 769 2532 Italicis
796 2482 837 2532 ac
860 2453 1111 2532 defectionibus
1133 2462 1233 2552 plena
1259 2470 1332 2542 est,

257 2589 294 2649 ut
310 2580 389 2651 lorti
410 2582 525 2660 animo
544 2591 579 2654 et
604 2593 765 2654 veterum
789 2581 933 2653 memori
963 2581 1048 2652 nihil
1074 2582 1184 2676 possit
1208 2581 1334 2652 insoliti

256 2702 399 2774 terroris
425 2725 622 2790 occurrere,
650 2715 759 2799 utque
783 2704 887 2776 nimis
913 2704 1052 2799 proprio
1077 2705 1206 2776 dictum
1228 2714 1263 2776 et
1287 2725 1334 2775 ex

257 2827 332 2917 ipso
353 2835 490 2898 naturae
510 2825 642 2917 gremio
667 2838 846 2919 sumptum
873 2827 1036 2900 videatur
1054 2827 1150 2920 quod
1169 2825 1334 2917 Virgilius

256 2949 318 3017 ait:

457 3042 619 3106 Gravidam
636 3042 775 3122 imperiis
791 3043 938 3123 bellisque
955 3046 1137 3108 trementem
1207 3119 1209 3126 y

458 3137 580 3199 ltaliam.

258 3317 348 3388 Talis
369 3319 461 3388 enim
483 3317 528 3391 ab
547 3321 643 3392 initio
663 3323 739 3406 luit,
759 3324 837 3395 talis
854 3336 910 3396 est
924 3322 1042 3426 bodie,
1062 3325 1140 3396 talis
1158 3323 1202 3396 ad
1219 3334 1337 3394 extre

258 3461 351 3510 mum
366 3441 443 3511 erit.
457 3441 529 3512 lam
542 3463 629 3516 vero
641 3466 723 3539 quae
735 3446 851 3519 valide
867 3457 900 3517 te
916 3455 1103 3539 paupertas
1120 3445 1337 3518 remoratur?

257 3561 348 3646 Quid
370 3563 473 3637 lrabet
489 3575 675 3660 paupertas
692 3589 875 3640 commune
891 3591 969 3639 cum
988 3569 1149 3640 Caesarel
1164 3567 1235 3640 Aut
1250 3586 1337 3662 quo-

258 3685 362 3756 modo
378 3708 512 3782 pauper
531 3697 586 3760 est
599 3691 659 3783 qui
671 3690 757 3762 alios
770 3691 879 3762 ditat‘l
892 3689 1038 3764 Animus
1052 3713 1241 3787 pauperem
1257 3689 1338 3763 lacit

255 3815 292 3876 et
310 3806 464 3880 divitem.
478 3810 615 3903 Pauper
633 3833 722 3882 sum.
738 3813 783 3882 Et
795 3812 903 3884 lulius
917 3824 995 3884 ante
1009 3813 1192 3908 imperium
1206 3833 1338 3905 pauper

256 3926 333 4008 luit;
351 3936 431 4019 post
446 3929 629 4022 imperium
648 3955 716 4003 non
734 3931 852 4004 dives:
866 3955 967 4005 nemo
987 3933 1079 4004 enim
1093 3933 1270 4006 liberalius
1284 3932 1338 4002 vi-

257 4046 365 4117 otoria
380 4063 543 4135 deusest,
557 4065 600 4136 et,
620 4063 659 4125 ut
675 4054 723 4124 ait
741 4053 897 4127 Annaeus
914 4057 1059 4139 Seneca,
1075 4055 1160 4126 nihil
1175 4056 1239 4128 sibi
1254 4055 1336 4126 reti·

260 4165 333 4232 nuit
352 4181 480 4255 praeter
499 4172 725 4264 dispensandi
747 4187 963 4270 potestatem.
986 4180 1181 4251 Postremo:
1204 4199 1336 4274 pauper
