<?xml version="1.0" encoding="UTF-8"?>
<!DOCTYPE html PUBLIC "-//W3C//DTD XHTML 1.0 Transitional//EN"
    "http://www.w3.org/TR/xhtml1/DTD/xhtml1-transitional.dtd">
<html xmlns="http://www.w3.org/1999/xhtml" xml:lang="en" lang="en">
 <head>
  <title>
</title>
<meta http-equiv="Content-Type" content="text/html;charset=utf-8" />
  <meta name='ocr-system' content='tesseract 3.04.00' />
  <meta name='ocr-capabilities' content='ocr_page ocr_carea ocr_par ocr_line ocrx_word'/>
</head>
<body>
  <div class='ocr_page' id='page_1' title='image "./franciscipetrar01fracgoog_0245.png"; bbox 0 0 2958 4804; ppageno 0'>
   <div class='ocr_carea' id='block_1_1' title="bbox 8 4419 126 4770">
    <p class='ocr_par' dir='ltr' id='par_1_1' title="bbox 8 4319 126 4770">
     <span class='ocr_line' id='line_1_1' title="bbox 8 4419 126 4770; baseline 0 -448"><span class='ocrx_word' id='word_1_1' title='bbox 8 4419 126 4770; x_wconf 25' lang='lat' dir='ltr'>h</span> 
     </span>
    </p>
   </div>
   <div class='ocr_carea' id='block_1_2' title="bbox 250 333 990 394">
    <p class='ocr_par' dir='ltr' id='par_1_2' title="bbox 250 333 990 394">
     <span class='ocr_line' id='line_1_2' title="bbox 250 333 990 394; baseline 0.001 -2"><span class='ocrx_word' id='word_1_2' title='bbox 250 333 308 394; x_wconf 68' lang='lat' dir='ltr'>all</span> <span class='ocrx_word' id='word_1_3' title='bbox 585 345 626 392; x_wconf 84' lang='lat' dir='ltr'>nu</span> <span class='ocrx_word' id='word_1_4' title='bbox 647 344 749 393; x_wconf 82' lang='lat' dir='ltr'>nunus</span> <span class='ocrx_word' id='word_1_5' title='bbox 770 343 990 393; x_wconf 77' lang='lat' dir='ltr'>annullamus</span> 
     </span>
    </p>
   </div>
   <div class='ocr_carea' id='block_1_3' title="bbox 249 481 1427 3156">
    <p class='ocr_par' dir='ltr' id='par_1_3' title="bbox 249 481 1427 3156">
     <span class='ocr_line' id='line_1_3' title="bbox 249 481 1322 577; baseline 0.001 -21"><span class='ocrx_word' id='word_1_6' title='bbox 249 485 408 568; x_wconf 91' lang='lat' dir='ltr'>liberum,</span> <span class='ocrx_word' id='word_1_7' title='bbox 433 485 495 555; x_wconf 90' lang='lat' dir='ltr'>sed</span> <span class='ocrx_word' id='word_1_8' title='bbox 517 482 674 554; x_wconf 84' lang='lat' dir='ltr'>obicibus</span> <span class='ocrx_word' id='word_1_9' title='bbox 688 481 784 552; x_wconf 93' lang='lat' dir='ltr'>miris</span> <span class='ocrx_word' id='word_1_10' title='bbox 799 481 1013 576; x_wconf 87' lang='lat' dir='ltr'>implicitum.</span> <span class='ocrx_word' id='word_1_11' title='bbox 1035 483 1120 553; x_wconf 88' lang='lat' dir='ltr'>Nam</span> <span class='ocrx_word' id='word_1_12' title='bbox 1139 495 1175 555; x_wconf 87' lang='lat' dir='ltr'>et</span> <span class='ocrx_word' id='word_1_13' title='bbox 1190 507 1257 577; x_wconf 89' lang='lat' dir='ltr'>ego</span> <span class='ocrx_word' id='word_1_14' title='bbox 1275 496 1322 557; x_wconf 87' lang='lat' dir='ltr'>to-</span> 
     </span>
     <span class='ocr_line' id='line_1_4' title="bbox 250 603 1325 699; baseline 0.004 -24"><span class='ocrx_word' id='word_1_15' title='bbox 250 615 306 678; x_wconf 87' lang='lat' dir='ltr'>tus</span> <span class='ocrx_word' id='word_1_16' title='bbox 327 606 362 676; x_wconf 93' lang='lat' dir='ltr'>in</span> <span class='ocrx_word' id='word_1_17' title='bbox 382 613 492 690; x_wconf 89' lang='lat' dir='ltr'>motu,</span> <span class='ocrx_word' id='word_1_18' title='bbox 514 615 550 676; x_wconf 89' lang='lat' dir='ltr'>et</span> <span class='ocrx_word' id='word_1_19' title='bbox 570 607 677 677; x_wconf 88' lang='lat' dir='ltr'>multa</span> <span class='ocrx_word' id='word_1_20' title='bbox 697 603 1000 699; x_wconf 88' lang='lat' dir='ltr'>circumstrepunt,</span> <span class='ocrx_word' id='word_1_21' title='bbox 1025 606 1197 698; x_wconf 90' lang='lat' dir='ltr'>simulque</span> <span class='ocrx_word' id='word_1_22' title='bbox 1217 607 1325 679; x_wconf 86' lang='lat' dir='ltr'>hicet</span> 
     </span>
     <span class='ocr_line' id='line_1_5' title="bbox 250 727 1326 823; baseline 0.002 -23"><span class='ocrx_word' id='word_1_23' title='bbox 250 729 344 812; x_wconf 92' lang='lat' dir='ltr'>alibi,</span> <span class='ocrx_word' id='word_1_24' title='bbox 366 745 472 822; x_wconf 85' lang='lat' dir='ltr'>atque</span> <span class='ocrx_word' id='word_1_25' title='bbox 497 730 543 801; x_wconf 95' lang='lat' dir='ltr'>ita</span> <span class='ocrx_word' id='word_1_26' title='bbox 568 751 742 823; x_wconf 85' lang='lat' dir='ltr'>nusquam</span> <span class='ocrx_word' id='word_1_27' title='bbox 777 751 865 799; x_wconf 89' lang='lat' dir='ltr'>sum.</span> <span class='ocrx_word' id='word_1_28' title='bbox 886 727 1070 799; x_wconf 83' lang='lat' dir='ltr'>Familiare</span> <span class='ocrx_word' id='word_1_29' title='bbox 1103 732 1233 800; x_wconf 91' lang='lat' dir='ltr'>malum</span> <span class='ocrx_word' id='word_1_30' title='bbox 1254 734 1326 802; x_wconf 90' lang='lat' dir='ltr'>loca</span> 
     </span>
     <span class='ocr_line' id='line_1_6' title="bbox 250 850 1326 947; baseline 0.003 -25"><span class='ocrx_word' id='word_1_31' title='bbox 250 853 465 925; x_wconf 80' lang='lat' dir='ltr'>mutantium.</span> <span class='ocrx_word' id='word_1_32' title='bbox 491 851 667 947; x_wconf 84' lang='lat' dir='ltr'>Babylone</span> <span class='ocrx_word' id='word_1_33' title='bbox 685 852 804 922; x_wconf 92' lang='lat' dir='ltr'>ultimo</span> <span class='ocrx_word' id='word_1_34' title='bbox 825 850 1008 944; x_wconf 79' lang='lat' dir='ltr'>digressus</span> <span class='ocrx_word' id='word_1_35' title='bbox 1029 851 1073 922; x_wconf 90' lang='lat' dir='ltr'>ad</span> <span class='ocrx_word' id='word_1_36' title='bbox 1098 854 1227 924; x_wconf 84' lang='lat' dir='ltr'>sontem</span> <span class='ocrx_word' id='word_1_37' title='bbox 1248 855 1326 925; x_wconf 93' lang='lat' dir='ltr'>Sor-</span> 
     </span>
     <span class='ocr_line' id='line_1_7' title="bbox 250 949 1324 1070; baseline 0.001 -26"><span class='ocrx_word' id='word_1_38' title='bbox 250 975 317 1065; x_wconf 82' lang='lat' dir='ltr'>giae</span> <span class='ocrx_word' id='word_1_39' title='bbox 358 974 510 1060; x_wconf 85' lang='lat' dir='ltr'>substiti,</span> <span class='ocrx_word' id='word_1_40' title='bbox 549 974 731 1046; x_wconf 88' lang='lat' dir='ltr'>notissimo</span> <span class='ocrx_word' id='word_1_41' title='bbox 764 995 921 1044; x_wconf 88' lang='lat' dir='ltr'>mearum</span> <span class='ocrx_word' id='word_1_42' title='bbox 954 949 1181 1066; x_wconf 84' lang='lat' dir='ltr'>procellarum</span> <span class='ocrx_word' id='word_1_43' title='bbox 1213 985 1324 1070; x_wconf 90' lang='lat' dir='ltr'>portu.</span> 
     </span>
     <span class='ocr_line' id='line_1_8' title="bbox 249 1097 1328 1190; baseline 0.004 -24"><span class='ocrx_word' id='word_1_44' title='bbox 249 1097 311 1168; x_wconf 93' lang='lat' dir='ltr'>Hic</span> <span class='ocrx_word' id='word_1_45' title='bbox 330 1099 399 1168; x_wconf 88' lang='lat' dir='ltr'>viae</span> <span class='ocrx_word' id='word_1_46' title='bbox 419 1099 561 1170; x_wconf 87' lang='lat' dir='ltr'>comites</span> <span class='ocrx_word' id='word_1_47' title='bbox 581 1099 757 1190; x_wconf 89' lang='lat' dir='ltr'>opperior,</span> <span class='ocrx_word' id='word_1_48' title='bbox 772 1107 809 1168; x_wconf 87' lang='lat' dir='ltr'>et</span> <span class='ocrx_word' id='word_1_49' title='bbox 820 1097 978 1170; x_wconf 88' lang='lat' dir='ltr'>autumni</span> <span class='ocrx_word' id='word_1_50' title='bbox 993 1097 1142 1182; x_wconf 85' lang='lat' dir='ltr'>exitum,</span> <span class='ocrx_word' id='word_1_51' title='bbox 1165 1108 1227 1170; x_wconf 87' lang='lat' dir='ltr'>ant</span> <span class='ocrx_word' id='word_1_52' title='bbox 1245 1098 1328 1170; x_wconf 90' lang='lat' dir='ltr'>illud</span> 
     </span>
     <span class='ocr_line' id='line_1_9' title="bbox 251 1219 1329 1314; baseline 0.001 -25"><span class='ocrx_word' id='word_1_53' title='bbox 251 1221 373 1290; x_wconf 87' lang='lat' dir='ltr'>saltem</span> <span class='ocrx_word' id='word_1_54' title='bbox 394 1243 415 1291; x_wconf 86' lang='lat' dir='ltr'>a</span> <span class='ocrx_word' id='word_1_55' title='bbox 434 1221 575 1291; x_wconf 83' lang='lat' dir='ltr'>Marone</span> <span class='ocrx_word' id='word_1_56' title='bbox 595 1219 809 1314; x_wconf 88' lang='lat' dir='ltr'>descriptum</span> <span class='ocrx_word' id='word_1_57' title='bbox 830 1229 989 1313; x_wconf 83' lang='lat' dir='ltr'>tempus,</span> <span class='ocrx_word' id='word_1_58' title='bbox 1003 1220 1143 1313; x_wconf 91' lang='lat' dir='ltr'>quando</span> <span class='ocrx_word' id='word_1_59' title='bbox 1163 1221 1233 1290; x_wconf 82' lang='lat' dir='ltr'>iam</span> <span class='ocrx_word' id='word_1_60' title='bbox 1259 1223 1329 1292; x_wconf 82' lang='lat' dir='ltr'>bre-</span> 
     </span>
     <span class='ocr_line' id='line_1_10' title="bbox 250 1341 1330 1437; baseline 0.006 -26"><span class='ocrx_word' id='word_1_61' title='bbox 250 1343 385 1434; x_wconf 80' lang='lat' dir='ltr'>viorque</span> <span class='ocrx_word' id='word_1_62' title='bbox 404 1341 473 1414; x_wconf 81' lang='lat' dir='ltr'>dies</span> <span class='ocrx_word' id='word_1_63' title='bbox 489 1357 520 1414; x_wconf 84' lang='lat' dir='ltr'>ot</span> <span class='ocrx_word' id='word_1_64' title='bbox 535 1347 665 1415; x_wconf 83' lang='lat' dir='ltr'>mollior</span> <span class='ocrx_word' id='word_1_65' title='bbox 684 1357 787 1415; x_wconf 82' lang='lat' dir='ltr'>oectos.</span> <span class='ocrx_word' id='word_1_66' title='bbox 809 1344 949 1416; x_wconf 89' lang='lat' dir='ltr'>lnterim</span> <span class='ocrx_word' id='word_1_67' title='bbox 966 1367 1050 1437; x_wconf 87' lang='lat' dir='ltr'>ergo</span> <span class='ocrx_word' id='word_1_68' title='bbox 1071 1367 1115 1416; x_wconf 92' lang='lat' dir='ltr'>ne</span> <span class='ocrx_word' id='word_1_69' title='bbox 1137 1345 1251 1416; x_wconf 91' lang='lat' dir='ltr'>inanis</span> <span class='ocrx_word' id='word_1_70' title='bbox 1272 1370 1330 1417; x_wconf 92' lang='lat' dir='ltr'>rn-</span> 
     </span>
     <span class='ocr_line' id='line_1_11' title="bbox 252 1465 1330 1561; baseline 0.003 -25"><span class='ocrx_word' id='word_1_71' title='bbox 252 1465 386 1539; x_wconf 91' lang='lat' dir='ltr'>sticatio</span> <span class='ocrx_word' id='word_1_72' title='bbox 405 1489 482 1539; x_wconf 87' lang='lat' dir='ltr'>mea</span> <span class='ocrx_word' id='word_1_73' title='bbox 500 1468 558 1552; x_wconf 90' lang='lat' dir='ltr'>sit,</span> <span class='ocrx_word' id='word_1_74' title='bbox 572 1469 817 1558; x_wconf 83' lang='lat' dir='ltr'>cogitationum</span> <span class='ocrx_word' id='word_1_75' title='bbox 836 1479 1120 1561; x_wconf 87' lang='lat' dir='ltr'>consumptarum</span> <span class='ocrx_word' id='word_1_76' title='bbox 1137 1472 1330 1560; x_wconf 84' lang='lat' dir='ltr'>fragmenta</span> 
     </span>
     <span class='ocr_line' id='line_1_12' title="bbox 252 1588 1332 1685; baseline 0.005 -25"><span class='ocrx_word' id='word_1_77' title='bbox 252 1591 425 1682; x_wconf 83' lang='lat' dir='ltr'>recolligo,</span> <span class='ocrx_word' id='word_1_78' title='bbox 457 1599 495 1661; x_wconf 90' lang='lat' dir='ltr'>ut</span> <span class='ocrx_word' id='word_1_79' title='bbox 523 1592 635 1662; x_wconf 93' lang='lat' dir='ltr'>omnis</span> <span class='ocrx_word' id='word_1_80' title='bbox 669 1591 757 1674; x_wconf 91' lang='lat' dir='ltr'>dies,</span> <span class='ocrx_word' id='word_1_81' title='bbox 791 1591 821 1660; x_wconf 90' lang='lat' dir='ltr'>si</span> <span class='ocrx_word' id='word_1_82' title='bbox 851 1588 926 1663; x_wconf 86' lang='lat' dir='ltr'>fieri</span> <span class='ocrx_word' id='word_1_83' title='bbox 956 1592 1077 1683; x_wconf 88' lang='lat' dir='ltr'>possit,</span> <span class='ocrx_word' id='word_1_84' title='bbox 1108 1601 1169 1663; x_wconf 90' lang='lat' dir='ltr'>aut</span> <span class='ocrx_word' id='word_1_85' title='bbox 1201 1593 1332 1685; x_wconf 92' lang='lat' dir='ltr'>aliquid</span> 
     </span>
     <span class='ocr_line' id='line_1_13' title="bbox 252 1691 1333 1807; baseline 0.004 -25"><span class='ocrx_word' id='word_1_86' title='bbox 252 1713 442 1784; x_wconf 87' lang='lat' dir='ltr'>maioribus</span> <span class='ocrx_word' id='word_1_87' title='bbox 461 1691 582 1807; x_wconf 81' lang='lat' dir='ltr'>coeptis</span> <span class='ocrx_word' id='word_1_88' title='bbox 602 1713 756 1799; x_wconf 87' lang='lat' dir='ltr'>adiiciat,</span> <span class='ocrx_word' id='word_1_89' title='bbox 780 1722 840 1786; x_wconf 88' lang='lat' dir='ltr'>aut</span> <span class='ocrx_word' id='word_1_90' title='bbox 864 1713 1034 1787; x_wconf 88' lang='lat' dir='ltr'>minutum</span> <span class='ocrx_word' id='word_1_91' title='bbox 1059 1714 1191 1807; x_wconf 89' lang='lat' dir='ltr'>aliquid</span> <span class='ocrx_word' id='word_1_92' title='bbox 1216 1715 1333 1788; x_wconf 80' lang='lat' dir='ltr'>absol-</span> 
     </span>
     <span class='ocr_line' id='line_1_14' title="bbox 253 1833 1333 1940; baseline 0.004 -36"><span class='ocrx_word' id='word_1_93' title='bbox 253 1845 323 1906; x_wconf 86' lang='lat' dir='ltr'>vat.</span> <span class='ocrx_word' id='word_1_94' title='bbox 345 1835 445 1918; x_wconf 89' lang='lat' dir='ltr'>Quod</span> <span class='ocrx_word' id='word_1_95' title='bbox 466 1833 673 1906; x_wconf 88' lang='lat' dir='ltr'>hodiernum</span> <span class='ocrx_word' id='word_1_96' title='bbox 697 1844 752 1906; x_wconf 88' lang='lat' dir='ltr'>est</span> <span class='ocrx_word' id='word_1_97' title='bbox 777 1836 839 1940; x_wconf 70' lang='lat' dir='ltr'>lhis</span> <span class='ocrx_word' id='word_1_98' title='bbox 871 1835 916 1906; x_wconf 90' lang='lat' dir='ltr'>ad</span> <span class='ocrx_word' id='word_1_99' title='bbox 948 1847 982 1908; x_wconf 83' lang='lat' dir='ltr'>te</span> <span class='ocrx_word' id='word_1_100' title='bbox 1015 1839 1186 1932; x_wconf 91' lang='lat' dir='ltr'>prolatum</span> <span class='ocrx_word' id='word_1_101' title='bbox 1208 1838 1333 1910; x_wconf 86' lang='lat' dir='ltr'>litteris</span> 
     </span>
     <span class='ocr_line' id='line_1_15' title="bbox 253 1957 1332 2052; baseline 0.001 -22"><span class='ocrx_word' id='word_1_102' title='bbox 253 1957 411 2051; x_wconf 85' lang='lat' dir='ltr'>accipies.</span> <span class='ocrx_word' id='word_1_103' title='bbox 426 1957 556 2043; x_wconf 88' lang='lat' dir='ltr'>Poesis,</span> <span class='ocrx_word' id='word_1_104' title='bbox 572 1957 729 2030; x_wconf 88' lang='lat' dir='ltr'>divinum</span> <span class='ocrx_word' id='word_1_105' title='bbox 747 1981 875 2031; x_wconf 89' lang='lat' dir='ltr'>munus</span> <span class='ocrx_word' id='word_1_106' title='bbox 888 1969 923 2030; x_wconf 93' lang='lat' dir='ltr'>et</span> <span class='ocrx_word' id='word_1_107' title='bbox 936 1981 1126 2052; x_wconf 91' lang='lat' dir='ltr'>paucorum</span> <span class='ocrx_word' id='word_1_108' title='bbox 1140 1959 1332 2045; x_wconf 90' lang='lat' dir='ltr'>hominum,</span> 
     </span>
     <span class='ocr_line' id='line_1_16' title="bbox 254 2079 1334 2177; baseline 0.004 -29"><span class='ocrx_word' id='word_1_109' title='bbox 254 2081 321 2152; x_wconf 89' lang='lat' dir='ltr'>iam</span> <span class='ocrx_word' id='word_1_110' title='bbox 347 2079 501 2172; x_wconf 91' lang='lat' dir='ltr'>vulgari,</span> <span class='ocrx_word' id='word_1_111' title='bbox 536 2104 580 2152; x_wconf 88' lang='lat' dir='ltr'>ne</span> <span class='ocrx_word' id='word_1_112' title='bbox 611 2081 784 2177; x_wconf 83' lang='lat' dir='ltr'>profanari</span> <span class='ocrx_word' id='word_1_113' title='bbox 811 2081 922 2154; x_wconf 91' lang='lat' dir='ltr'>dicam</span> <span class='ocrx_word' id='word_1_114' title='bbox 950 2103 990 2152; x_wconf 93' lang='lat' dir='ltr'>ac</span> <span class='ocrx_word' id='word_1_115' title='bbox 1014 2082 1189 2177; x_wconf 89' lang='lat' dir='ltr'>prostitui,</span> <span class='ocrx_word' id='word_1_116' title='bbox 1217 2084 1334 2176; x_wconf 86' lang='lat' dir='ltr'>coepit.</span> 
     </span>
     <span class='ocr_line' id='line_1_17' title="bbox 253 2202 1335 2297; baseline 0.002 -23"><span class='ocrx_word' id='word_1_117' title='bbox 253 2202 344 2274; x_wconf 90' lang='lat' dir='ltr'>Nihil</span> <span class='ocrx_word' id='word_1_118' title='bbox 365 2217 420 2275; x_wconf 88' lang='lat' dir='ltr'>est</span> <span class='ocrx_word' id='word_1_119' title='bbox 439 2203 533 2296; x_wconf 89' lang='lat' dir='ltr'>quod</span> <span class='ocrx_word' id='word_1_120' title='bbox 552 2204 788 2297; x_wconf 85' lang='lat' dir='ltr'>indignantius</span> <span class='ocrx_word' id='word_1_121' title='bbox 810 2208 933 2286; x_wconf 66' lang='lat' dir='ltr'>feram,</span> <span class='ocrx_word' id='word_1_122' title='bbox 953 2216 989 2276; x_wconf 93' lang='lat' dir='ltr'>tu</span> <span class='ocrx_word' id='word_1_123' title='bbox 1007 2205 1130 2291; x_wconf 90' lang='lat' dir='ltr'>amice,</span> <span class='ocrx_word' id='word_1_124' title='bbox 1154 2205 1183 2276; x_wconf 87' lang='lat' dir='ltr'>si</span> <span class='ocrx_word' id='word_1_125' title='bbox 1205 2217 1335 2276; x_wconf 90' lang='lat' dir='ltr'>stoma-</span> 
     </span>
     <span class='ocr_line' id='line_1_18' title="bbox 255 2325 1334 2420; baseline 0.005 -24"><span class='ocrx_word' id='word_1_126' title='bbox 255 2326 358 2396; x_wconf 93' lang='lat' dir='ltr'>chum</span> <span class='ocrx_word' id='word_1_127' title='bbox 381 2336 479 2397; x_wconf 88' lang='lat' dir='ltr'>tuum</span> <span class='ocrx_word' id='word_1_128' title='bbox 500 2327 595 2410; x_wconf 92' lang='lat' dir='ltr'>novi,</span> <span class='ocrx_word' id='word_1_129' title='bbox 617 2328 708 2397; x_wconf 84' lang='lat' dir='ltr'>ferre</span> <span class='ocrx_word' id='word_1_130' title='bbox 728 2325 967 2418; x_wconf 83' lang='lat' dir='ltr'>indignitatem</span> <span class='ocrx_word' id='word_1_131' title='bbox 988 2325 1077 2398; x_wconf 87' lang='lat' dir='ltr'>hanc</span> <span class='ocrx_word' id='word_1_132' title='bbox 1098 2331 1190 2399; x_wconf 94' lang='lat' dir='ltr'>nullo</span> <span class='ocrx_word' id='word_1_133' title='bbox 1208 2349 1334 2420; x_wconf 90' lang='lat' dir='ltr'>posses</span> 
     </span>
     <span class='ocr_line' id='line_1_19' title="bbox 254 2446 1334 2543; baseline 0.005 -26"><span class='ocrx_word' id='word_1_134' title='bbox 254 2447 367 2518; x_wconf 91' lang='lat' dir='ltr'>modo.</span> <span class='ocrx_word' id='word_1_135' title='bbox 388 2449 571 2541; x_wconf 92' lang='lat' dir='ltr'>Nunquam</span> <span class='ocrx_word' id='word_1_136' title='bbox 593 2446 741 2520; x_wconf 83' lang='lat' dir='ltr'>Athenis</span> <span class='ocrx_word' id='word_1_137' title='bbox 758 2458 819 2520; x_wconf 89' lang='lat' dir='ltr'>aut</span> <span class='ocrx_word' id='word_1_138' title='bbox 834 2451 967 2534; x_wconf 82' lang='lat' dir='ltr'>Romae,</span> <span class='ocrx_word' id='word_1_139' title='bbox 990 2472 1169 2543; x_wconf 93' lang='lat' dir='ltr'>nunqnam</span> <span class='ocrx_word' id='word_1_140' title='bbox 1189 2451 1334 2522; x_wconf 90' lang='lat' dir='ltr'>Homeri</span> 
     </span>
     <span class='ocr_line' id='line_1_20' title="bbox 254 2569 1427 2677; baseline 0.005 -38"><span class='ocrx_word' id='word_1_141' title='bbox 254 2569 457 2663; x_wconf 89' lang='lat' dir='ltr'>Virgiliique</span> <span class='ocrx_word' id='word_1_142' title='bbox 479 2571 691 2662; x_wconf 89' lang='lat' dir='ltr'>temporibus</span> <span class='ocrx_word' id='word_1_143' title='bbox 722 2581 840 2643; x_wconf 92' lang='lat' dir='ltr'>tantus</span> <span class='ocrx_word' id='word_1_144' title='bbox 872 2594 987 2643; x_wconf 88' lang='lat' dir='ltr'>sermo</span> <span class='ocrx_word' id='word_1_145' title='bbox 1020 2572 1065 2643; x_wconf 87' lang='lat' dir='ltr'>de</span> <span class='ocrx_word' id='word_1_146' title='bbox 1097 2573 1237 2644; x_wconf 87' lang='lat' dir='ltr'>vatibus</span> <span class='ocrx_word' id='word_1_147' title='bbox 1260 2574 1332 2657; x_wconf 86' lang='lat' dir='ltr'>fuit,</span> <span class='ocrx_word' id='word_1_148' title='bbox 1422 2669 1427 2677; x_wconf 22' lang='grc' dir='ltr'>ι</span> 
     </span>
     <span class='ocr_line' id='line_1_21' title="bbox 256 2695 1335 2787; baseline 0.002 -24"><span class='ocrx_word' id='word_1_149' title='bbox 256 2702 408 2785; x_wconf 87' lang='lat' dir='ltr'>quantus</span> <span class='ocrx_word' id='word_1_150' title='bbox 427 2695 547 2766; x_wconf 89' lang='lat' dir='ltr'>estad</span> <span class='ocrx_word' id='word_1_151' title='bbox 566 2695 678 2787; x_wconf 93' lang='lat' dir='ltr'>ripam</span> <span class='ocrx_word' id='word_1_152' title='bbox 698 2695 858 2767; x_wconf 87' lang='lat' dir='ltr'>Rhodani</span> <span class='ocrx_word' id='word_1_153' title='bbox 877 2705 978 2767; x_wconf 86' lang='lat' dir='ltr'>aetate</span> <span class='ocrx_word' id='word_1_154' title='bbox 1004 2695 1085 2776; x_wconf 91' lang='lat' dir='ltr'>hac;</span> <span class='ocrx_word' id='word_1_155' title='bbox 1111 2718 1189 2766; x_wconf 92' lang='lat' dir='ltr'>cum</span> <span class='ocrx_word' id='word_1_156' title='bbox 1217 2705 1335 2766; x_wconf 90' lang='lat' dir='ltr'>tamen</span> 
     </span>
     <span class='ocr_line' id='line_1_22' title="bbox 257 2819 1334 2912; baseline 0.003 -26"><span class='ocrx_word' id='word_1_157' title='bbox 257 2819 326 2888; x_wconf 93' lang='lat' dir='ltr'>ullo</span> <span class='ocrx_word' id='word_1_158' title='bbox 346 2840 500 2910; x_wconf 90' lang='lat' dir='ltr'>unquam</span> <span class='ocrx_word' id='word_1_159' title='bbox 521 2821 595 2889; x_wconf 93' lang='lat' dir='ltr'>loco</span> <span class='ocrx_word' id='word_1_160' title='bbox 627 2827 688 2889; x_wconf 86' lang='lat' dir='ltr'>aut</span> <span class='ocrx_word' id='word_1_161' title='bbox 720 2827 875 2912; x_wconf 91' lang='lat' dir='ltr'>tempore</span> <span class='ocrx_word' id='word_1_162' title='bbox 908 2830 979 2889; x_wconf 93' lang='lat' dir='ltr'>tam</span> <span class='ocrx_word' id='word_1_163' title='bbox 1005 2820 1133 2889; x_wconf 92' lang='lat' dir='ltr'>nullam</span> <span class='ocrx_word' id='word_1_164' title='bbox 1160 2819 1209 2889; x_wconf 90' lang='lat' dir='ltr'>rei</span> <span class='ocrx_word' id='word_1_165' title='bbox 1230 2819 1334 2889; x_wconf 91' lang='lat' dir='ltr'>huius</span> 
     </span>
     <span class='ocr_line' id='line_1_23' title="bbox 257 2939 1336 3025; baseline 0.001 -17"><span class='ocrx_word' id='word_1_166' title='bbox 257 2940 413 3012; x_wconf 92' lang='lat' dir='ltr'>notitiam</span> <span class='ocrx_word' id='word_1_167' title='bbox 431 2941 541 3011; x_wconf 88' lang='lat' dir='ltr'>fuisse</span> <span class='ocrx_word' id='word_1_168' title='bbox 560 2939 717 3010; x_wconf 88' lang='lat' dir='ltr'>arbitrer.</span> <span class='ocrx_word' id='word_1_169' title='bbox 738 2941 825 3010; x_wconf 92' lang='lat' dir='ltr'>Volo</span> <span class='ocrx_word' id='word_1_170' title='bbox 845 2940 949 3011; x_wconf 89' lang='lat' dir='ltr'>bilem</span> <span class='ocrx_word' id='word_1_171' title='bbox 974 2941 1046 3011; x_wconf 90' lang='lat' dir='ltr'>risu</span> <span class='ocrx_word' id='word_1_172' title='bbox 1073 2941 1196 3025; x_wconf 83' lang='lat' dir='ltr'>lenias,</span> <span class='ocrx_word' id='word_1_173' title='bbox 1224 2951 1259 3012; x_wconf 92' lang='lat' dir='ltr'>et</span> <span class='ocrx_word' id='word_1_174' title='bbox 1283 2940 1336 3012; x_wconf 91' lang='lat' dir='ltr'>di-</span> 
     </span>
     <span class='ocr_line' id='line_1_24' title="bbox 259 3061 1333 3156; baseline -0.001 -22"><span class='ocrx_word' id='word_1_175' title='bbox 259 3085 338 3135; x_wconf 87' lang='lat' dir='ltr'>scas</span> <span class='ocrx_word' id='word_1_176' title='bbox 359 3063 448 3132; x_wconf 88' lang='lat' dir='ltr'>inter</span> <span class='ocrx_word' id='word_1_177' title='bbox 468 3061 580 3133; x_wconf 90' lang='lat' dir='ltr'>tristia</span> <span class='ocrx_word' id='word_1_178' title='bbox 599 3061 715 3133; x_wconf 92' lang='lat' dir='ltr'>iocari.</span> <span class='ocrx_word' id='word_1_179' title='bbox 736 3061 838 3132; x_wconf 88' lang='lat' dir='ltr'>Venit</span> <span class='ocrx_word' id='word_1_180' title='bbox 856 3061 902 3132; x_wconf 92' lang='lat' dir='ltr'>ad</span> <span class='ocrx_word' id='word_1_181' title='bbox 921 3062 1051 3134; x_wconf 89' lang='lat' dir='ltr'>curiam</span> <span class='ocrx_word' id='word_1_182' title='bbox 1075 3085 1199 3156; x_wconf 90' lang='lat' dir='ltr'>nuper,</span> <span class='ocrx_word' id='word_1_183' title='bbox 1227 3063 1333 3133; x_wconf 90' lang='lat' dir='ltr'>immo</span> 
     </span>
    </p>
   </div>
   <div class='ocr_carea' id='block_1_4' title="bbox 153 3182 1337 3278">
    <p class='ocr_par' dir='ltr' id='par_1_4' title="bbox 153 3182 1337 3278">
     <span class='ocr_line' id='line_1_25' title="bbox 153 3182 1337 3278; baseline 0.001 -22"><span class='ocrx_word' id='word_1_184' title='bbox 153 3255 156 3263; x_wconf 75' lang='grc'><strong><em>,</em></strong></span> <span class='ocrx_word' id='word_1_185' title='bbox 259 3207 345 3256; x_wconf 87' lang='lat' dir='ltr'>vero</span> <span class='ocrx_word' id='word_1_186' title='bbox 365 3182 434 3256; x_wconf 80' lang='lat' dir='ltr'>noli</span> <span class='ocrx_word' id='word_1_187' title='bbox 453 3184 563 3269; x_wconf 84' lang='lat' dir='ltr'>venit,</span> <span class='ocrx_word' id='word_1_188' title='bbox 588 3186 653 3257; x_wconf 89' lang='lat' dir='ltr'>sed</span> <span class='ocrx_word' id='word_1_189' title='bbox 671 3185 829 3278; x_wconf 90' lang='lat' dir='ltr'>captivus</span> <span class='ocrx_word' id='word_1_190' title='bbox 850 3185 978 3257; x_wconf 88' lang='lat' dir='ltr'>ductus</span> <span class='ocrx_word' id='word_1_191' title='bbox 994 3196 1049 3258; x_wconf 88' lang='lat' dir='ltr'>est</span> <span class='ocrx_word' id='word_1_192' title='bbox 1065 3187 1226 3259; x_wconf 88' lang='lat' dir='ltr'>Nicolaus</span> <span class='ocrx_word' id='word_1_193' title='bbox 1245 3187 1337 3259; x_wconf 84' lang='lat' dir='ltr'>Lau-</span> 
     </span>
    </p>
   </div>
   <div class='ocr_carea' id='block_1_5' title="bbox 260 3308 1340 4256">
    <p class='ocr_par' dir='ltr' id='par_1_5' title="bbox 260 3308 1340 4256">
     <span class='ocr_line' id='line_1_26' title="bbox 260 3308 1337 3394; baseline -0.004 -13"><span class='ocrx_word' id='word_1_194' title='bbox 260 3308 372 3394; x_wconf 90' lang='lat' dir='ltr'>rentii,</span> <span class='ocrx_word' id='word_1_195' title='bbox 392 3308 471 3378; x_wconf 90' lang='lat' dir='ltr'>olim</span> <span class='ocrx_word' id='word_1_196' title='bbox 493 3311 561 3380; x_wconf 87' lang='lat' dir='ltr'>late</span> <span class='ocrx_word' id='word_1_197' title='bbox 581 3309 785 3381; x_wconf 81' lang='lat' dir='ltr'>formidatus</span> <span class='ocrx_word' id='word_1_198' title='bbox 802 3309 963 3381; x_wconf 90' lang='lat' dir='ltr'>tribunus</span> <span class='ocrx_word' id='word_1_199' title='bbox 981 3309 1078 3381; x_wconf 89' lang='lat' dir='ltr'>urbis</span> <span class='ocrx_word' id='word_1_200' title='bbox 1095 3310 1223 3394; x_wconf 84' lang='lat' dir='ltr'>Romae,</span> <span class='ocrx_word' id='word_1_201' title='bbox 1245 3329 1337 3380; x_wconf 90' lang='lat' dir='ltr'>nunc</span> 
     </span>
     <span class='ocr_line' id='line_1_27' title="bbox 260 3430 1337 3525; baseline -0.006 -19"><span class='ocrx_word' id='word_1_202' title='bbox 260 3431 414 3506; x_wconf 89' lang='lat' dir='ltr'>omnium</span> <span class='ocrx_word' id='word_1_203' title='bbox 432 3432 608 3504; x_wconf 91' lang='lat' dir='ltr'>hominum</span> <span class='ocrx_word' id='word_1_204' title='bbox 627 3432 857 3517; x_wconf 68' lang='lat' dir='ltr'>miserrimus</span> <span class='ocrx_word' id='word_1_205' title='bbox 872 3443 921 3516; x_wconf 90' lang='lat' dir='ltr'>et,</span> <span class='ocrx_word' id='word_1_206' title='bbox 937 3433 1031 3525; x_wconf 91' lang='lat' dir='ltr'>quod</span> <span class='ocrx_word' id='word_1_207' title='bbox 1047 3443 1244 3504; x_wconf 86' lang='lat' dir='ltr'>extremum</span> <span class='ocrx_word' id='word_1_208' title='bbox 1257 3430 1337 3500; x_wconf 93' lang='lat' dir='ltr'>mali</span> 
     </span>
     <span class='ocr_line' id='line_1_28' title="bbox 262 3551 1338 3648; baseline -0.005 -22"><span class='ocrx_word' id='word_1_209' title='bbox 262 3576 374 3648; x_wconf 90' lang='lat' dir='ltr'>genus</span> <span class='ocrx_word' id='word_1_210' title='bbox 394 3565 461 3637; x_wconf 91' lang='lat' dir='ltr'>est,</span> <span class='ocrx_word' id='word_1_211' title='bbox 481 3552 598 3625; x_wconf 88' lang='lat' dir='ltr'>nescio</span> <span class='ocrx_word' id='word_1_212' title='bbox 616 3575 675 3638; x_wconf 91' lang='lat' dir='ltr'>an,</span> <span class='ocrx_word' id='word_1_213' title='bbox 696 3563 734 3624; x_wconf 88' lang='lat' dir='ltr'>ut</span> <span class='ocrx_word' id='word_1_214' title='bbox 750 3554 852 3624; x_wconf 87' lang='lat' dir='ltr'>valde</span> <span class='ocrx_word' id='word_1_215' title='bbox 870 3554 990 3637; x_wconf 90' lang='lat' dir='ltr'>miser,</span> <span class='ocrx_word' id='word_1_216' title='bbox 1010 3553 1060 3624; x_wconf 91' lang='lat' dir='ltr'>sic</span> <span class='ocrx_word' id='word_1_217' title='bbox 1076 3553 1216 3623; x_wconf 91' lang='lat' dir='ltr'>minime</span> <span class='ocrx_word' id='word_1_218' title='bbox 1233 3551 1338 3622; x_wconf 91' lang='lat' dir='ltr'>mise-</span> 
     </span>
     <span class='ocr_line' id='line_1_29' title="bbox 262 3673 1337 3771; baseline -0.008 -22"><span class='ocrx_word' id='word_1_219' title='bbox 262 3678 394 3762; x_wconf 92' lang='lat' dir='ltr'>rabilis,</span> <span class='ocrx_word' id='word_1_220' title='bbox 430 3677 488 3771; x_wconf 93' lang='lat' dir='ltr'>qui</span> <span class='ocrx_word' id='word_1_221' title='bbox 521 3699 601 3748; x_wconf 86' lang='lat' dir='ltr'>cum</span> <span class='ocrx_word' id='word_1_222' title='bbox 634 3677 669 3748; x_wconf 91' lang='lat' dir='ltr'>in</span> <span class='ocrx_word' id='word_1_223' title='bbox 703 3677 867 3770; x_wconf 91' lang='lat' dir='ltr'>Capitolio</span> <span class='ocrx_word' id='word_1_224' title='bbox 900 3686 993 3747; x_wconf 86' lang='lat' dir='ltr'>tanta</span> <span class='ocrx_word' id='word_1_225' title='bbox 1022 3698 1102 3747; x_wconf 91' lang='lat' dir='ltr'>cum</span> <span class='ocrx_word' id='word_1_226' title='bbox 1123 3673 1231 3766; x_wconf 85' lang='lat' dir='ltr'>gloria</span> <span class='ocrx_word' id='word_1_227' title='bbox 1252 3673 1337 3745; x_wconf 92' lang='lat' dir='ltr'>mori</span> 
     </span>
     <span class='ocr_line' id='line_1_30' title="bbox 262 3799 1337 3902; baseline -0.008 -28"><span class='ocrx_word' id='word_1_228' title='bbox 262 3811 394 3896; x_wconf 87' lang='lat' dir='ltr'>posset,</span> <span class='ocrx_word' id='word_1_229' title='bbox 422 3801 646 3873; x_wconf 88' lang='lat' dir='ltr'>Bohemicum</span> <span class='ocrx_word' id='word_1_230' title='bbox 680 3813 715 3873; x_wconf 90' lang='lat' dir='ltr'>et</span> <span class='ocrx_word' id='word_1_231' title='bbox 749 3824 833 3873; x_wconf 82' lang='lat' dir='ltr'>mox</span> <span class='ocrx_word' id='word_1_232' title='bbox 858 3799 1143 3871; x_wconf 87' lang='lat' dir='ltr'>Lemonioensem</span> <span class='ocrx_word' id='word_1_233' title='bbox 1167 3816 1337 3902; x_wconf 80' lang='lat' dir='ltr'>carcerem</span> 
     </span>
     <span class='ocr_line' id='line_1_31' title="bbox 265 3918 1339 4011; baseline -0.007 -17"><span class='ocrx_word' id='word_1_234' title='bbox 265 3925 395 4009; x_wconf 89' lang='lat' dir='ltr'>subire,</span> <span class='ocrx_word' id='word_1_235' title='bbox 418 3931 513 3994; x_wconf 90' lang='lat' dir='ltr'>tanto</span> <span class='ocrx_word' id='word_1_236' title='bbox 540 3946 603 3994; x_wconf 90' lang='lat' dir='ltr'>suo</span> <span class='ocrx_word' id='word_1_237' title='bbox 627 3934 662 3995; x_wconf 88' lang='lat' dir='ltr'>et</span> <span class='ocrx_word' id='word_1_238' title='bbox 686 3923 817 3994; x_wconf 91' lang='lat' dir='ltr'>romani</span> <span class='ocrx_word' id='word_1_239' title='bbox 839 3920 988 3992; x_wconf 89' lang='lat' dir='ltr'>nominis</span> <span class='ocrx_word' id='word_1_240' title='bbox 1009 3942 1050 3991; x_wconf 90' lang='lat' dir='ltr'>ac</span> <span class='ocrx_word' id='word_1_241' title='bbox 1071 3918 1268 4011; x_wconf 80' lang='lat' dir='ltr'>reipublicae</span> <span class='ocrx_word' id='word_1_242' title='bbox 1287 3918 1339 3986; x_wconf 93' lang='lat' dir='ltr'>lu-</span> 
     </span>
     <span class='ocr_line' id='line_1_32' title="bbox 265 4040 1339 4136; baseline -0.007 -22"><span class='ocrx_word' id='word_1_243' title='bbox 265 4042 390 4132; x_wconf 85' lang='lat' dir='ltr'>dibrio,</span> <span class='ocrx_word' id='word_1_244' title='bbox 408 4044 581 4116; x_wconf 87' lang='lat' dir='ltr'>sustinuit.</span> <span class='ocrx_word' id='word_1_245' title='bbox 600 4045 640 4114; x_wconf 93' lang='lat' dir='ltr'>ln</span> <span class='ocrx_word' id='word_1_246' title='bbox 656 4065 725 4136; x_wconf 89' lang='lat' dir='ltr'>quo</span> <span class='ocrx_word' id='word_1_247' title='bbox 738 4041 912 4114; x_wconf 91' lang='lat' dir='ltr'>laudando</span> <span class='ocrx_word' id='word_1_248' title='bbox 929 4040 1172 4132; x_wconf 90' lang='lat' dir='ltr'>monendoque</span> <span class='ocrx_word' id='word_1_249' title='bbox 1189 4047 1339 4132; x_wconf 84' lang='lat' dir='ltr'>quantus</span> 
     </span>
     <span class='ocr_line' id='line_1_33' title="bbox 266 4157 1340 4256; baseline -0.005 -22"><span class='ocrx_word' id='word_1_250' title='bbox 266 4165 322 4234; x_wconf 91' lang='lat' dir='ltr'>hic</span> <span class='ocrx_word' id='word_1_251' title='bbox 341 4167 494 4237; x_wconf 89' lang='lat' dir='ltr'>calamus</span> <span class='ocrx_word' id='word_1_252' title='bbox 516 4164 620 4237; x_wconf 86' lang='lat' dir='ltr'>luerit</span> <span class='ocrx_word' id='word_1_253' title='bbox 640 4165 754 4236; x_wconf 89' lang='lat' dir='ltr'>notius</span> <span class='ocrx_word' id='word_1_254' title='bbox 776 4173 831 4234; x_wconf 89' lang='lat' dir='ltr'>cst</span> <span class='ocrx_word' id='word_1_255' title='bbox 850 4166 937 4235; x_wconf 81' lang='lat' dir='ltr'>sorte</span> <span class='ocrx_word' id='word_1_256' title='bbox 954 4185 1059 4256; x_wconf 89' lang='lat' dir='ltr'>quam</span> <span class='ocrx_word' id='word_1_257' title='bbox 1077 4163 1213 4234; x_wconf 81' lang='lat' dir='ltr'>vellem.</span> <span class='ocrx_word' id='word_1_258' title='bbox 1235 4157 1340 4230; x_wconf 83' lang='lat' dir='ltr'>Ama-</span> 
     </span>
    </p>
   </div>
   <div class='ocr_carea' id='block_1_6' title="bbox 0 0 1501 4804">
    <p class='ocr_par' dir='ltr' id='par_1_6' title="bbox 0 0 1501 4804">
     <span class='ocr_line' id='line_1_34' title="bbox 0 0 1501 4804; baseline 0 0"><span class='ocrx_word' id='word_1_259' title='bbox 0 0 1501 4804; x_wconf 95' lang='lat' dir='ltr'> </span> 
     </span>
    </p>
   </div>
  </div>
 </body>
</html>
