3062 4798
617 372 656 419 ΒΕ
680 371 780 421 REBUS
804 371 1022 420 summittimus

701 685 878 750 EPISTOLA
899 686 943 749 lv.

336 876 529 930 rnanctscvs
550 880 719 930 PETRARCA
740 879 870 929 GUIDONI
891 879 1129 930 nncutnmcono
1150 879 1307 932 annosos!

759 985 786 1031 S.
809 985 837 1033 P.
859 985 889 1032 D.

321 1152 422 1206 Narrat
436 1152 470 1205 de
486 1151 681 1205 Genuensibus
695 1151 724 1204 in
737 1149 821 1204 fidem
835 1149 946 1204 Domini
961 1149 1176 1207 Mediolanensis
1189 1155 1323 1226 receptis,

406 1241 495 1312 deque
511 1255 608 1294 eorum
623 1245 697 1295 sorte
710 1239 849 1295 solicitum
863 1239 917 1312 piis
931 1239 1043 1296 monitis
1056 1243 1224 1298 consolatur.

378 1483 585 1578 Expectatio
607 1484 811 1576 supplicium
837 1492 907 1554 est:
936 1482 1002 1555 hoc
1029 1493 1062 1554 te
1087 1483 1361 1575 quamprimum

279 1609 428 1679 liberare
448 1605 616 1698 disposui.
641 1607 760 1699 itaque
781 1614 860 1698 post
881 1627 949 1677 non
970 1608 1099 1677 multos
1120 1605 1197 1679 dies
1214 1607 1361 1701 primunr

279 1728 387 1800 eladis
410 1726 566 1796 nuntium
590 1736 739 1819 sequuta
760 1727 887 1817 iegatio
914 1726 1080 1798 solemnis
1101 1727 1170 1798 huo
1191 1728 1289 1800 venit
1309 1749 1364 1798 so-

279 1849 530 1950 briaquadam,
544 1856 580 1919 et
602 1856 639 1918 ut
658 1847 707 1918 ita
726 1849 891 1933 dixerim,
914 1849 1114 1920 veneranda
1136 1849 1291 1934 tristitia,
1313 1861 1364 1921 at-

279 1993 356 2064 que,
372 1979 411 2042 ut
422 1972 601 2072 eleganter
612 1969 660 2041 ait
674 1971 815 2053 Statius
835 1971 944 2041 multa
961 1991 1042 2040 oum
1061 1968 1241 2040 maiestate
1255 1971 1362 2042 malo

279 2117 368 2167 rum.
394 2093 477 2166 Erat
505 2094 538 2163 in
566 2093 674 2165 oculis
697 2104 848 2187 aooeptae
867 2071 979 2186 pudor
999 2091 1222 2182 ignominiae,
1244 2102 1281 2163 et
1301 2114 1362 2185 pu-

278 2218 358 2288 biioi
377 2217 496 2290 damni
516 2216 627 2301 doior,
650 2225 685 2288 et
705 2216 828 2308 patriae
849 2214 1039 2296 miseratio,
1064 2215 1223 2306 interque
1243 2224 1295 2286 tot
1313 2217 1361 2285 ai-

277 2343 387 2412 ieotus
422 2340 588 2435 trepidos,
624 2339 816 2432 indignatio
849 2338 952 2421 aoriS,
986 2345 1021 2408 et
1053 2335 1180 2410 ardens
1200 2337 1361 2430 quaedam

280 2461 427 2532 sointiila
448 2461 621 2535 vindiotae.
644 2461 761 2532 Multis
783 2460 925 2554 quidem
957 2481 1015 2530 ros
1048 2471 1126 2531 acta
1159 2458 1360 2530 tractatibus

278 2604 367 2676 quos
388 2586 484 2656 locus
511 2585 576 2654 isto
601 2603 671 2654 non
691 2583 801 2679 capit:
825 2583 965 2665 tandem
988 2603 1152 2674 supremo
1171 2580 1248 2653 dies
1269 2582 1361 2654 adsi-

279 2719 384 2800 gnata
401 2708 585 2801 colloquio:
597 2729 679 2800 quae
695 2707 752 2778 ubi
766 2707 894 2790 illuxit,
912 2705 1024 2777 vocati
1037 2715 1159 2777 omnes
1177 2706 1359 2788 adfuimus,

280 2839 384 2923 atque
406 2826 469 2899 iilis
490 2828 667 2901 dominum
690 2827 954 2923 expectantibus
977 2826 1095 2900 iussus
1122 2848 1240 2900 comes
1260 2849 1358 2903 esse.

279 2951 405 3042 cupide
417 2950 640 3044 parui,utqui
654 2960 811 3042 optarem
825 2950 1099 3022 moestaeseriem
1113 2950 1360 3042 historiae,quae

280 3073 386 3161 vulgo
408 3071 502 3140 varie
524 3070 768 3141 iactareturex
785 3093 845 3142 oro
859 3071 999 3143 scientis
1021 3071 1213 3162 addiscere.
1236 3072 1360 3144 Conse·

278 3191 411 3262 dimus:
434 3192 540 3283 regiae
559 3192 684 3264 domus
703 3193 736 3264 in
757 3193 869 3266 madio
889 3197 968 3266 aula
989 3195 1112 3287 ingens
1129 3206 1183 3266 est
1200 3171 1287 3266 auro
1303 3215 1361 3266 ve-

280 3314 371 3388 stitis
406 3314 515 3386 muris
545 3337 585 3386 ao
617 3315 772 3388 trabibus
794 3317 921 3409 insigni
943 3318 1077 3409 fulgore
1099 3316 1276 3388 mirabilis.
1302 3315 1359 3388 Ubi

279 3462 359 3511 eum
380 3439 477 3511 multi
498 3461 545 3510 ex
566 3439 688 3512 aulicis
708 3440 969 3522 convenissent,
991 3461 1077 3512 oasu
1099 3440 1182 3510 mibi
1204 3439 1359 3534 prinoeps

281 3562 462 3654 legationis
482 3561 515 3632 in
536 3571 628 3634 sorte
648 3562 768 3646 datus,
787 3562 843 3632 vir
860 3560 1015 3653 prudens
1033 3571 1070 3632 et
1085 3563 1278 3633 litterarum
1295 3582 1359 3633 non

280 3686 439 3777 ignarus,
462 3707 532 3777 quo
564 3707 644 3756 oum
681 3705 796 3756 sermo
830 3684 913 3754 mibi
945 3706 1007 3780 pro
1038 3696 1193 3779 tompore
1227 3685 1358 3765 varius,

278 3805 380 3877 ouius
401 3804 445 3876 da
467 3816 512 3906 te,
536 3827 639 3898 quem
663 3805 719 3877 iile
740 3804 847 3898 probe
870 3817 1029 3891 noverat,
1052 3807 1161 3900 prima
1184 3828 1266 3901 pars
1286 3805 1359 3883 fuit,

281 3928 440 4018 proxima
474 3928 518 3999 de
553 3938 645 3999 statu
680 3928 802 4021 patriae
836 3929 991 4001 moestior
1020 3949 1060 4000 ao
1081 3928 1218 4019 longior
1237 3928 1358 4007 oratio,

279 4050 379 4118 ouius
401 4050 477 4120 haeo
498 4071 635 4122 summa
656 4051 729 4121 suit.
743 4049 864 4121 Omnis
882 4050 1022 4144 quidem
1040 4051 1185 4123 infelicis
1203 4050 1312 4144 praelii
1329 4048 1359 4117 iu

282 4189 387 4236 unum
409 4171 532 4239 duoem
555 4174 655 4263 culpa
678 4171 878 4254 reflectitur;
894 4173 952 4264 qui
968 4170 1098 4244 utinam
1113 4173 1359 4264 Carthaginen-
