3024 4802
399 354 765 404 Llllllll-*llOlllJSllEClblUSa
777 371 817 388 ···
832 355 984 406 EPISTULA
1006 357 1067 406 xvi.
1215 345 1272 408 559

187 496 378 589 praesentia
398 518 476 568 mea
502 495 577 567 illos
603 493 810 567 offenderet:
837 494 902 567 sed
926 508 1092 592 reputans
1119 519 1173 569 me
1199 497 1284 574 siue

187 618 291 713 equis
315 641 355 690 ac
374 618 528 703 famulis,
551 626 589 690 ut
609 616 722 691 adhuc
747 629 802 690 est
822 619 906 690 vitae
932 619 1069 704 modus,
1098 642 1178 692 esse
1205 641 1274 693 nou

188 764 309 837 posse,
331 741 429 814 timui
446 763 491 813 ne
510 741 647 814 servilis
667 743 866 813 temulentia
880 765 920 813 ac
934 741 1098 836 strepitus
1111 744 1274 836 religioso

190 864 329 938 silentio
354 864 543 937 obstarent.
572 865 628 936 Sic
654 864 804 936 vicinam
830 863 968 936 illorum
993 864 1135 937 domum
1169 869 1275 938 malui

189 987 284 1061 unde
305 987 416 1060 ollicio
435 1007 609 1083 praeseus,
632 986 737 1060 taedio
758 997 873 1060 autem
896 986 1024 1059 absens
1047 989 1115 1081 piae
1136 989 1275 1060 familiae

188 1110 330 1182 devotis
351 1108 495 1196 actibus,
517 1108 619 1204 quasi
650 1131 772 1182 eorum
794 1130 894 1197 unus,
916 1108 1145 1204 quandolibet
1170 1110 1274 1183 inter-

190 1257 282 1307 sum.
305 1234 448 1306 Sacrum
470 1233 554 1304 mihi
574 1235 739 1306 continuo
756 1236 862 1306 limen
882 1245 988 1329 patet,
1016 1259 1036 1308 a
1062 1257 1132 1328 quo
1157 1234 1276 1305 famuli

190 1359 260 1429 mei
281 1358 439 1440 exulant,
460 1365 566 1450 atque
584 1357 745 1440 advenae,
767 1357 833 1431 nisi
857 1358 926 1430 rari
953 1358 1156 1442 admodum,
1185 1379 1275 1452 quos

190 1481 274 1552 vitae
292 1479 442 1572 qualitas
464 1479 523 1551 tali
543 1479 669 1570 dignos
690 1481 770 1552 lacit
795 1479 956 1573 hospitio.
991 1482 1123 1578 Nempe
1150 1481 1201 1552 sio
1229 1503 1276 1552 ex

92 1661 94 1666 .
189 1606 300 1676 altero
321 1602 481 1674 solatium
500 1602 612 1697 quaeri
625 1602 737 1687 decet,
754 1625 797 1674 ne
813 1602 952 1676 fastidio
971 1605 1019 1674 illi
1038 1605 1087 1675 sis
1106 1602 1199 1676 unde
1217 1612 1276 1675 tuo

188 1727 344 1800 consulis
363 1723 514 1800 fastidio.
537 1725 575 1796 ln
596 1747 665 1819 quo
692 1745 787 1819 saepe
813 1736 987 1820 peccatur,
1015 1729 1101 1801 dum
1126 1730 1275 1821 quisque

189 1847 257 1920 sibi
291 1847 434 1918 nimium
465 1847 665 1939 indulgens
692 1847 796 1920 alium
823 1870 893 1919 non
927 1849 1066 1942 cogitat.
1102 1849 1163 1920 His
1190 1849 1276 1920 mihi

189 1966 355 2061 equidem
376 1970 410 2038 in
431 1969 531 2054 locis,
546 1991 590 2040 ne
607 1967 692 2062 quid
712 1971 863 2054 nescias,
879 1982 1008 2062 praeter
1024 1971 1154 2042 amicos
1177 1980 1275 2042 vete-

190 2112 249 2164 res
263 2091 391 2164 deesse
404 2092 453 2161 nil
467 2092 593 2176 sentio,
611 2112 761 2183 quorum
780 2111 835 2162 me
856 2091 1067 2163 ditissimum
1084 2102 1121 2163 et
1137 2095 1273 2164 illorum

189 2217 304 2287 virtus
324 2223 360 2285 ct
380 2235 457 2286 mea
479 2235 556 2285 sors
579 2216 720 2297 fecerat;
741 2215 880 2306 inopem
901 2223 937 2284 et
954 2236 1049 2287 mors
1070 2215 1217 2309 pridem,
1240 2226 1276 2288 et

189 2361 283 2410 nunc
302 2338 384 2410 facit
404 2335 573 2408 absentia.
592 2337 760 2420 Quamvis
779 2336 871 2407 enim
893 2339 1014 2409 vultus
1036 2349 1176 2432 separet
1197 2340 1274 2410 illos

189 2483 260 2532 non
281 2463 430 2544 animus²
454 2467 642 2531 esttamen
665 2459 863 2552 praesentiae
883 2460 1074 2556 corporalis
1100 2482 1171 2533 nou
1196 2463 1274 2533 leve

189 2581 420 2666 desiderium,
444 2581 538 2676 qnod
559 2583 593 2652 in
613 2581 691 2654 aliis
711 2603 767 2653 me
792 2583 891 2654 facile
911 2585 1099 2656 leniturum
1121 2586 1219 2670 scito,
1244 2586 1275 2656 si

191 2717 225 2777 te
246 2703 345 2789 mihi,
369 2707 398 2775 si
424 2706 597 2777 Socratem
627 2714 785 2776 nostrum
810 2707 949 2776 fortuna
975 2705 1146 2778 restituat.
1173 2707 1275 2791 Quod

191 2829 332 2922 speravi
344 2828 416 2914 diu,
430 2828 549 2912 fateor,
565 2837 669 2922 atque
687 2826 816 2922 optavi.
837 2827 922 2899 Nolo
936 2827 1075 2922 quidem
1094 2850 1151 2900 me
1168 2851 1276 2903 excu-

190 2950 292 3024 sandi
306 2950 422 3024 studio
435 2950 634 3048 quempiam
648 2973 824 3034 accusare,
841 2951 903 3023 sed
919 2953 949 3022 si
963 2951 1117 3043 pergitis,
1132 2952 1274 3045 quando

189 3073 384 3146 remedium
402 3075 498 3146 alind
513 3096 583 3146 non
601 3085 668 3159 est,
689 3075 895 3166 imaginaria
913 3095 1069 3146 meorum
1087 3077 1275 3172 praesentia

190 3219 246 3268 me
273 3193 425 3279 solabor,
454 3195 567 3288 deque
594 3197 649 3267 his
675 3199 804 3268 sanctis
831 3219 872 3268 ac
898 3195 1115 3293 simplicibus
1146 3199 1274 3269 Christi

190 3318 310 3390 amicis
331 3316 427 3411 quod
446 3316 585 3388 dabitur
604 3337 675 3388 non
693 3317 856 3390 litteratae
874 3320 954 3396 licet
970 3341 1011 3391 ac
1027 3321 1188 3393 facundae
1209 3322 1274 3393 sed

190 3437 330 3512 humilis
350 3449 385 3511 et
405 3438 543 3512 devotae
565 3438 841 3512 conuersationis
862 3439 1010 3526 eliciam,
1039 3463 1119 3514 cum
1145 3441 1273 3534 quibus

192 3584 269 3634 rara
290 3564 387 3635 iuvat
407 3561 495 3634 inire
514 3562 694 3647 convivia,
717 3561 839 3652 crebra
860 3564 1045 3657 colloquia,
1068 3574 1272 3659 perpetuam

191 3686 380 3758 caritatem.
412 3687 534 3779 Neque
554 3683 714 3757 ultimum
740 3687 825 3757 vitae
849 3705 938 3758 meae
964 3688 1155 3780 mortisque
1180 3708 1272 3782 prae-

191 3806 318 3880 sidium
343 3808 378 3878 in
403 3809 539 3882 illorum
565 3806 779 3882 orationibus
805 3809 911 3881 situm
938 3832 1056 3904 spere,
1084 3809 1212 3903 quibus
1238 3822 1273 3884 et

191 3941 227 4003 ut
247 3943 324 4004 tuas
342 3931 482 4004 adiicias
501 3933 661 4018 obsecre,
679 3942 717 4003 ut
733 3933 883 4027 Spiritus
902 3935 1050 4006 Sanctus
1067 3935 1268 4019 adveniens,

190 4060 246 4129 cui
267 4057 456 4130 hodiernus
479 4079 578 4132 sacer
597 4067 652 4130 est
677 4057 767 4144 (lies,
797 4060 932 4132 luscum
960 4060 1024 4133 hoc
1050 4083 1090 4132 ac
1116 4058 1268 4150 gelidum

145 4265 146 4270 Ἰ
190 4201 249 4251 cor
269 4179 467 4252 iollammet.
490 4182 582 4253 Vale.
