3002 4794
241 363 281 424 26
580 374 622 422 DE
641 371 742 421 REBUS
761 370 983 420 FdlllLlAlllBUS

241 517 411 589 habentes
430 515 561 601 iudicii,
584 537 627 586 ne
647 515 750 587 otiosi
769 515 846 602 sint,
865 517 921 587 vel
935 517 1044 586 solam
1057 535 1190 585 moram
1202 536 1316 587 meam

242 643 277 712 in
296 640 393 713 curia
412 639 651 724 criminantur,
674 640 769 732 quod
789 638 926 711 nonnisi
945 638 980 708 in
1001 638 1165 710 damnum
1186 647 1222 709 ct
1238 659 1317 732 per-

241 765 365 836 niciem
387 774 480 835 tuam
503 762 547 834 sit
560 783 648 856 vquae
667 772 764 833 tuum
785 764 899 856 potius
919 762 965 833 ad
985 761 1191 853 obsequium
1211 773 1316 848 esset,

242 889 272 959 si
304 909 374 980 qua
399 887 528 969 afforet,
556 887 715 972 facultas
736 893 772 956 et
792 887 867 957 iure
892 895 952 958 tuo
977 885 1026 956 uti
1051 886 1160 956 velles
1184 883 1220 954 in
1247 905 1316 955 me.

239 1008 353 1081 Audio
373 1012 466 1081 enim
487 1008 579 1102 apud
599 1031 664 1080 vos
684 1031 764 1082 esse
785 1009 982 1094 nonnullos
1009 1008 1188 1079 hominum
1206 1029 1318 1099 genus

240 1134 342 1205 alieni
367 1133 560 1217 sollicitum,
589 1131 726 1225 pigrum
752 1131 816 1216 sui,
843 1131 903 1225 qui
928 1131 1133 1204 seinvicem
1151 1130 1318 1204 derebus

240 1257 453 1348 interrogent
484 1254 713 1348 vicissimque
746 1253 994 1349 respondeant,
1028 1253 1130 1346 quasi
1154 1251 1191 1323 in
1213 1254 1318 1326 corde

240 1399 319 1449 meo
341 1378 410 1450 sint
430 1401 550 1450 eorum
572 1377 672 1448 oculi.
695 1375 921 1468 interrogatio
941 1376 987 1448 ad
1006 1375 1099 1447 hunc
1117 1375 1260 1448 modum
1280 1398 1319 1450 se

240 1501 362 1574 habet:
389 1500 479 1585 Quid
500 1500 763 1572 archidiaconus
786 1510 852 1572 tam
875 1500 935 1571 diu
956 1499 1066 1583 abest,
1093 1499 1223 1592 quidve
1248 1499 1322 1592 agit

242 1624 277 1695 in
297 1625 416 1697 ouria?
435 1623 645 1719 Responsio:
671 1622 772 1695 Haud
796 1623 903 1695 dubie
928 1623 1011 1694 mali
1035 1623 1165 1716 aliquid
1190 1623 1321 1696 machi-

243 1758 345 1820 natur
364 1748 546 1842 Episcopo.
567 1749 710 1820 Possem
728 1771 832 1832 nunc,
853 1746 882 1819 si
900 1746 985 1817 mihi
997 1748 1043 1820 ad
1055 1761 1191 1840 poetam
1206 1769 1321 1821 sermo

241 1881 347 1956 esset,
366 1871 631 1965 imprecationes
650 1871 817 1944 adhihere
835 1870 1004 1965 poeticas3
1029 1873 1093 1944 sed
1109 1872 1321 1968 Episcopum

242 1997 409 2088 alloquor,
433 1995 608 2087 agendum
629 1994 758 2066 mitius.
777 1995 897 2087 ltaque
914 1995 1087 2068 adversus
1108 1995 1232 2068 horum
1256 1997 1323 2066 lin·

243 2140 343 2211 guas,
366 2118 493 2211 quibus
514 2119 633 2191 dolose
654 2128 777 2210 agunt,
804 2118 976 2190 adversus
997 2139 1057 2190 cor
1069 2139 1191 2191 eorum
1203 2119 1239 2190 in
1251 2141 1321 2214 quo

243 2265 312 2314 non
333 2251 388 2314 est
408 2241 553 2328 veritas,
573 2241 667 2336 quod
686 2244 925 2316 maledictione
944 2247 1085 2337 plenum
1104 2250 1160 2314 est
1175 2251 1212 2312 et
1228 2264 1323 2314 ama-

242 2366 392 2438 ritudine
408 2375 443 2436 et
459 2367 548 2452 dolo,
568 2373 603 2436 et
621 2365 688 2438 sub
705 2367 825 2459 lingua
841 2367 917 2438 eius
935 2366 1032 2440 labor
1048 2376 1084 2438 et
1099 2368 1208 2452 dolor,
1227 2367 1323 2458 quod

244 2487 339 2557 aliud
355 2487 501 2557 remedii
518 2509 630 2577 genus
649 2487 832 2572 inveniam,
851 2487 918 2557 nisi
932 2487 1016 2558 illud
1027 2487 1226 2572 Psalmistae,
1241 2510 1322 2559 cum

244 2608 472 2681 tribularetur
496 2608 541 2680 ad
566 2609 749 2679 Dominum
775 2608 954 2680 clamantis
987 2637 1003 2676 α
1034 2609 1186 2694 Domina,
1218 2611 1324 2683 libera

244 2734 392 2802 ocimum
405 2753 513 2802 meam
527 2756 549 2804 a
565 2733 658 2804 lobiis
670 2734 795 2822 iniquis
807 2743 838 2802 ct
849 2755 871 2802 c
884 2733 999 2824 lingua
1010 2730 1143 2804 dolosa?
1159 2761 1176 2799 a
1191 2741 1227 2806 et
1238 2732 1324 2808 illud

243 2855 410 2943 eiusdem,
432 2857 527 2950 quod
545 2879 722 2950 nunquam
744 2857 819 2928 sine
843 2878 935 2929 novo
960 2856 1085 2928 mentis
1106 2855 1258 2951 impulsu
1277 2857 1324 2929 ad

244 3001 284 3052 os
305 3001 422 3050 meum
439 3001 501 3072 per
519 2978 677 3070 singulos
694 2979 770 3050 dies
788 2980 879 3052 redit
894 2989 930 3052 et
947 3000 1041 3073 saepe
1059 2979 1232 3073 supplices
1249 3001 1324 3052 ma-

243 3122 310 3172 nus
335 3101 427 3193 cogit
451 3101 497 3173 ad
521 3103 647 3174 coelum
674 3104 795 3174 tollere
820 3101 996 3176 «Redime
1022 3125 1121 3176 mea
1150 3103 1324 3172 calumniis

243 3225 412 3296 homiuum
431 3237 468 3296 ut
489 3223 667 3296 custodiam
686 3224 844 3296 mandatu
857 3227 938 3297 tuo?
954 3255 970 3292 n
985 3227 1069 3298 Haec
1081 3224 1184 3298 ethis
1199 3223 1324 3297 similia

243 3345 370 3433 dicam,
391 3369 529 3441 semper
550 3349 652 3420 etiam
675 3348 760 3420 dum
776 3348 924 3422 videbor
940 3349 1078 3432 tacitus,
1103 3369 1168 3419 neo
1189 3348 1324 3443 precari

243 3470 416 3555 desinam,
439 3470 550 3542 donec
570 3474 628 3543 vel
648 3471 694 3543 ad
713 3471 929 3544 corrediens
949 3470 1113 3565 iniquitas
1130 3471 1260 3566 oppilet
1283 3491 1323 3542 os

245 3582 365 3679 suum,
385 3596 442 3664 vel
463 3593 579 3687 aliquo
599 3595 661 3666 Dei
683 3593 809 3668 iudicio
827 3594 1041 3668 obstructum
1061 3595 1107 3668 sit
1123 3617 1163 3668 os
1180 3596 1323 3686 loquen-

246 3716 332 3788 tium
353 3716 482 3810 iniqua.

345 3842 519 3914 Hactenus
541 3843 713 3916 adversus
734 3843 826 3928 illos,
848 3844 1050 3918 concitatior
1062 3861 1165 3938 quam
1179 3838 1275 3911 volui
1287 3849 1324 3912 ct

257 3964 405 4034 fortasse
422 3988 532 4060 ‘quam
559 3966 676 4038 debui:
698 3968 762 4040 sed
781 3991 896 4041 rerum
916 3967 1101 4060 indignitas
1121 3986 1178 4034 me
1197 3963 1322 4056 coegit.

248 4080 294 4153 At
314 4083 488 4181 deinceps,
511 4090 593 4181 quia
612 4114 692 4163 cum
712 4091 755 4163 iis
775 4113 855 4164 esse
872 4092 957 4164 mihi
974 4113 1049 4164 rem
1062 4087 1164 4160 video
1177 4087 1237 4182 qui
1249 4086 1324 4158 ani-

247 4229 343 4282 mum
363 4207 398 4279 in
418 4210 519 4284 labiis
540 4211 682 4299 habent,
707 4235 774 4306 ego
798 4235 914 4287 meum
939 4212 1093 4286 animum
1118 4211 1154 4284 iu
1178 4209 1322 4286 auribus
