<?xml version="1.0" encoding="UTF-8"?>
<!DOCTYPE html PUBLIC "-//W3C//DTD XHTML 1.0 Transitional//EN"
    "http://www.w3.org/TR/xhtml1/DTD/xhtml1-transitional.dtd">
<html xmlns="http://www.w3.org/1999/xhtml" xml:lang="en" lang="en">
 <head>
  <title>
</title>
<meta http-equiv="Content-Type" content="text/html;charset=utf-8" />
  <meta name='ocr-system' content='tesseract 3.04.00' />
  <meta name='ocr-capabilities' content='ocr_page ocr_carea ocr_par ocr_line ocrx_word'/>
</head>
<body>
  <div class='ocr_page' id='page_1' title='image "./franciscipetrar01fracgoog_0165.png"; bbox 0 0 2988 4800; ppageno 0'>
   <div class='ocr_carea' id='block_1_1' title="bbox 265 345 1082 425">
    <p class='ocr_par' dir='ltr' id='par_1_1' title="bbox 265 345 1082 425">
     <span class='ocr_line' id='line_1_1' title="bbox 265 345 1082 425; baseline 0.001 -1"><span class='ocrx_word' id='word_1_1' title='bbox 265 365 323 425; x_wconf 77' lang='lat' dir='ltr'>tet</span> <span class='ocrx_word' id='word_1_2' title='bbox 597 377 638 424; x_wconf 85' lang='lat' dir='ltr'>ns</span> <span class='ocrx_word' id='word_1_3' title='bbox 659 377 760 425; x_wconf 83' lang='lat' dir='ltr'>nuens</span> <span class='ocrx_word' id='word_1_4' title='bbox 782 376 1004 425; x_wconf 79' lang='lat' dir='ltr'>sturnmnmus</span> <span class='ocrx_word' id='word_1_5' title='bbox 1079 345 1082 352; x_wconf 65' lang='grc'><strong>’</strong></span> 
     </span>
    </p>
   </div>
   <div class='ocr_carea' id='block_1_2' title="bbox 185 499 1370 4300">
    <p class='ocr_par' dir='ltr' id='par_1_2' title="bbox 185 499 1370 2823">
     <span class='ocr_line' id='line_1_2' title="bbox 265 499 1370 608; baseline 0.005 -25"><span class='ocrx_word' id='word_1_6' title='bbox 265 535 357 596; x_wconf 91' lang='lat' dir='ltr'>mus;</span> <span class='ocrx_word' id='word_1_7' title='bbox 378 511 421 582; x_wconf 93' lang='lat' dir='ltr'>de</span> <span class='ocrx_word' id='word_1_8' title='bbox 442 532 512 604; x_wconf 89' lang='lat' dir='ltr'>quo</span> <span class='ocrx_word' id='word_1_9' title='bbox 534 512 628 603; x_wconf 87' lang='lat' dir='ltr'>loqui</span> <span class='ocrx_word' id='word_1_10' title='bbox 650 511 763 582; x_wconf 91' lang='lat' dir='ltr'>sciens</span> <span class='ocrx_word' id='word_1_11' title='bbox 785 512 829 582; x_wconf 91' lang='lat' dir='ltr'>ad</span> <span class='ocrx_word' id='word_1_12' title='bbox 851 512 1011 582; x_wconf 93' lang='lat' dir='ltr'>ultimum</span> <span class='ocrx_word' id='word_1_13' title='bbox 1032 515 1229 597; x_wconf 84' lang='lat' dir='ltr'>reservavi,</span> <span class='ocrx_word' id='word_1_14' title='bbox 1252 499 1370 608; x_wconf 86' lang='lat' dir='ltr'>quod</span> 
     </span>
     <span class='ocr_line' id='line_1_3' title="bbox 265 633 1348 732; baseline 0.001 -23"><span class='ocrx_word' id='word_1_15' title='bbox 265 637 395 709; x_wconf 90' lang='lat' dir='ltr'>scilicet</span> <span class='ocrx_word' id='word_1_16' title='bbox 414 646 592 706; x_wconf 83' lang='lat' dir='ltr'><strong>senatores</strong></span> <span class='ocrx_word' id='word_1_17' title='bbox 605 633 687 716; x_wconf 89' lang='lat' dir='ltr'>duo,</span> <span class='ocrx_word' id='word_1_18' title='bbox 704 636 762 727; x_wconf 87' lang='lat' dir='ltr'>qui</span> <span class='ocrx_word' id='word_1_19' title='bbox 776 657 796 705; x_wconf 87' lang='lat' dir='ltr'>e</span> <span class='ocrx_word' id='word_1_20' title='bbox 810 645 905 706; x_wconf 90' lang='lat' dir='ltr'>tanta</span> <span class='ocrx_word' id='word_1_21' title='bbox 922 635 1192 729; x_wconf 87' lang='lat' dir='ltr'>conscriptorum</span> <span class='ocrx_word' id='word_1_22' title='bbox 1208 648 1348 732; x_wconf 88' lang='lat' dir='ltr'>patrum</span> 
     </span>
     <span class='ocr_line' id='line_1_4' title="bbox 264 758 1348 853; baseline 0.004 -24"><span class='ocrx_word' id='word_1_23' title='bbox 264 759 459 852; x_wconf 79' lang='lat' dir='ltr'>frequentia</span> <span class='ocrx_word' id='word_1_24' title='bbox 487 767 691 852; x_wconf 82' lang='lat' dir='ltr'>supersunt,</span> <span class='ocrx_word' id='word_1_25' title='bbox 719 758 832 830; x_wconf 85' lang='lat' dir='ltr'>videri</span> <span class='ocrx_word' id='word_1_26' title='bbox 856 769 1004 853; x_wconf 87' lang='lat' dir='ltr'>possunt</span> <span class='ocrx_word' id='word_1_27' title='bbox 1034 759 1069 829; x_wconf 92' lang='lat' dir='ltr'>in</span> <span class='ocrx_word' id='word_1_28' title='bbox 1098 763 1173 832; x_wconf 89' lang='lat' dir='ltr'>loco</span> <span class='ocrx_word' id='word_1_29' title='bbox 1198 761 1348 834; x_wconf 92' lang='lat' dir='ltr'>duorum</span> 
     </span>
     <span class='ocr_line' id='line_1_5' title="bbox 185 881 1348 966; baseline 0 -12"><span class='ocrx_word' id='word_1_30' title='bbox 185 931 188 940; x_wconf 88' lang='lat'>-</span> <span class='ocrx_word' id='word_1_31' title='bbox 264 884 446 954; x_wconf 87' lang='lat' dir='ltr'>consulum</span> <span class='ocrx_word' id='word_1_32' title='bbox 470 881 698 953; x_wconf 84' lang='lat' dir='ltr'>successisse.</span> <span class='ocrx_word' id='word_1_33' title='bbox 721 883 765 952; x_wconf 91' lang='lat' dir='ltr'>Ut</span> <span class='ocrx_word' id='word_1_34' title='bbox 780 882 871 952; x_wconf 91' lang='lat' dir='ltr'>enim</span> <span class='ocrx_word' id='word_1_35' title='bbox 890 881 946 953; x_wconf 87' lang='lat' dir='ltr'>hic</span> <span class='ocrx_word' id='word_1_36' title='bbox 962 881 1080 966; x_wconf 86' lang='lat' dir='ltr'>habet,</span> <span class='ocrx_word' id='word_1_37' title='bbox 1101 882 1151 953; x_wconf 89' lang='lat' dir='ltr'>sic</span> <span class='ocrx_word' id='word_1_38' title='bbox 1167 883 1224 954; x_wconf 90' lang='lat' dir='ltr'>ille</span> <span class='ocrx_word' id='word_1_39' title='bbox 1241 883 1348 956; x_wconf 88' lang='lat' dir='ltr'>finem</span> 
     </span>
     <span class='ocr_line' id='line_1_6' title="bbox 264 1005 1348 1099; baseline 0.004 -23"><span class='ocrx_word' id='word_1_40' title='bbox 264 1006 387 1076; x_wconf 91' lang='lat' dir='ltr'>babuit</span> <span class='ocrx_word' id='word_1_41' title='bbox 406 1005 647 1097; x_wconf 85' lang='lat' dir='ltr'>magistratus3</span> <span class='ocrx_word' id='word_1_42' title='bbox 671 1017 868 1076; x_wconf 90' lang='lat' dir='ltr'>senatorum</span> <span class='ocrx_word' id='word_1_43' title='bbox 890 1015 1045 1099; x_wconf 88' lang='lat' dir='ltr'>potestas</span> <span class='ocrx_word' id='word_1_44' title='bbox 1068 1005 1255 1077; x_wconf 91' lang='lat' dir='ltr'>terminum</span> <span class='ocrx_word' id='word_1_45' title='bbox 1278 1031 1348 1080; x_wconf 90' lang='lat' dir='ltr'>non</span> 
     </span>
     <span class='ocr_line' id='line_1_7' title="bbox 264 1115 1348 1224; baseline 0.003 -24"><span class='ocrx_word' id='word_1_46' title='bbox 264 1129 427 1200; x_wconf 88' lang='lat' dir='ltr'>habebat.</span> <span class='ocrx_word' id='word_1_47' title='bbox 455 1131 505 1200; x_wconf 91' lang='lat' dir='ltr'>De</span> <span class='ocrx_word' id='word_1_48' title='bbox 538 1130 606 1200; x_wconf 88' lang='lat' dir='ltr'>hoe</span> <span class='ocrx_word' id='word_1_49' title='bbox 640 1129 744 1220; x_wconf 90' lang='lat' dir='ltr'>igitur</span> <span class='ocrx_word' id='word_1_50' title='bbox 769 1115 952 1200; x_wconf 84' lang='lat' dir='ltr'>consulatu</span> <span class='ocrx_word' id='word_1_51' title='bbox 977 1129 1138 1222; x_wconf 91' lang='lat' dir='ltr'>quotiens</span> <span class='ocrx_word' id='word_1_52' title='bbox 1162 1138 1198 1200; x_wconf 90' lang='lat' dir='ltr'>et</span> <span class='ocrx_word' id='word_1_53' title='bbox 1217 1143 1348 1224; x_wconf 86' lang='lat' dir='ltr'>quanta</span> 
     </span>
     <span class='ocr_line' id='line_1_8' title="bbox 264 1249 1346 1345; baseline 0.006 -27"><span class='ocrx_word' id='word_1_54' title='bbox 264 1251 501 1342; x_wconf 82' lang='lat' dir='ltr'>indignatione</span> <span class='ocrx_word' id='word_1_55' title='bbox 522 1261 688 1322; x_wconf 89' lang='lat' dir='ltr'>certatum</span> <span class='ocrx_word' id='word_1_56' title='bbox 711 1249 756 1320; x_wconf 87' lang='lat' dir='ltr'>sit</span> <span class='ocrx_word' id='word_1_57' title='bbox 777 1251 806 1321; x_wconf 94' lang='lat' dir='ltr'>si</span> <span class='ocrx_word' id='word_1_58' title='bbox 828 1261 988 1322; x_wconf 85' lang='lat' dir='ltr'>retexere</span> <span class='ocrx_word' id='word_1_59' title='bbox 1009 1251 1181 1344; x_wconf 91' lang='lat' dir='ltr'>incipiam,</span> <span class='ocrx_word' id='word_1_60' title='bbox 1204 1255 1346 1345; x_wconf 84' lang='lat' dir='ltr'>elonga·</span> 
     </span>
     <span class='ocr_line' id='line_1_9' title="bbox 266 1371 1347 1467; baseline 0.005 -24"><span class='ocrx_word' id='word_1_61' title='bbox 266 1385 322 1445; x_wconf 94' lang='lat' dir='ltr'>tur</span> <span class='ocrx_word' id='word_1_62' title='bbox 339 1374 384 1446; x_wconf 90' lang='lat' dir='ltr'>ab</span> <span class='ocrx_word' id='word_1_63' title='bbox 401 1374 559 1466; x_wconf 87' lang='lat' dir='ltr'>epistolae</span> <span class='ocrx_word' id='word_1_64' title='bbox 574 1371 655 1459; x_wconf 89' lang='lat' dir='ltr'>fine,</span> <span class='ocrx_word' id='word_1_65' title='bbox 671 1372 715 1444; x_wconf 92' lang='lat' dir='ltr'>ad</span> <span class='ocrx_word' id='word_1_66' title='bbox 727 1384 832 1467; x_wconf 80' lang='lat' dir='ltr'>quem</span> <span class='ocrx_word' id='word_1_67' title='bbox 845 1373 992 1458; x_wconf 85' lang='lat' dir='ltr'>festinat,</span> <span class='ocrx_word' id='word_1_68' title='bbox 1009 1375 1128 1447; x_wconf 88' lang='lat' dir='ltr'>oratio.</span> <span class='ocrx_word' id='word_1_69' title='bbox 1146 1376 1221 1447; x_wconf 90' lang='lat' dir='ltr'>Hoc</span> <span class='ocrx_word' id='word_1_70' title='bbox 1239 1398 1347 1448; x_wconf 91' lang='lat' dir='ltr'>nosse</span> 
     </span>
     <span class='ocr_line' id='line_1_10' title="bbox 266 1495 1347 1588; baseline 0 -20"><span class='ocrx_word' id='word_1_71' title='bbox 266 1497 427 1581; x_wconf 90' lang='lat' dir='ltr'>sufficiat,</span> <span class='ocrx_word' id='word_1_72' title='bbox 457 1495 551 1588; x_wconf 92' lang='lat' dir='ltr'>qnod</span> <span class='ocrx_word' id='word_1_73' title='bbox 583 1519 663 1567; x_wconf 90' lang='lat' dir='ltr'>cum</span> <span class='ocrx_word' id='word_1_74' title='bbox 695 1495 794 1588; x_wconf 86' lang='lat' dir='ltr'>plebs</span> <span class='ocrx_word' id='word_1_75' title='bbox 821 1517 964 1568; x_wconf 87' lang='lat' dir='ltr'>romana</span> <span class='ocrx_word' id='word_1_76' title='bbox 991 1499 1117 1568; x_wconf 92' lang='lat' dir='ltr'>summi</span> <span class='ocrx_word' id='word_1_77' title='bbox 1149 1498 1256 1570; x_wconf 90' lang='lat' dir='ltr'>etiam</span> <span class='ocrx_word' id='word_1_78' title='bbox 1283 1501 1347 1569; x_wconf 87' lang='lat' dir='ltr'>loci</span> 
     </span>
     <span class='ocr_line' id='line_1_11' title="bbox 266 1619 1347 1714; baseline 0.004 -26"><span class='ocrx_word' id='word_1_79' title='bbox 266 1628 398 1714; x_wconf 89' lang='lat' dir='ltr'>partem</span> <span class='ocrx_word' id='word_1_80' title='bbox 436 1630 609 1711; x_wconf 89' lang='lat' dir='ltr'>posceret,</span> <span class='ocrx_word' id='word_1_81' title='bbox 646 1619 750 1711; x_wconf 92' lang='lat' dir='ltr'>idque</span> <span class='ocrx_word' id='word_1_82' title='bbox 782 1619 950 1691; x_wconf 89' lang='lat' dir='ltr'>nobilitati</span> <span class='ocrx_word' id='word_1_83' title='bbox 985 1643 1161 1692; x_wconf 90' lang='lat' dir='ltr'>summum</span> <span class='ocrx_word' id='word_1_84' title='bbox 1193 1620 1347 1693; x_wconf 88' lang='lat' dir='ltr'>dedecus</span> 
     </span>
     <span class='ocr_line' id='line_1_12' title="bbox 265 1740 1349 1830; baseline 0.006 -20"><span class='ocrx_word' id='word_1_85' title='bbox 265 1742 460 1825; x_wconf 91' lang='lat' dir='ltr'>videretur,</span> <span class='ocrx_word' id='word_1_86' title='bbox 484 1763 620 1812; x_wconf 91' lang='lat' dir='ltr'>summa</span> <span class='ocrx_word' id='word_1_87' title='bbox 641 1742 676 1812; x_wconf 92' lang='lat' dir='ltr'>vi</span> <span class='ocrx_word' id='word_1_88' title='bbox 704 1740 851 1824; x_wconf 88' lang='lat' dir='ltr'>obstitit;</span> <span class='ocrx_word' id='word_1_89' title='bbox 877 1743 923 1814; x_wconf 86' lang='lat' dir='ltr'>ad</span> <span class='ocrx_word' id='word_1_90' title='bbox 947 1754 1156 1830; x_wconf 83' lang='lat' dir='ltr'>extremum,</span> <span class='ocrx_word' id='word_1_91' title='bbox 1178 1745 1273 1816; x_wconf 89' lang='lat' dir='ltr'>utin</span> <span class='ocrx_word' id='word_1_92' title='bbox 1293 1767 1349 1816; x_wconf 94' lang='lat' dir='ltr'>re-</span> 
     </span>
     <span class='ocr_line' id='line_1_13' title="bbox 264 1865 1348 1958; baseline 0.005 -26"><span class='ocrx_word' id='word_1_93' title='bbox 264 1865 385 1958; x_wconf 78' lang='lat' dir='ltr'>liquie,</span> <span class='ocrx_word' id='word_1_94' title='bbox 410 1865 501 1936; x_wconf 86' lang='lat' dir='ltr'>victa</span> <span class='ocrx_word' id='word_1_95' title='bbox 521 1865 695 1949; x_wconf 86' lang='lat' dir='ltr'>occubuit,</span> <span class='ocrx_word' id='word_1_96' title='bbox 718 1865 907 1958; x_wconf 88' lang='lat' dir='ltr'>multisque</span> <span class='ocrx_word' id='word_1_97' title='bbox 923 1867 1005 1938; x_wconf 91' lang='lat' dir='ltr'>hinc</span> <span class='ocrx_word' id='word_1_98' title='bbox 1022 1867 1102 1939; x_wconf 92' lang='lat' dir='ltr'>inde</span> <span class='ocrx_word' id='word_1_99' title='bbox 1119 1870 1348 1941; x_wconf 89' lang='lat' dir='ltr'>contentioni-</span> 
     </span>
     <span class='ocr_line' id='line_1_14' title="bbox 264 1987 1343 2082; baseline 0.006 -25"><span class='ocrx_word' id='word_1_100' title='bbox 264 1987 331 2059; x_wconf 90' lang='lat' dir='ltr'>bus</span> <span class='ocrx_word' id='word_1_101' title='bbox 349 1988 498 2079; x_wconf 78' lang='lat' dir='ltr'>agitatiS,</span> <span class='ocrx_word' id='word_1_102' title='bbox 518 1987 631 2082; x_wconf 90' lang='lat' dir='ltr'>primo</span> <span class='ocrx_word' id='word_1_103' title='bbox 652 1989 792 2081; x_wconf 91' lang='lat' dir='ltr'>quidem</span> <span class='ocrx_word' id='word_1_104' title='bbox 811 1991 858 2061; x_wconf 86' lang='lat' dir='ltr'>ad</span> <span class='ocrx_word' id='word_1_105' title='bbox 875 1989 910 2060; x_wconf 88' lang='lat' dir='ltr'>id</span> <span class='ocrx_word' id='word_1_106' title='bbox 927 1991 1116 2062; x_wconf 88' lang='lat' dir='ltr'>deventum</span> <span class='ocrx_word' id='word_1_107' title='bbox 1134 2006 1198 2076; x_wconf 90' lang='lat' dir='ltr'>est,</span> <span class='ocrx_word' id='word_1_108' title='bbox 1217 2003 1343 2065; x_wconf 92' lang='lat' dir='ltr'>utnon</span> 
     </span>
     <span class='ocr_line' id='line_1_15' title="bbox 265 2111 1348 2208; baseline 0.003 -26"><span class='ocrx_word' id='word_1_109' title='bbox 265 2111 437 2196; x_wconf 73' lang='lat' dir='ltr'>consules</span> <span class='ocrx_word' id='word_1_110' title='bbox 463 2111 526 2183; x_wconf 89' lang='lat' dir='ltr'>sed</span> <span class='ocrx_word' id='word_1_111' title='bbox 552 2112 726 2183; x_wconf 87' lang='lat' dir='ltr'>consulari</span> <span class='ocrx_word' id='word_1_112' title='bbox 752 2123 924 2204; x_wconf 88' lang='lat' dir='ltr'>potestate</span> <span class='ocrx_word' id='word_1_113' title='bbox 948 2113 1113 2208; x_wconf 85' lang='lat' dir='ltr'>permixti</span> <span class='ocrx_word' id='word_1_114' title='bbox 1133 2115 1263 2188; x_wconf 89' lang='lat' dir='ltr'>tribuni</span> <span class='ocrx_word' id='word_1_115' title='bbox 1284 2117 1348 2186; x_wconf 89' lang='lat' dir='ltr'>mi-</span> 
     </span>
     <span class='ocr_line' id='line_1_16' title="bbox 264 2236 1345 2332; baseline 0.003 -27"><span class='ocrx_word' id='word_1_116' title='bbox 264 2236 362 2306; x_wconf 92' lang='lat' dir='ltr'>litum</span> <span class='ocrx_word' id='word_1_117' title='bbox 379 2246 528 2327; x_wconf 90' lang='lat' dir='ltr'>quatuor</span> <span class='ocrx_word' id='word_1_118' title='bbox 541 2245 759 2319; x_wconf 89' lang='lat' dir='ltr'>crearentur;</span> <span class='ocrx_word' id='word_1_119' title='bbox 780 2260 930 2330; x_wconf 90' lang='lat' dir='ltr'>cumque</span> <span class='ocrx_word' id='word_1_120' title='bbox 946 2259 990 2309; x_wconf 92' lang='lat' dir='ltr'>ne</span> <span class='ocrx_word' id='word_1_121' title='bbox 1009 2237 1089 2309; x_wconf 90' lang='lat' dir='ltr'>hinc</span> <span class='ocrx_word' id='word_1_122' title='bbox 1107 2239 1212 2309; x_wconf 91' lang='lat' dir='ltr'>etiam</span> <span class='ocrx_word' id='word_1_123' title='bbox 1234 2236 1345 2332; x_wconf 91' lang='lat' dir='ltr'>plebis</span> 
     </span>
     <span class='ocr_line' id='line_1_17' title="bbox 201 2359 1345 2455; baseline 0.001 -26"><span class='ocrx_word' id='word_1_124' title='bbox 201 2359 202 2364; x_wconf 69' lang='grc'>’</span> <span class='ocrx_word' id='word_1_125' title='bbox 265 2359 372 2429; x_wconf 89' lang='lat' dir='ltr'>animi</span> <span class='ocrx_word' id='word_1_126' title='bbox 391 2359 626 2451; x_wconf 87' lang='lat' dir='ltr'>quiescerent,</span> <span class='ocrx_word' id='word_1_127' title='bbox 648 2362 743 2453; x_wconf 91' lang='lat' dir='ltr'>quod</span> <span class='ocrx_word' id='word_1_128' title='bbox 757 2360 819 2432; x_wconf 92' lang='lat' dir='ltr'>diu</span> <span class='ocrx_word' id='word_1_129' title='bbox 838 2370 971 2432; x_wconf 88' lang='lat' dir='ltr'>tumere</span> <span class='ocrx_word' id='word_1_130' title='bbox 989 2360 1164 2455; x_wconf 73' lang='lat' dir='ltr'>superbiae</span> <span class='ocrx_word' id='word_1_131' title='bbox 1181 2368 1345 2452; x_wconf 85' lang='lat' dir='ltr'>negatum</span> 
     </span>
     <span class='ocr_line' id='line_1_18' title="bbox 267 2481 1346 2577; baseline 0.002 -25"><span class='ocrx_word' id='word_1_132' title='bbox 267 2492 353 2564; x_wconf 91' lang='lat' dir='ltr'>erat,</span> <span class='ocrx_word' id='word_1_133' title='bbox 378 2481 520 2554; x_wconf 87' lang='lat' dir='ltr'>iustitiae</span> <span class='ocrx_word' id='word_1_134' title='bbox 541 2483 675 2554; x_wconf 91' lang='lat' dir='ltr'>viribus</span> <span class='ocrx_word' id='word_1_135' title='bbox 696 2491 751 2555; x_wconf 88' lang='lat' dir='ltr'>est</span> <span class='ocrx_word' id='word_1_136' title='bbox 771 2483 963 2568; x_wconf 90' lang='lat' dir='ltr'>obtentum,</span> <span class='ocrx_word' id='word_1_137' title='bbox 991 2493 1029 2554; x_wconf 90' lang='lat' dir='ltr'>ut</span> <span class='ocrx_word' id='word_1_138' title='bbox 1047 2482 1203 2577; x_wconf 90' lang='lat' dir='ltr'>plebeius</span> <span class='ocrx_word' id='word_1_139' title='bbox 1224 2487 1346 2556; x_wconf 87' lang='lat' dir='ltr'>consul</span> 
     </span>
     <span class='ocr_line' id='line_1_19' title="bbox 268 2605 1348 2701; baseline 0.005 -29"><span class='ocrx_word' id='word_1_140' title='bbox 268 2605 366 2674; x_wconf 85' lang='lat' dir='ltr'>iuxta</span> <span class='ocrx_word' id='word_1_141' title='bbox 384 2605 566 2697; x_wconf 86' lang='lat' dir='ltr'>patricium</span> <span class='ocrx_word' id='word_1_142' title='bbox 586 2606 735 2690; x_wconf 91' lang='lat' dir='ltr'>sederet,</span> <span class='ocrx_word' id='word_1_143' title='bbox 754 2617 789 2678; x_wconf 90' lang='lat' dir='ltr'>et</span> <span class='ocrx_word' id='word_1_144' title='bbox 805 2629 1021 2679; x_wconf 88' lang='lat' dir='ltr'>communem</span> <span class='ocrx_word' id='word_1_145' title='bbox 1036 2607 1183 2701; x_wconf 90' lang='lat' dir='ltr'>patriam</span> <span class='ocrx_word' id='word_1_146' title='bbox 1200 2615 1237 2676; x_wconf 88' lang='lat' dir='ltr'>et</span> <span class='ocrx_word' id='word_1_147' title='bbox 1252 2628 1348 2677; x_wconf 90' lang='lat' dir='ltr'>com-</span> 
     </span>
     <span class='ocr_line' id='line_1_20' title="bbox 268 2727 1332 2823; baseline 0.002 -25"><span class='ocrx_word' id='word_1_148' title='bbox 268 2727 364 2799; x_wconf 94' lang='lat' dir='ltr'>muni</span> <span class='ocrx_word' id='word_1_149' title='bbox 384 2751 490 2823; x_wconf 89' lang='lat' dir='ltr'>opera</span> <span class='ocrx_word' id='word_1_150' title='bbox 511 2738 646 2822; x_wconf 87' lang='lat' dir='ltr'>partum</span> <span class='ocrx_word' id='word_1_151' title='bbox 668 2729 848 2822; x_wconf 89' lang='lat' dir='ltr'>imperium</span> <span class='ocrx_word' id='word_1_152' title='bbox 867 2729 941 2823; x_wconf 92' lang='lat' dir='ltr'>pari</span> <span class='ocrx_word' id='word_1_153' title='bbox 961 2739 1122 2820; x_wconf 91' lang='lat' dir='ltr'>regerent</span> <span class='ocrx_word' id='word_1_154' title='bbox 1141 2729 1332 2801; x_wconf 88' lang='lat' dir='ltr'>maiestate.</span> 
     </span>
    </p>

    <p class='ocr_par' dir='ltr' id='par_1_3' title="bbox 266 2850 1346 4300">
     <span class='ocr_line' id='line_1_21' title="bbox 367 2850 1346 2944; baseline 0.002 -21"><span class='ocrx_word' id='word_1_155' title='bbox 367 2853 454 2935; x_wconf 78' lang='lat' dir='ltr'>Quae</span> <span class='ocrx_word' id='word_1_156' title='bbox 476 2852 506 2923; x_wconf 92' lang='lat' dir='ltr'>si</span> <span class='ocrx_word' id='word_1_157' title='bbox 526 2874 625 2934; x_wconf 91' lang='lat' dir='ltr'>vera,</span> <span class='ocrx_word' id='word_1_158' title='bbox 655 2851 684 2922; x_wconf 91' lang='lat' dir='ltr'>si</span> <span class='ocrx_word' id='word_1_159' title='bbox 710 2850 802 2944; x_wconf 91' lang='lat' dir='ltr'>apud</span> <span class='ocrx_word' id='word_1_160' title='bbox 822 2853 1035 2924; x_wconf 88' lang='lat' dir='ltr'>clarissimos</span> <span class='ocrx_word' id='word_1_161' title='bbox 1060 2853 1245 2924; x_wconf 86' lang='lat' dir='ltr'>historicos</span> <span class='ocrx_word' id='word_1_162' title='bbox 1265 2865 1346 2926; x_wconf 89' lang='lat' dir='ltr'>nota</span> 
     </span>
     <span class='ocr_line' id='line_1_22' title="bbox 267 2974 1346 3072; baseline -0.002 -24"><span class='ocrx_word' id='word_1_163' title='bbox 267 2986 359 3060; x_wconf 89' lang='lat' dir='ltr'>sunt,</span> <span class='ocrx_word' id='word_1_164' title='bbox 374 2977 459 3069; x_wconf 90' lang='lat' dir='ltr'>quid</span> <span class='ocrx_word' id='word_1_165' title='bbox 472 2975 672 3046; x_wconf 88' lang='lat' dir='ltr'>dubitamus</span> <span class='ocrx_word' id='word_1_166' title='bbox 686 2974 801 3046; x_wconf 87' lang='lat' dir='ltr'>adhue</span> <span class='ocrx_word' id='word_1_167' title='bbox 812 2976 962 3067; x_wconf 90' lang='lat' dir='ltr'>longius,</span> <span class='ocrx_word' id='word_1_168' title='bbox 977 2976 1274 3071; x_wconf 86' lang='lat' dir='ltr'>providentissimi</span> <span class='ocrx_word' id='word_1_169' title='bbox 1286 2999 1346 3072; x_wconf 84' lang='lat' dir='ltr'>pa-</span> 
     </span>
     <span class='ocr_line' id='line_1_23' title="bbox 267 3096 1345 3191; baseline 0.002 -25"><span class='ocrx_word' id='word_1_170' title='bbox 267 3108 352 3180; x_wconf 91' lang='lat' dir='ltr'>tres,</span> <span class='ocrx_word' id='word_1_171' title='bbox 375 3107 436 3167; x_wconf 88' lang='lat' dir='ltr'>aut</span> <span class='ocrx_word' id='word_1_172' title='bbox 456 3097 541 3190; x_wconf 90' lang='lat' dir='ltr'>quid</span> <span class='ocrx_word' id='word_1_173' title='bbox 561 3097 795 3170; x_wconf 89' lang='lat' dir='ltr'>hortatoribus</span> <span class='ocrx_word' id='word_1_174' title='bbox 816 3096 1035 3191; x_wconf 71' lang='lat' dir='ltr'>indigemus?</span> <span class='ocrx_word' id='word_1_175' title='bbox 1056 3099 1092 3171; x_wconf 93' lang='lat' dir='ltr'>Si</span> <span class='ocrx_word' id='word_1_176' title='bbox 1112 3100 1345 3171; x_wconf 86' lang='lat' dir='ltr'>Romanorum</span> 
     </span>
     <span class='ocr_line' id='line_1_24' title="bbox 266 3219 1345 3315; baseline 0.004 -25"><span class='ocrx_word' id='word_1_177' title='bbox 266 3219 450 3292; x_wconf 88' lang='lat' dir='ltr'>calamitati</span> <span class='ocrx_word' id='word_1_178' title='bbox 470 3221 696 3307; x_wconf 86' lang='lat' dir='ltr'>miseremini,</span> <span class='ocrx_word' id='word_1_179' title='bbox 713 3221 743 3293; x_wconf 89' lang='lat' dir='ltr'>si</span> <span class='ocrx_word' id='word_1_180' title='bbox 756 3222 832 3315; x_wconf 89' lang='lat' dir='ltr'>pios</span> <span class='ocrx_word' id='word_1_181' title='bbox 849 3221 1015 3295; x_wconf 88' lang='lat' dir='ltr'>humeros</span> <span class='ocrx_word' id='word_1_182' title='bbox 1035 3223 1217 3294; x_wconf 76' lang='lat' dir='ltr'>immensae</span> <span class='ocrx_word' id='word_1_183' title='bbox 1234 3223 1345 3294; x_wconf 84' lang='lat' dir='ltr'>ruinae</span> 
     </span>
     <span class='ocr_line' id='line_1_25' title="bbox 268 3341 1344 3440; baseline 0 -26"><span class='ocrx_word' id='word_1_184' title='bbox 268 3341 438 3414; x_wconf 85' lang='lat' dir='ltr'>subiicere</span> <span class='ocrx_word' id='word_1_185' title='bbox 457 3343 685 3425; x_wconf 86' lang='lat' dir='ltr'>decrevistis,</span> <span class='ocrx_word' id='word_1_186' title='bbox 707 3344 783 3417; x_wconf 91' lang='lat' dir='ltr'>eius</span> <span class='ocrx_word' id='word_1_187' title='bbox 804 3347 969 3440; x_wconf 84' lang='lat' dir='ltr'>temporis</span> <span class='ocrx_word' id='word_1_188' title='bbox 989 3349 1151 3439; x_wconf 80' lang='lat' dir='ltr'>exempla</span> <span class='ocrx_word' id='word_1_189' title='bbox 1178 3345 1344 3439; x_wconf 90' lang='lat' dir='ltr'>sequimi-</span> 
     </span>
     <span class='ocr_line' id='line_1_26' title="bbox 267 3467 1345 3558; baseline 0.001 -21"><span class='ocrx_word' id='word_1_190' title='bbox 267 3468 315 3551; x_wconf 90' lang='lat' dir='ltr'>ni,</span> <span class='ocrx_word' id='word_1_191' title='bbox 343 3489 412 3558; x_wconf 88' lang='lat' dir='ltr'>quo</span> <span class='ocrx_word' id='word_1_192' title='bbox 439 3467 523 3538; x_wconf 91' lang='lat' dir='ltr'>urbs</span> <span class='ocrx_word' id='word_1_193' title='bbox 548 3468 605 3539; x_wconf 88' lang='lat' dir='ltr'>illa</span> <span class='ocrx_word' id='word_1_194' title='bbox 637 3468 683 3540; x_wconf 90' lang='lat' dir='ltr'>de</span> <span class='ocrx_word' id='word_1_195' title='bbox 715 3469 821 3541; x_wconf 91' lang='lat' dir='ltr'>nihilo</span> <span class='ocrx_word' id='word_1_196' title='bbox 855 3469 1009 3540; x_wconf 85' lang='lat' dir='ltr'>surrexit</span> <span class='ocrx_word' id='word_1_197' title='bbox 1041 3467 1086 3540; x_wconf 88' lang='lat' dir='ltr'>ad</span> <span class='ocrx_word' id='word_1_198' title='bbox 1116 3467 1244 3553; x_wconf 87' lang='lat' dir='ltr'>sidera,</span> <span class='ocrx_word' id='word_1_199' title='bbox 1275 3490 1345 3539; x_wconf 90' lang='lat' dir='ltr'>non</span> 
     </span>
     <span class='ocr_line' id='line_1_27' title="bbox 266 3589 1344 3686; baseline 0.002 -27"><span class='ocrx_word' id='word_1_200' title='bbox 266 3589 386 3673; x_wconf 80' lang='lat' dir='ltr'>huiuS,</span> <span class='ocrx_word' id='word_1_201' title='bbox 408 3612 477 3682; x_wconf 88' lang='lat' dir='ltr'>quo</span> <span class='ocrx_word' id='word_1_202' title='bbox 497 3589 542 3662; x_wconf 93' lang='lat' dir='ltr'>de</span> <span class='ocrx_word' id='word_1_203' title='bbox 562 3601 669 3663; x_wconf 80' lang='lat' dir='ltr'>tantae</span> <span class='ocrx_word' id='word_1_204' title='bbox 689 3592 827 3684; x_wconf 85' lang='lat' dir='ltr'>fastigio</span> <span class='ocrx_word' id='word_1_205' title='bbox 847 3594 995 3665; x_wconf 84' lang='lat' dir='ltr'>fortunae</span> <span class='ocrx_word' id='word_1_206' title='bbox 1015 3611 1115 3686; x_wconf 83' lang='lat' dir='ltr'>paene</span> <span class='ocrx_word' id='word_1_207' title='bbox 1136 3592 1182 3663; x_wconf 89' lang='lat' dir='ltr'>ad</span> <span class='ocrx_word' id='word_1_208' title='bbox 1199 3591 1344 3663; x_wconf 90' lang='lat' dir='ltr'>nihilum</span> 
     </span>
     <span class='ocr_line' id='line_1_28' title="bbox 267 3712 1344 3808; baseline 0.001 -25"><span class='ocrx_word' id='word_1_209' title='bbox 267 3722 321 3783; x_wconf 89' lang='lat' dir='ltr'>est</span> <span class='ocrx_word' id='word_1_210' title='bbox 342 3712 492 3785; x_wconf 88' lang='lat' dir='ltr'>redacta.</span> <span class='ocrx_word' id='word_1_211' title='bbox 514 3714 679 3786; x_wconf 87' lang='lat' dir='ltr'>Dubitare</span> <span class='ocrx_word' id='word_1_212' title='bbox 700 3738 767 3787; x_wconf 93' lang='lat' dir='ltr'>non</span> <span class='ocrx_word' id='word_1_213' title='bbox 788 3725 947 3808; x_wconf 87' lang='lat' dir='ltr'>oportere</span> <span class='ocrx_word' id='word_1_214' title='bbox 967 3715 1130 3800; x_wconf 89' lang='lat' dir='ltr'>arbitror,</span> <span class='ocrx_word' id='word_1_215' title='bbox 1154 3715 1237 3807; x_wconf 89' lang='lat' dir='ltr'>quin</span> <span class='ocrx_word' id='word_1_216' title='bbox 1258 3714 1344 3784; x_wconf 92' lang='lat' dir='ltr'>urbs</span> 
     </span>
     <span class='ocr_line' id='line_1_29' title="bbox 267 3835 1345 3930; baseline 0.002 -27"><span class='ocrx_word' id='word_1_217' title='bbox 267 3835 376 3907; x_wconf 87' lang='lat' dir='ltr'>Roma</span> <span class='ocrx_word' id='word_1_218' title='bbox 396 3841 524 3909; x_wconf 90' lang='lat' dir='ltr'>multos</span> <span class='ocrx_word' id='word_1_219' title='bbox 544 3848 579 3909; x_wconf 89' lang='lat' dir='ltr'>et</span> <span class='ocrx_word' id='word_1_220' title='bbox 599 3837 783 3910; x_wconf 90' lang='lat' dir='ltr'>nobiliores</span> <span class='ocrx_word' id='word_1_221' title='bbox 804 3848 840 3910; x_wconf 92' lang='lat' dir='ltr'>et</span> <span class='ocrx_word' id='word_1_222' title='bbox 859 3837 1020 3910; x_wconf 88' lang='lat' dir='ltr'>meliores</span> <span class='ocrx_word' id='word_1_223' title='bbox 1047 3838 1173 3910; x_wconf 89' lang='lat' dir='ltr'>habeat</span> <span class='ocrx_word' id='word_1_224' title='bbox 1193 3836 1263 3922; x_wconf 80' lang='lat' dir='ltr'>hie,</span> <span class='ocrx_word' id='word_1_225' title='bbox 1285 3837 1345 3930; x_wconf 90' lang='lat' dir='ltr'>qui</span> 
     </span>
     <span class='ocr_line' id='line_1_30' title="bbox 269 3960 1345 4054; baseline 0.001 -26"><span class='ocrx_word' id='word_1_226' title='bbox 269 3961 342 4030; x_wconf 89' lang='lat' dir='ltr'>solo</span> <span class='ocrx_word' id='word_1_227' title='bbox 363 3960 548 4032; x_wconf 87' lang='lat' dir='ltr'>nobilitatis</span> <span class='ocrx_word' id='word_1_228' title='bbox 566 3960 771 4052; x_wconf 82' lang='lat' dir='ltr'>cognomine</span> <span class='ocrx_word' id='word_1_229' title='bbox 790 3962 930 4052; x_wconf 81' lang='lat' dir='ltr'>gloriosi</span> <span class='ocrx_word' id='word_1_230' title='bbox 948 3964 1074 4034; x_wconf 87' lang='lat' dir='ltr'>coelum</span> <span class='ocrx_word' id='word_1_231' title='bbox 1093 3971 1274 4054; x_wconf 87' lang='lat' dir='ltr'>terrasque</span> <span class='ocrx_word' id='word_1_232' title='bbox 1295 3961 1311 4029; x_wconf 86' lang='lat' dir='ltr'>f</span> <span class='ocrx_word' id='word_1_233' title='bbox 1329 4001 1345 4010; x_wconf 96' lang='lat'>-</span> 
     </span>
     <span class='ocr_line' id='line_1_31' title="bbox 269 4078 1342 4174; baseline 0.005 -27"><span class='ocrx_word' id='word_1_234' title='bbox 269 4078 425 4162; x_wconf 88' lang='lat' dir='ltr'>stidiunt‚</span> <span class='ocrx_word' id='word_1_235' title='bbox 448 4103 536 4172; x_wconf 90' lang='lat' dir='ltr'>quos</span> <span class='ocrx_word' id='word_1_236' title='bbox 558 4103 637 4172; x_wconf 90' lang='lat' dir='ltr'>ego,</span> <span class='ocrx_word' id='word_1_237' title='bbox 661 4082 690 4152; x_wconf 89' lang='lat' dir='ltr'>si</span> <span class='ocrx_word' id='word_1_238' title='bbox 711 4081 791 4154; x_wconf 92' lang='lat' dir='ltr'>boni</span> <span class='ocrx_word' id='word_1_239' title='bbox 812 4093 925 4166; x_wconf 93' lang='lat' dir='ltr'>erunt,</span> <span class='ocrx_word' id='word_1_240' title='bbox 948 4083 1082 4155; x_wconf 87' lang='lat' dir='ltr'>nobiles</span> <span class='ocrx_word' id='word_1_241' title='bbox 1103 4105 1173 4154; x_wconf 89' lang='lat' dir='ltr'>nen</span> <span class='ocrx_word' id='word_1_242' title='bbox 1193 4080 1342 4174; x_wconf 86' lang='lat' dir='ltr'>negabo,</span> 
     </span>
     <span class='ocr_line' id='line_1_32' title="bbox 270 4206 1346 4300; baseline 0.003 -30"><span class='ocrx_word' id='word_1_243' title='bbox 270 4221 429 4272; x_wconf 86' lang='lat' dir='ltr'>romanos</span> <span class='ocrx_word' id='word_1_244' title='bbox 451 4215 545 4273; x_wconf 85' lang='lat' dir='ltr'>certo</span> <span class='ocrx_word' id='word_1_245' title='bbox 571 4227 639 4276; x_wconf 92' lang='lat' dir='ltr'>non</span> <span class='ocrx_word' id='word_1_246' title='bbox 666 4226 732 4295; x_wconf 83' lang='lat' dir='ltr'>ego</span> <span class='ocrx_word' id='word_1_247' title='bbox 759 4207 865 4288; x_wconf 89' lang='lat' dir='ltr'>solus,</span> <span class='ocrx_word' id='word_1_248' title='bbox 902 4206 965 4277; x_wconf 87' lang='lat' dir='ltr'>sed</span> <span class='ocrx_word' id='word_1_249' title='bbox 997 4207 1072 4300; x_wconf 89' lang='lat' dir='ltr'>ipsa</span> <span class='ocrx_word' id='word_1_250' title='bbox 1105 4206 1208 4276; x_wconf 89' lang='lat' dir='ltr'>etiam</span> <span class='ocrx_word' id='word_1_251' title='bbox 1243 4214 1346 4297; x_wconf 84' lang='lat' dir='ltr'>negat</span> 
     </span>
    </p>
   </div>
   <div class='ocr_carea' id='block_1_3' title="bbox 0 0 1501 4800">
    <p class='ocr_par' dir='ltr' id='par_1_4' title="bbox 0 0 1501 4800">
     <span class='ocr_line' id='line_1_33' title="bbox 0 0 1501 4800; baseline 0 0"><span class='ocrx_word' id='word_1_252' title='bbox 0 0 1501 4800; x_wconf 95' lang='lat' dir='ltr'> </span> 
     </span>
    </p>
   </div>
  </div>
 </body>
</html>
