3078 4798
263 282 322 345 3ll
504 349 506 353 ,
606 297 648 346 ou
669 296 771 346 uncus
792 294 1014 346 resumimus

262 431 338 515 luit,
360 429 440 502 inde
462 429 615 502 ablatum
650 439 805 525 tempore
836 429 963 523 pariter
996 430 1042 502 ad
1073 451 1237 504 occasum
1264 433 1353 513 iret,
1416 429 1420 438 '
1516 431 1517 440 ’

263 553 323 623 ubi
345 553 486 624 Romam
507 575 588 625 esse
609 553 829 648 perspicuum
850 554 908 624 sit:
930 553 1101 625 interesse
1118 563 1234 626 autem
1252 551 1356 648 quod

264 687 299 747 et
316 697 433 748 mores
456 675 593 762 urbium
614 675 747 748 diversi
769 686 804 747 et
820 675 864 747 de
882 675 1041 748 orientali
1060 696 1130 747 non
1150 676 1354 748 occidenta-

236 885 239 896 „
265 801 309 884 le„
333 798 396 870 sed
416 799 614 872 universale
641 798 825 893 imperium
852 797 897 868 sit
922 798 1097 883 ellectum,
1120 798 1353 892 omniumque

267 924 340 992 sola
362 921 546 994 verissima
569 919 779 993 monarchia,
802 918 905 1003 Quod
931 919 961 992 si
985 930 1127 1016 propter
1153 921 1259 993 totius
1283 921 1350 994 do-

267 1045 339 1117 miti
367 1045 461 1117 orbis
489 1045 523 1115 in
552 1068 621 1117 una
640 1043 729 1116 urbe
749 1065 958 1117 concursum
978 1053 1014 1115 et
1034 1045 1273 1118 confusionem
1293 1067 1353 1116 re·

268 1193 345 1241 rum
367 1168 570 1252 maximam,
590 1189 630 1238 ac
652 1189 757 1260 super
774 1167 891 1238 omnia
908 1169 1057 1241 Deorum
1077 1168 1214 1241 turbam
1232 1191 1352 1243 sacro-

268 1312 430 1383 rumque,
452 1288 625 1385 Babylon,
648 1289 713 1361 hoc
744 1298 800 1360 est
831 1289 1003 1374 confusio,
1030 1290 1098 1363 dici
1124 1299 1261 1383 potest,
1279 1312 1350 1362 non

266 1412 426 1484 obluctor
445 1434 560 1506 neque
580 1413 767 1484 contendo:
791 1411 853 1483 sed
879 1413 991 1485 audeo
1023 1413 1140 1485 dicere
1171 1412 1257 1484 illud
1283 1412 1349 1484 sibi

269 1556 395 1607 nomeu
416 1534 608 1620 excidisse,
630 1557 700 1629 quo
725 1534 874 1629 primum
900 1535 970 1620 die,
992 1535 1171 1608 fallacibus
1191 1536 1266 1606 Diis
1286 1557 1350 1606 ex-

268 1657 390 1742 clusis,
413 1657 517 1729 unius
536 1657 610 1729 veri
630 1657 689 1728 [lei
707 1660 837 1731 cultum
860 1676 1056 1751 nomenque
1075 1659 1241 1752 suscepit,
1260 1668 1297 1730 et
1314 1666 1351 1730 ut

268 1780 396 1851 Leonis
416 1800 517 1872 papae
539 1779 688 1851 verbum
711 1789 863 1866 mutuor,
886 1779 925 1850 de
945 1783 1104 1871 mopislrc
1123 1784 1244 1852 erroris
1262 1785 1350 1873 [acta

268 1915 314 1972 cst
344 1901 505 1996 discopulo
535 1905 695 1974 veritatis.
730 1904 801 1975 Iam
836 1903 921 1975 iliud
951 1902 1047 1996 quod
1076 1923 1171 1996 saepe
1200 1903 1351 1975 iulmini-

268 2026 336 2098 bus
357 2026 462 2098 ictum
489 2027 645 2119 Capitolii
671 2048 795 2098 saxum
824 2027 956 2110 dicunt,
979 2026 1084 2120 idque
1109 2026 1144 2096 in
1166 2049 1351 2118 argumen-

270 2159 341 2220 tum
377 2149 519 2220 trahunt
552 2171 620 2221 non
653 2158 833 2242 acceptum
866 2151 939 2221 Deo
976 2151 1102 2231 locum,
1143 2149 1352 2222 sanctissimi

269 2271 584 2365 litteratissimique
604 2271 671 2344 viri
693 2295 777 2366 pace
797 2272 961 2358 dixerim,
984 2293 1053 2343 non
1074 2271 1110 2344 id
1134 2271 1264 2344 divinae
1286 2271 1350 2342 ira·

269 2393 406 2465 cundiae
427 2393 663 2475 tribuendum,
687 2395 750 2466 sed
776 2402 926 2466 naturae:
953 2393 1105 2486 alioquin
1130 2395 1275 2464 multum
1301 2391 1353 2461 in-

272 2524 323 2585 ter
344 2537 466 2587 omnes
498 2527 609 2590 terras
638 2526 733 2588 amat
753 2516 942 2613 AEgyptnm
962 2517 1057 2588 Deus
1089 2515 1209 2588 sedem
1238 2514 1352 2586 omnis

271 2637 457 2732 impictatis
487 2639 712 2732 omniumque
742 2641 913 2711 malarum
944 2637 1244 2732 superstitionum,
1273 2657 1353 2731 quae

272 2782 341 2833 non
369 2759 473 2832 modo
498 2761 581 2833 lsim
606 2771 642 2832 ct
666 2761 808 2845 Osirim,
841 2760 905 2832 scd
938 2758 1039 2853 Apim
1071 2768 1108 2830 et
1139 2759 1296 2852 Serapim
1319 2768 1354 2830 et

270 2883 480 2960 crocodilum
503 2882 662 2954 adoravit
678 2905 719 2954 ac
739 2882 856 2968 coluit,
877 2904 967 2952 nunc
984 2881 1124 2952 minime
1143 2884 1351 2955 sanctiorem

271 3004 443 3075 crocodilo
462 3004 694 3075 Macomelum
716 3003 808 3089 colit,
835 3013 872 3074 et
898 3011 1014 3075 tamen
1040 3006 1094 3075 vel
1119 3027 1198 3076 raro
1223 3005 1270 3077 ibi
1297 3007 1353 3078 vel

271 3147 448 3217 nunquam
475 3133 595 3197 tonare
620 3127 711 3196 lama
744 3137 812 3198 cst:
835 3129 984 3199 multum
1016 3137 1136 3200 contra
1164 3129 1352 3224 Pyrcnaeos

271 3259 405 3321 montes
426 3248 512 3334 odit,
532 3249 591 3321 uhi
613 3249 773 3322 Christus
797 3252 976 3338 adoratur,
996 3260 1032 3321 el
1050 3251 1110 3323 ubi
1127 3273 1230 3344 quam
1254 3250 1353 3322 terri-

271 3371 335 3444 fice
356 3380 452 3444 tonet
468 3382 505 3445 cl
524 3395 630 3466 quam
651 3373 775 3445 crebro
795 3373 874 3467 quis
895 3372 996 3446 nobis
1019 3373 1142 3446 melius
1164 3372 1270 3458 novit,
1292 3374 1354 3466 qui

271 3497 338 3570 illic
358 3497 533 3570 viridioris
552 3498 620 3570 aevi
644 3521 751 3570 unam
776 3499 914 3590 egimus
934 3508 1107 3583 aestatem,
1122 3507 1158 3588 et
1168 3497 1351 3570 fulminum
1370 3590 1374 3596 Ι

271 3619 419 3693 llammis
442 3620 567 3691 totiens
588 3619 758 3692 fumantia
779 3642 861 3691 rura
882 3619 1154 3714 conspeximus?
1178 3618 1254 3690 Etsi
1280 3639 1353 3690 om-

271 3743 325 3815 nis
346 3743 486 3836 quidem
505 3742 667 3835 cogitatio
680 3741 866 3836 opinioque
882 3741 996 3812 omnis
1015 3741 1109 3834 pium
1129 3740 1353 3834 sobriumque

270 3867 428 3938 excitans
455 3868 614 3938 timorem
651 3865 745 3938 utilis
778 3886 819 3937 ac
850 3863 1022 3937 laudanda
1050 3864 1108 3948 sit,
1131 3885 1214 3935 vere
1239 3871 1352 3934 tamen

272 3997 373 4058 tonus
395 3998 500 4081 atque
520 3989 611 4080 ignis
629 3987 690 4060 ille
715 4010 784 4059 non
812 3998 879 4059 tam
907 3986 968 4058 irae
994 4008 1098 4079 quam
1124 3997 1258 4058 naturae
1283 3997 1350 4069 est,

270 4117 305 4176 et
327 4109 501 4193 fortuitus,
522 4122 558 4181 et
578 4120 763 4182 ventorum
786 4109 881 4180 rabie
903 4108 1043 4180 caditin
1056 4119 1175 4195 terras,
1198 4119 1236 4182 ut
1252 4110 1353 4203 Saty-
