3078 4798
283 337 341 397 338
621 351 661 398 ou
683 351 784 399 nunus
806 352 1027 402 slllllllltlsslls

281 506 348 578 que
369 506 546 570 ancoram,
567 507 611 556 ne
631 507 702 557 nox
721 487 961 582 deprehendat
986 496 1155 562 errantes.
1174 493 1230 564 Me
1251 504 1375 566 autem

280 618 448 700 quantum
463 608 559 681 curia
573 607 778 705 babylonica
796 608 944 682 delectet
961 610 1099 683 sciebas
1116 613 1210 699 olim,
1230 614 1317 687 dum
1334 626 1377 690 et

281 730 357 826 ipsa
377 729 492 802 minus
514 731 606 803 loeda
626 739 723 803 esset
742 739 779 801 et
799 753 862 802 nos
883 731 929 801 ibi
951 731 1149 805 iuveniliter
1168 755 1373 826 ageremus.

281 852 381 924 Nunc
399 861 435 924 et
455 851 640 923 mihi-oum
663 861 818 948 tempore
843 851 1035 945 indignatio
1059 855 1222 941 accessit,
1251 869 1289 930 et
1312 858 1373 932 illa

283 976 360 1048 talis
378 975 500 1050 effecta
512 988 581 1060 est,
597 955 641 1048 utx
652 976 712 1069 qui
730 976 899 1049 hactenns
917 975 1021 1048 avide
1039 977 1084 1048 ibi
1101 989 1213 1064 erant,
1229 981 1372 1055 avidius

188 1074 190 1078 ¹
281 1120 374 1170 nuno
391 1096 472 1169 inde
487 1096 681 1189 diffugiant.
702 1097 772 1170 Sed
787 1118 832 1169 ne
847 1097 934 1190 qnid
949 1099 1102 1184 nescias,
1127 1110 1234 1194 utque
1255 1113 1369 1175 matu-

284 1220 356 1291 rius
377 1219 563 1306 deliberes,
593 1241 659 1311 ego
691 1240 759 1291 uno
793 1229 948 1315 tempore
977 1242 998 1291 a
1027 1221 1179 1294 diversis
1209 1244 1371 1296 accersor

283 1349 388 1434 atque
409 1341 582 1414 sollicitor.
604 1342 692 1412 Nam
717 1352 753 1414 et
776 1341 954 1436 Neapolim
982 1363 1089 1415 vocor
1109 1344 1154 1416 ad
1176 1367 1295 1438 regem
1323 1347 1371 1419 si-

283 1466 415 1547 culum3
437 1462 500 1535 sed
521 1473 707 1560 suspectus
724 1474 779 1536 est
796 1487 868 1550 aer,
884 1465 998 1538 bonus
1018 1469 1106 1540 sorte
1122 1467 1259 1555 incolis,
1273 1470 1370 1564 quod

283 1606 469 1679 corporum
495 1588 661 1659 valetudo
680 1597 717 1658 et
736 1587 888 1660 eximius
913 1586 1018 1661 decor
1042 1589 1186 1674 indicat,
1209 1593 1294 1664 mihi
1319 1604 1370 1666 ta-

285 1728 366 1786 men
386 1705 530 1778 calidior
549 1729 654 1799 quam
676 1709 813 1780 vellem.
835 1710 899 1780 Est
918 1709 985 1782 illic
1002 1733 1142 1805 quoque
1160 1734 1226 1784 rex
1242 1734 1368 1800 novus,

171 1896 173 1901 .
283 1828 328 1900 de
348 1849 418 1921 quo
439 1828 520 1900 licet
539 1829 632 1925 apud
653 1830 832 1904 Lucanum
855 1833 900 1902 sit
919 1831 1014 1925 quod
1034 1835 1209 1907 mitissimo
1230 1857 1300 1906 sors
1324 1849 1370 1908 cst

248 1939 252 1948 '
283 1971 462 2040 raptorum
487 1951 546 2021 sub
571 1973 646 2045 repe
672 1975 776 2039 novo,
804 1976 871 2048 ego
897 1964 1013 2028 tamen
1038 1957 1218 2050 antiquum
1249 1980 1369 2052 regem

284 2075 430 2146 memori
457 2095 596 2170 semper
628 2086 745 2147 mente
779 2079 927 2171 suspiro.
949 2080 1085 2150 Caetera
1109 2079 1252 2174 quidem
1272 2081 1370 2154 facile

284 2198 523 2282 convenirent,
538 2209 667 2271 namet
684 2199 916 2293 pulcherrima
929 2201 1032 2294 plaga
1047 2210 1116 2286 est,
1135 2210 1171 2272 et
1188 2199 1272 2272 mihi
1288 2202 1370 2296 quia

284 2323 465 2414 vulgatum
495 2331 552 2393 est
582 2343 639 2394 me
670 2322 705 2392 in
739 2321 860 2417 primis
881 2322 966 2394 illud
987 2334 1164 2418 appetere,
1187 2325 1297 2396 otium
1319 2325 1371 2395 in·

284 2463 430 2534 geusae
453 2443 603 2516 solitudo
621 2443 829 2538 promittitur
845 2443 891 2515 ab
908 2445 950 2518 iis
968 2445 1028 2539 qui
1044 2453 1080 2518 et
1096 2457 1263 2539 praestare
1277 2447 1371 2541 quod

284 2565 488 2656 pollicentur
507 2576 670 2663 possunt,
692 2575 728 2636 et
747 2587 897 2660 quorum
917 2567 1038 2640 verbis
1056 2566 1144 2640 fides
1165 2569 1289 2642 merito
1308 2567 1371 2640 de·

284 2687 416 2760 beatur.
438 2690 483 2760 Et
507 2688 658 2761 Parisios
684 2709 792 2761 vocor
817 2689 863 2761 ad
888 2689 1097 2764 Francorum
1126 2713 1259 2785 regem,
1281 2694 1370 2787 opti-

285 2833 380 2884 mum
402 2811 497 2883 illum
519 2800 658 2905 quidem
681 2834 721 2884 ac
742 2811 965 2884 mitissimum
983 2813 1186 2908 principem,
1208 2814 1367 2908 meique,

279 2944 323 3016 ,ut
344 2935 427 3018 scis,
451 2935 636 3028 plusquam
670 2933 780 3025 ignoti
813 2933 963 3006 hominis
996 2945 1183 3018 amantem;
1219 2935 1283 3008 sed
1307 2959 1370 3008 nec

286 3054 369 3125 mihi
390 3076 469 3126 cum
491 3056 686 3126 accolarum
723 3054 891 3139 moribus
914 3077 980 3128 neo
1011 3057 1058 3127 illi
1094 3057 1263 3132 hactenus
1292 3079 1369 3130 oum

285 3178 423 3250 fortuna
443 3197 508 3248 sua
527 3175 617 3248 beno
634 3176 806 3250 convenit.
826 3177 914 3250 lllud
930 3179 1034 3252 etiam
1051 3179 1181 3266 obstat,
1199 3178 1296 3276 quod
1311 3179 1368 3274 qui

285 3297 366 3370 illuc
386 3297 466 3370 olim
484 3309 651 3372 evocatus
662 3299 710 3372 ad
723 3298 977 3394 percipiendam
996 3303 1149 3373 lauream
1168 3323 1238 3374 non
1255 3301 1368 3398 parui,

288 3423 316 3494 si
338 3446 431 3496 nunc
451 3445 543 3508 eam,
567 3424 690 3497 alienae
708 3423 793 3496 vitae
808 3423 1015 3497 censoribus
1037 3424 1149 3498 videri
1166 3427 1298 3519 possim
1316 3425 1369 3498 his

287 3555 432 3621 vocatus
456 3549 562 3619 semel
585 3556 715 3618 tantum
741 3546 938 3630 audivisse;
965 3570 1033 3620 non
1060 3546 1200 3642 quidem
1221 3549 1307 3622 dum
1331 3549 1370 3618 il-

286 3669 353 3742 lius
375 3669 483 3754 urbis,
509 3668 538 3742 si
560 3692 630 3762 qua
649 3691 730 3742 esse
751 3678 889 3764 posset,
911 3691 959 3742 ex
976 3692 1031 3742 me
1050 3670 1176 3763 gloria,
1200 3671 1266 3744 sed
1284 3671 1367 3742 dom

287 3790 343 3866 illa
363 3816 410 3865 ex
432 3791 517 3863 urbe
538 3812 616 3863 mea
636 3791 783 3884 insignis
806 3791 935 3864 utilitas
952 3801 1126 3884 ageretur.
1145 3793 1190 3864 llt
1206 3792 1251 3864 de
1269 3791 1370 3864 novis

287 3915 441 3988 consiliis
462 3915 640 3989 hactenus.
659 3915 747 4000 Quae
764 3923 957 4010 sequuntur
976 3915 1119 4009 antiqua
1140 3925 1232 3986 sunt.
1255 3915 1293 3985 ln
1313 3913 1371 3984 illa

286 4039 376 4108 enim
400 4048 498 4130 parte
517 4038 624 4110 ltaliae
644 4061 737 4112 nunc
756 4047 924 4132 expector
944 4037 977 4106 in
999 4046 1124 4131 quaet
1144 4039 1272 4110 multos
1288 4034 1370 4108 olim

289 4179 398 4230 annos
431 4160 488 4252 egi
522 4168 556 4230 et
575 4133 802 4232 'fortunarum
830 4181 987 4232 mearum
1008 4181 1135 4250 magna
1157 4179 1239 4252 pars
1259 4155 1369 4230 latuit.
