3002 4794
453 367 545 416 nrnna
566 367 891 420 nonus-snrsronn
914 373 942 420 v.
1199 363 1235 424 tl

161 509 309 593 habebo,
331 510 508 585 interdum
527 511 631 584 etiam
651 520 686 584 et
705 513 742 583 in
762 513 892 606 lingua,
910 525 945 588 et
961 517 1111 607 gratuito
1128 520 1240 592 laces-

161 643 277 708 sentes
297 634 374 728 pari
395 657 558 708 mucrone
577 635 820 730 repercutiam
847 658 959 732 eoque
985 639 1144 712 validiori
1169 665 1240 736 quo

159 758 254 830 facile
286 757 525 851 obtusumque
557 756 775 832 mendacium
805 769 874 847 est,
909 773 1073 854 peracuta
1106 763 1238 837 veritas

159 880 379 952 adamantina
399 881 490 952 acie:
503 903 628 975 meque
641 883 757 976 ipsum
772 882 920 970 solabor,
936 885 1091 977 cogitans
1105 886 1140 958 id
1154 888 1239 959 mihi

157 1025 378 1098 nequaquam
398 1013 620 1091 eventurum,
643 1005 711 1078 nisi
727 1008 922 1098 plusculum
941 1009 1090 1081 sortasse
1107 1011 1239 1104 aliquid

157 1151 262 1221 quam
283 1149 376 1213 sum,
400 1148 464 1200 seu
483 1137 577 1201 certe
602 1149 707 1222 quam
733 1151 889 1203 measse
910 1132 1062 1227 cupiunt,
1079 1132 1188 1230 lippis
1200 1143 1238 1206 et

157 1249 305 1344 obliquis
326 1252 436 1324 oculis
457 1252 607 1324 viderer.
628 1254 797 1325 Extrema
814 1273 891 1328 sors
911 1263 966 1328 est
982 1279 1088 1351 quam
1105 1256 1238 1329 invidia

157 1397 225 1448 non
245 1375 392 1469 attingit.
413 1377 591 1450 Platonem
611 1378 734 1465 serunt,
756 1399 836 1450 cum
860 1379 892 1450 ei
913 1381 1135 1454 accae'taneis
1148 1381 1239 1455 invi-

156 1496 306 1585 deretur,
323 1493 500 1571 Socratem
514 1500 759 1593 interrogasse,
779 1501 907 1596 quibus
929 1503 1066 1576 artibus
1083 1503 1129 1574 ab
1149 1504 1238 1574 invi-

156 1623 212 1696 dia
228 1633 325 1694 tutus
346 1633 452 1696 esset.
468 1623 532 1696 Cui
546 1625 718 1696 Socrates:
740 1625 837 1712 Vive,
858 1627 976 1721 inquit,
992 1636 1031 1698 ut
1044 1627 1234 1700 Thersites.

156 1748 307 1840 Elegans
341 1749 442 1840 plane
474 1748 654 1842 responsio
687 1747 758 1820 laeti
781 1749 943 1842 doctique
962 1750 1113 1822 hominis
1134 1751 1180 1822 ad
1200 1751 1237 1822 id

156 1873 249 1966 quod
265 1872 458 1968 discipulus
475 1871 663 1966 quaerebat.
682 1873 774 1944 Vere
791 1881 909 1944 autem
927 1873 1038 1946 satius
1054 1877 1163 1947 multo
1179 1883 1235 1946 est

156 1992 297 2066 Achillis
329 2016 410 2067 cum
442 1993 574 2067 invidia
605 1995 778 2085 virtutem,
801 2018 905 2091 quam
941 1997 1073 2091 absque
1104 1997 1235 2068 invidia

157 2119 321 2191 Thersitis
343 2117 517 2210 ignaviam
539 2119 675 2191 imitari.
701 2118 747 2192 At
778 2120 839 2213 qui
873 2123 993 2213 procul
1025 2121 1070 2193 ab
1101 2119 1234 2191 invidia

156 2242 262 2314 vitam
283 2263 388 2334 agere
409 2241 569 2326 instituit,
596 2242 628 2314 ei
659 2245 734 2316 sola
757 2253 796 2314 ut
821 2242 971 2316 arbitror
996 2244 1055 2315 via
1080 2251 1137 2313 est
1157 2252 1196 2314 ut
1215 2263 1234 2313 a

156 2365 271 2438 studio
291 2364 429 2437 virtutis
450 2365 628 2451 abscedat;
656 2366 719 2438 sed
744 2365 827 2437 dum
854 2387 896 2438 eo
921 2365 1007 2437 calle
1032 2365 1122 2458 fugit
1146 2365 1236 2438 invi-

156 2487 260 2572 diam,
283 2509 429 2560 necesse
448 2497 503 2561 est
523 2489 651 2562 incidat
664 2488 706 2576 ¹in
726 2496 972 2584 contemptum.
992 2491 1042 2562 lta
1059 2511 1145 2560 vere
1161 2487 1234 2561 vita

155 2610 283 2714 homini
304 2623 369 2697 est,
391 2623 429 2684 ut
448 2615 613 2684 alterutro
633 2613 862 2686 laborandum
884 2613 939 2685 sit.
961 2613 1162 2692 Proindeut
1175 2635 1236 2686 ne-

155 2736 298 2826 cessarii
329 2736 434 2809 huius
461 2735 573 2829 magis
601 2759 706 2831 quam
731 2736 872 2809 iucundi
899 2736 1059 2828 colloquii
1078 2733 1161 2807 finis'
1179 2737 1234 2821 sit,

155 2858 277 2930 borum
297 2882 364 2952 ego
384 2859 613 2954 questionem
634 2859 745 2947 ride0‚
761 2859 1025 2952 responsionem
1039 2857 1233 2930 abominor:

155 3003 265 3076 neque
285 2984 471 3068 immerito;
494 2987 599 3056 stulta
618 2983 709 3054 enim
730 2983 893 3076 quaestio,
921 2980 1105 3077 responsio
1129 3002 1236 3054 vene-

155 3126 239 3176 nosa
259 3115 324 3176 est.
348 3108 456 3178 Tuam
476 3128 563 3180 vero
583 3105 827 3200 questionem,
850 3106 881 3178 si
901 3106 1061 3177 fortassis
1087 3128 1164 3177 eam
1185 3106 1235 3178 la-

155 3228 213 3312 cis,
227 3241 431 3301 reverenter
443 3231 588 3326 accipio,
603 3238 638 3302 et
651 3229 712 3302 tibi
725 3228 910 3300 notissima
922 3227 1071 3301 veritate
1087 3249 1235 3320 respon·
1265 3269 1267 3280 =

155 3350 228 3423 deo.
249 3353 341 3438 Quid
360 3355 445 3426 lacis
470 3355 506 3424 in
526 3354 646 3426 euria‘l
665 3355 830 3445 languea,
852 3352 1002 3436 crucior,
1022 3351 1165 3444 affligor,
1181 3352 1235 3421 in-

155 3473 288 3565 dignor,
320 3484 356 3546 et
388 3499 457 3571 qua
485 3480 579 3550 nulla
597 3478 743 3549 ,iactura
776 3477 930 3568 gravior,
957 3473 1013 3547 hic
1038 3485 1108 3546 tam
1138 3476 1235 3546 nulla

155 3593 380 3680 comminuor,
403 3603 539 3691 tempus
559 3596 681 3691 perdo,
703 3593 802 3666 cuius
825 3593 1051 3687 parcissimus
1071 3613 1152 3662 esse
1170 3589 1249 3660 de-.

155 3735 342 3787 creveram.
377 3717 445 3790 Sed
469 3719 553 3790 tanti
578 3727 633 3790 est
657 3718 847 3790 amicorum
873 3717 964 3788 votis
990 3714 1032 3784 ac
1067 3711 1229 3808 precibus

155 3858 221 3907 non
252 3839 389 3911 deesse.
419 3841 575 3935 Denique
602 3841 632 3913 si
657 3841 741 3935 quid
765 3839 887 3912 faciam
913 3855 1029 3928 roges,
1059 3857 1127 3906 non
1161 3843 1231 3905 tam

155 3961 251 4031 facile
276 3962 408 4056 possim
434 3965 646 4059 respondere
671 3963 755 4056 quid
779 3963 901 4033 faciam
927 3980 1032 4053 quam
1057 3958 1142 4051 quid
1161 3977 1232 4028 non

155 4081 288 4153 faciam.
309 4085 465 4158 Proiecto
489 4108 554 4179 ego
579 4085 663 4156 nulli
687 4105 810 4166 noceo,
838 4081 905 4153 nisi
930 4080 1036 4153 mihi:
1065 4081 1148 4152 nulli
1170 4103 1232 4152 no-

156 4225 234 4279 cere
258 4175 428 4294 meditor}
455 4209 515 4282 tihi
540 4219 657 4282 autem
682 4228 751 4280 non
776 4203 879 4280 modo
903 4227 972 4278 non
998 4227 1132 4290 nocere,
1168 4201 1231 4276 sed
