3078 4798
269 355 327 414 334
606 368 646 414 uu
668 368 768 415 uuuus
790 367 1014 414 ruurururuuus

269 502 448 574 latibulum
470 523 573 572 suum
596 522 634 572 se
656 500 833 595 recipiunt.
856 501 906 573 Tu
933 522 1073 594 quoque
1100 505 1232 575 nullum
1252 505 1350 596 quie-

269 625 312 696 tis
334 646 376 695 ac
397 623 509 696 solatii
529 624 640 695 locum
664 632 734 696 toto
754 622 838 694 orbe
855 625 1035 717 reperiens
1051 623 1143 695 iutra
1160 624 1285 698 cubilis
1301 628 1352 698 tui

239 773 240 778 ¹
268 748 372 819 limen
391 758 428 818 et
447 747 537 818 intra
559 756 593 818 te
614 746 727 839 ipsum
755 746 844 830 redi,
872 756 985 818 tecum
1013 745 1131 837 vigila,
1160 757 1275 818 tecum
1301 750 1352 819 lo-

268 891 389 962 quere,
413 882 525 968 tecum
549 871 625 953 sile,
646 879 760 941 tecum
779 868 933 953 ambula,
953 879 1064 942 tecum
1085 880 1150 940 sta:
1169 891 1213 940 ne
1229 868 1353 943 dubita

269 997 364 1065 solus
385 1015 477 1078 esse,
503 993 531 1064 si
553 1002 666 1064 tecum
686 1014 742 1064 es:
763 991 910 1085 quodsi
931 1002 1047 1063 tecum
1067 1011 1137 1062 nou
1154 1013 1209 1077 er,
1228 992 1298 1064 etsi
1316 993 1352 1064 in

268 1119 393 1209 populo
413 1117 534 1198 fueris·,
559 1117 654 1186 solus
679 1114 761 1186 eris.
783 1115 852 1186 Fae
881 1112 943 1183 tibi
975 1113 1010 1183 in
1037 1114 1150 1186 medio
1171 1113 1281 1184 animi
1303 1115 1351 1188 rui

250 1239 380 1308 'locum
403 1237 465 1308 ubi
482 1239 605 1320 luteae,
629 1233 688 1306 ubi
714 1233 883 1328 gaudeas,
906 1233 966 1306 ubi
991 1237 1086 1307 nullo
1111 1235 1352 1328 interpellante

267 1357 484 1450 requiescaS,
508 1356 566 1427 ubi
587 1369 700 1429 tecum
723 1355 882 1428 Christus
901 1336 1033 1427 habitet
1051 1357 1112 1448 qui
1134 1363 1167 1426 te
1187 1355 1351 1428 iuvenem

268 1482 493 1552 secretarium
526 1489 630 1574 atque
663 1479 850 1552 convivam
884 1500 986 1551 suum
1018 1477 1210 1558 sauerdotio
1230 1491 1351 1553 saneto

267 1603 357 1675 iecit.
376 1605 420 1675 Et
436 1604 573 1697 quibus,
588 1604 733 1698 iuquieS,
749 1602 784 1674 id
802 1603 936 1675 artibus
953 1602 1125 1677 efficiam?
1146 1605 1264 1678 Virtus
1278 1609 1352 1680 sola

269 1735 466 1818 potensest
494 1728 571 1797 haec
597 1727 713 1797 omnia
739 1735 923 1821 praestare:
945 1749 1008 1822 per
1028 1728 1121 1800 illam
1147 1731 1350 1822 assequeris

269 1861 306 1922 ut
325 1848 454 1940 ubique
475 1851 576 1920 iaetus
598 1870 638 1920 ac
664 1849 747 1919 felix
772 1850 888 1934 vivae,
915 1849 1011 1920 etin
1037 1850 1152 1923 medio
1177 1853 1348 1924 malorum

266 1972 382 2040 nulius
402 1969 447 2041 ad
467 1980 501 2042 te
521 1969 638 2042 aditus
660 1973 751 2041 malo
772 1970 831 2056 sit,
853 1970 938 2042 nihil
957 1981 1057 2065 optes
1078 1973 1145 2043 nisi
1162 1973 1258 2066 quod
1275 1973 1348 2046 feli-

227 2079 232 2088 ’
265 2113 356 2176 uem,
371 2092 454 2162 nihii
468 2091 612 2164 horreas
629 2093 697 2164 nisi
714 2092 809 2185 quod
826 2092 994 2164 miserum
1011 2093 1102 2165 facit.
1120 2093 1220 2166 Nulla
1233 2103 1347 2166 autem

267 2214 392 2286 renisi
414 2216 529 2286 animo
549 2214 683 2286 felicem
705 2223 766 2288 aut
785 2215 952 2286 miserum
974 2213 1050 2287 fieri
1071 2215 1182 2288 scias:
1203 2226 1350 2289 externa

267 2337 431 2428 quaelibet
449 2359 531 2410 esse
548 2359 618 2409 nou
635 2338 788 2433 propria:
807 2348 867 2410 tua
883 2338 999 2430 omnia
1016 2347 1131 2410 tecum
1149 2359 1246 2422 esse3
1264 2339 1348 2412 nihil

267 2459 418 2530 alienum
440 2461 502 2531 tibi
527 2461 603 2533 dari
628 2483 747 2556 posse,
770 2461 854 2532 nihii
881 2471 979 2532 tuum
1004 2461 1110 2554 eripi:
1133 2485 1238 2556 quem
1265 2464 1346 2536 vitae

267 2603 410 2654 cursum
428 2585 540 2676 eligas
560 2584 595 2655 in
617 2594 677 2657 tua
697 2605 803 2656 mauu
824 2583 929 2659 situm
948 2604 1044 2656 esse:
1064 2584 1249 2676 fugiendas
1269 2585 1347 2681 opi-

266 2705 389 2777 niones
410 2709 614 2800 populorum
632 2717 669 2779 et
687 2730 878 2802 paucorum
896 2704 1094 2799 sequendas
1110 2728 1191 2779 esse
1209 2715 1348 2780 senteu-

267 2828 345 2913 tias3
367 2829 629 2922 despiciendum
649 2833 718 2901 alto
738 2830 855 2902 animo
879 2831 1067 2915 fortunam,
1096 2829 1347 2924 sciendumque

267 2954 345 3044 pius
366 2951 458 3021 iliam
480 2951 631 3042 impetus
652 2951 782 3024 habere
801 2975 907 3045 quam
927 2952 1070 3037 virium,
1088 2963 1125 3024 et
1141 2953 1264 3025 minari
1281 2973 1346 3026 σω

266 3072 344 3164 pius
364 3093 470 3164 quam
490 3072 604 3156 ferire,
626 3082 661 3144 et
682 3072 796 3145 rarius
813 3073 941 3146 obesse
953 3097 1059 3169 quarn
1078 3083 1245 3168 strepere
1263 3073 1347 3147 uihil

266 3194 414 3264 illumin
440 3193 587 3289 propriis
614 3195 683 3268 tuis
709 3194 810 3268 bonis
836 3217 956 3291 posse;
982 3198 1018 3266 in
1044 3195 1118 3269 suis
1143 3218 1213 3269 nou
1237 3194 1347 3271 fideu-

265 3316 349 3388 dum
371 3316 546 3390 blanditiis
567 3328 602 3391 et
621 3317 791 3412 quidquid
812 3319 868 3392 illa
888 3319 1072 3393 donaverit
1091 3320 1248 3412 precario
1266 3340 1347 3415 pus·

265 3440 463 3514 sidendum.
484 3441 540 3514 Ad
561 3442 650 3529 haec,
670 3451 709 3512 ut
729 3442 759 3514 si
781 3465 933 3536 unquam
947 3441 1051 3514 altius
1065 3440 1280 3527 ascenderis,
1295 3441 1347 3514 di-

266 3564 360 3636 vinae
380 3566 571 3638 elementiae
591 3566 787 3652 adscribaS‚
809 3566 841 3638 si
861 3567 976 3640 miuus
997 3586 1101 3659 aequo
1120 3565 1236 3636 auimo
1256 3565 1347 3657 aspi-

266 3685 352 3773 cias,
375 3688 411 3758 in
432 3709 540 3780 regno
560 3689 708 3760 furtu-nae
728 3687 838 3761 bonos
854 3687 1016 3781 opprimi,
1034 3686 1207 3781 pessimos
1224 3685 1345 3758 attolli:

266 3807 478 3902 intelligenS,
501 3819 540 3881 ut
560 3811 608 3881 ait
626 3809 822 3895 Psalmisla,
846 3810 881 3880 iu
901 3809 1103 3884 novissimis
1121 3829 1256 3893 eorum,
1276 3828 1347 3878 me·

266 3950 411 4022 moruue
432 3930 524 4002 riam
547 3931 638 4004 haue
656 3931 815 4004 laborum
835 3951 929 4016 esse,
951 3952 1022 4002 non
1041 3929 1189 4026 patriam
1207 3927 1346 4001 merito-

267 4071 354 4120 rum.
377 4052 471 4122 Vale.
