3062 4798
398 357 489 408 braun
511 357 990 410 saurusnucmm.-sr1sroan
1011 360 1064 408 xn.
1209 348 1268 410 403

190 494 278 568 lllud
295 491 457 586 equidem
479 493 569 564 inter
588 495 696 565 multa
717 495 959 567 vehementius
982 495 1138 588 urgebat,
1160 506 1196 570 et
1216 519 1270 570 re-

190 615 358 690 verentiae
375 637 461 688 meae
481 617 642 688 stimulus
661 625 696 688 et
714 616 885 688 maiestati
904 637 979 688 suae
997 619 1132 710 pondus
1150 617 1269 692 acces·

190 748 296 824 serat,
324 739 418 830 quod
451 739 525 831 ipse
551 759 690 831 quoque
723 738 778 810 vir
802 748 899 810 esset
930 741 1198 826 ecclesiasticus,
1234 752 1270 814 et

189 872 358 955 quantum
378 862 413 931 in
435 871 503 931 tam
520 863 660 932 excelso
677 863 824 933 sortnnae
842 860 953 951 gradu
972 861 1046 933 fieri
1065 873 1188 955 potest,
1206 863 1269 935 de·

189 983 414 1066 votissimns;
441 983 541 1054 cuius
562 984 862 1055 conversationem
884 988 1004 1076 fugere
1024 987 1079 1056 vir
1099 987 1268 1058 honestus

189 1107 265 1178 sine
298 1114 378 1176 nota
411 1104 584 1196 superbiae
617 1105 679 1176 vix
712 1116 840 1197 posset.
874 1107 1022 1179 Proinde
1054 1106 1148 1198 quod
1185 1107 1268 1177 mihi

189 1227 340 1300 luctandi
371 1249 463 1298 nunc
492 1227 597 1298 etiam
631 1228 849 1320 negandique
879 1229 950 1298 vim
976 1227 1170 1313 abstulerit,
1202 1229 1267 1300 etsi

189 1348 422 1420 verecundius
456 1346 592 1418 silentio
622 1359 850 1440 premeretur,
885 1348 946 1419 tibi
981 1359 1096 1422 tamen
1127 1351 1267 1422 tacitum

189 1470 306 1542 nolim.
327 1471 414 1540 Dum
436 1470 528 1540 enirn
550 1469 789 1560 scrupulosius
815 1490 1008 1560 quaererem
1030 1470 1181 1561 quidex
1212 1493 1268 1541 me

190 1596 303 1676 vellet,
326 1614 406 1663 cum
425 1590 470 1660 ad
491 1590 574 1660 nihil
595 1611 716 1661 eorum
737 1589 866 1681 quibus
884 1613 988 1681 egere
1010 1591 1148 1662 videtur
1165 1602 1276 1684 aptus·

188 1736 304 1786 essem
325 1723 384 1785 aut
404 1713 608 1806 dispositus,
632 1712 716 1782 nihil
736 1735 782 1783 ex
804 1735 858 1784 me
879 1715 967 1784 velle
988 1715 1176 1808 respondit,
1199 1715 1268 1787 nisi

190 1836 411 1928 praesentiam
435 1857 546 1908 meam
574 1836 693 1916 solam,
721 1856 850 1927 quase
877 1857 1050 1927 suumque
1075 1834 1265 1906 dominium

187 1961 346 2033 crederet
364 1958 553 2031 honestari.
575 1957 639 2028 Hie
662 1958 773 2028 fateor
793 1959 1008 2028 humanitate
1035 1967 1129 2029 tanta
1151 1959 1264 2030 victus

187 2084 321 2170 erubui,
337 2085 436 2167 tacui,
451 2092 485 2155 et
499 2082 647 2153 tacendo
659 2081 821 2153 consensi
843 2101 905 2151 seu
923 2081 1145 2152 consensisse
1166 2082 1266 2153 visus

188 2229 277 2279 sum.
299 2206 390 2290 Quid
409 2205 500 2276 enim
521 2214 639 2276 contra
660 2204 737 2274 haec
754 2203 903 2274 dicerem
924 2223 992 2273 non
1014 2201 1078 2271 fuit
1098 2203 1155 2272 vel
1173 2213 1266 2273 certe

187 2351 255 2402 non
281 2329 400 2401 adluit.
435 2327 504 2398 Sed
536 2326 621 2418 quid
646 2329 736 2416 ago?
762 2326 844 2396 Tam
874 2324 971 2396 facile
1002 2323 1131 2394 utinam
1159 2325 1267 2414 vulgo

187 2451 417 2546 persuadeam
436 2449 529 2520 'vera
550 2447 625 2519 haec
644 2469 724 2518 esse
744 2469 848 2540 qnam
874 2445 945 2516 tibi.
968 2446 1195 2537 Quamquam,
1218 2444 1267 2516 dii

187 2575 282 2658 boni,
309 2572 391 2666 quid
417 2570 583 2663 estquod
605 2578 726 2662 optare
747 2567 896 2663 incipio‘l
917 2567 970 2637 An
992 2567 1119 2638 oblitus
1142 2588 1268 2662 propo-

188 2694 243 2767 siti
269 2695 333 2766 mei
356 2716 450 2766 sum:
475 2695 606 2784 vulgus
626 2690 778 2777 utlibet,
800 2713 864 2762 nos
891 2700 928 2761 ut
953 2689 1053 2760 licet‘?
1073 2689 1169 2758 Vale.

328 2837 494 2906 Mediolani,
510 2835 556 2891 Vl.
577 2835 715 2890 Kalendas
730 2834 916 2908 Septembris,
942 2847 1059 2905 propere
1082 2831 1191 2886 silentio
1218 2845 1267 2884 no·

401 2928 452 2982 otis
466 2927 647 2998 intempeste.

598 3335 775 3398 EPISTULA
796 3335 865 3398 Xlll.

271 3525 464 3577 Fatuclscus
485 3521 654 3574 Paratum
674 3520 852 3570 ralnclsco
873 3518 980 3568 PRlOlll
1000 3515 1190 3566 sentuosum

540 3625 770 3676 APOSTOLORUM
792 3625 817 3672 S.
839 3625 866 3672 P.
889 3625 919 3672 D.

239 3791 279 3846 De
294 3785 523 3845 obtrectatoribus
539 3789 567 3839 et
580 3782 732 3838 maledicis.
749 3780 853 3836 Fabula
867 3778 901 3833 de
915 3777 1026 3832 rusticis
1041 3781 1068 3832 et
1083 3776 1218 3846 iumento.

257 3986 262 3994 ⁸
288 4019 487 4111 Quidquam
514 4037 558 4086 ne
583 4012 780 4085 mortalium
806 4011 840 4081 in
866 4009 970 4082 rebus
1005 4016 1100 4082 tanto
1125 4004 1267 4077 oonsilio

192 4142 367 4235 provisum
390 4147 457 4222 est,
486 4150 523 4208 ut
549 4159 616 4208 non
642 4137 910 4208 obtrectatorum
934 4130 1107 4204 morsibus
1130 4125 1266 4220 pateat?
