3024 4802
368 343 461 395 amna
482 335 949 392 uouusoaumus.-nr1sronn
970 336 1009 384 rr.
1170 319 1225 380 oet

150 485 248 558 cedo.
270 482 371 562 Vale,
395 479 528 562 Caesar,
550 486 586 548 et
607 476 695 557 vive,
716 486 751 547 et
767 476 882 558 vince,
906 485 942 544 et
969 474 1099 564 impera
1120 468 1230 540 nostri

153 627 298 680 memor.

296 747 454 818 Mediolani,
470 747 504 804 V.
521 745 582 802 Kal.
600 745 721 802 Martias.

582 1177 761 1242 EPISTOLA
781 1177 815 1240 V.

157 1373 353 1426 ruluelscus
375 1371 544 1424 PETRARGA
568 1371 669 1422 nomo
694 1368 902 1422 GRAMMATICO
929 1369 1088 1419 alannusl
1109 1369 1134 1417 S.
1157 1369 1184 1418 Ρ.
1207 1369 1237 1418 o.

380 1574 481 1628 Secum
494 1588 560 1628 eum
573 1571 648 1628 dorni
663 1587 720 1626 suae
735 1586 865 1626 mansum
880 1570 985 1626 invitat.

258 1830 402 1924 Scripsit
434 1829 637 1904 adolescens
661 1837 782 1900 noster
807 1827 869 1898 tibi
896 1827 1016 1901 nescio
1046 1827 1147 1921 quid;
1173 1828 1242 1898 imo

160 1973 248 2026 vero
276 1950 395 2022 nescio
426 1950 553 2042 quibus
585 1949 704 2022 verbis
730 1961 792 2021 aut
815 1951 980 2042 qualiter:
1007 1950 1092 2042 quid
1125 1959 1241 2022 autem

162 2072 245 2147 scio.
274 2070 421 2164 Scripsit
441 2080 556 2142 autem
582 2091 650 2142 non
677 2079 716 2141 ut
740 2070 903 2170 precibus
925 2082 957 2144 te
978 2081 1151 2163 gravaret,
1180 2069 1244 2142 sed

164 2208 201 2269 ut
233 2195 387 2270 animum
422 2194 618 2286 exploraret
644 2201 754 2276 tuum,
782 2213 887 2284 quam
913 2214 1044 2286 pronus
1077 2202 1174 2264 esset
1200 2193 1244 2265 ad

163 2319 359 2393 convictum
380 2325 550 2388 nostrum.
572 2315 743 2388 Caeterum
764 2335 845 2408 quae
865 2335 913 2386 ex
933 2316 991 2388 illo
1008 2316 1152 2400 audisti,
1172 2295 1245 2410 ¹quo

164 2441 259 2514 dubii
279 2439 365 2510 nihil
385 2447 473 2510 aetas
503 2434 670 2508 infirmior
689 2445 724 2508 et
745 2437 790 2508 ad
811 2444 930 2531 optata
960 2438 1243 2530 consequendum

165 2582 322 2660 praeceps
342 2561 466 2656 pariat,
485 2581 533 2630 ex
551 2579 606 2630 me
623 2558 740 2630 forsan
761 2560 859 2652 cupis
880 2560 1013 2632 audire.
1035 2557 1161 2652 Accipe
1182 2558 1246 2649 igi-

166 2695 233 2768 tur,
255 2691 292 2755 et
319 2704 366 2754 ex
387 2680 508 2775 paucis
536 2683 645 2752 multa
671 2680 957 2775 comprehendes.
980 2683 1052 2753 Hoc
1072 2684 1169 2752 velut
1189 2703 1246 2753 so·

166 2804 304 2876 cialium
322 2815 501 2898 pactorum
518 2802 790 2896 chirographum
804 2803 942 2876 habeto.
960 2803 1068 2896 Cupio
1085 2802 1245 2895 equidem

147 2943 149 2952 ’
168 2937 214 3000 te:
235 2948 304 2999 nou
322 2927 467 3020 ignarus
488 2947 695 3019 magnorum
711 2926 774 2997 tibi
790 2949 832 2998 ac
851 2926 1115 3021 praepotentium
1136 2925 1249 2999 homi·

167 3071 249 3120 num
284 3051 381 3121 aulas
409 3058 540 3143 patere,
560 3049 624 3121 sed
644 3048 690 3119 ita
721 3049 803 3121 mihi
836 3052 1012 3146 persuasi,
1041 3049 1166 3121 melius
1187 3046 1249 3120 tibi

167 3173 321 3244 loturum
341 3179 461 3241 nostra
480 3191 559 3241 cum
580 3179 794 3264 paupertate,
812 3195 919 3264 ¹quant
938 3193 1017 3244 eum
1039 3172 1174 3244 illorum
1196 3171 1251 3246 di-

168 3292 280 3378 vitiis,
308 3291 338 3362 si
370 3290 459 3362 bene
484 3291 637 3361 animum
669 3299 766 3362 tuum
793 3294 885 3364 novi.
907 3295 1048 3364 Dulcior
1073 3303 1129 3365 est
1157 3296 1249 3366 enim

169 3417 316 3488 honesta
332 3421 521 3509 paupertas
537 3433 617 3482 eum
640 3412 766 3498 arnico,
788 3435 891 3505 quarn
911 3415 978 3487 sub
1002 3416 1143 3489 domino
1162 3416 1253 3488 divi-

170 3537 228 3608 tiae
245 3535 421 3628 ingeotes
437 3533 630 3626 praesertim
651 3532 830 3621 libertatis,
850 3537 976 3630 quietis
995 3546 1029 3610 et
1046 3536 1253 3629 frugalitatis

171 3656 289 3741 avido,
312 3658 450 3749 qualem
478 3667 510 3726 te
537 3656 567 3728 si
595 3667 719 3728 natura
744 3679 815 3730 non
839 3659 996 3746 lecisset,
1021 3668 1058 3732 ut
1083 3681 1250 3751 auguror,

172 3780 326 3851 studium
343 3776 432 3851 fecit.
450 3779 546 3850 Neve
564 3780 777 3873 paupertatis
799 3803 924 3855 nomen
942 3786 1030 3856 forte
1050 3783 1111 3854 tibi
1130 3802 1252 3875 suspe-

171 3912 264 3974 ctum
284 3899 342 3983 sit,
362 3902 448 3974 scito
467 3911 504 3974 ut
520 3897 650 3973 nullum
674 3904 841 3988 sordidae,
861 3908 993 3978 nullum
1011 3917 1148 3980 moestae
1166 3906 1254 3979 indi-

172 4023 300 4116 gentiae
321 4025 434 4094 locum
455 4045 550 4110 esse,
572 4024 622 4096 sic
639 4025 800 4100 sollicitas
821 4036 1001 4121 etgraves
1025 4030 1106 4102 hinc
1126 4030 1252 4102 abesse

172 4143 325 4218 divitias.
341 4145 558 4240 Comparatio
576 4148 649 4220 sola
663 4157 719 4220 est
734 4171 814 4242 quae
831 4153 939 4243 vulgo
956 4150 1095 4226 divitias
1113 4163 1148 4225 et
1168 4175 1253 4246 pau-
