2988 4800
462 613 650 679 FRANClSCl
681 615 886 680 paulluum

271 829 344 906 DE
398 827 582 908 REBUS
641 829 1071 914 llllllllulssus

337 1053 338 1058 ’
411 1045 560 1116 LIBER
598 1045 942 1118 DUODECIMUS.

634 1285 714 1294 μ--ο-

560 1537 739 1602 EPISTOLA
765 1539 785 1603 l.

183 1712 382 1762 ralnnrscus
402 1713 569 1762 rerumne
590 1713 716 1762 elnone
736 1715 777 1762 rv.
799 1713 943 1764 lueusro
964 1713 1158 1764 iurnalronr

440 1791 443 1798 ’
479 1817 678 1868 unuluonuu
700 1819 726 1867 a.
749 1820 776 1867 r.
799 1821 829 1868 n.

217 1978 353 2034 Hortatur
367 1976 469 2032 iterum
484 1977 558 2032 utin
574 1977 681 2032 Italiam
696 1978 844 2034 descendat
857 1985 885 2034 et
900 1979 1004 2035 Urbem
1019 1981 1126 2036 romani

399 2074 481 2140 eaput
494 2068 603 2140 imperii
617 2069 746 2140 praesenti
760 2085 811 2142 ope
828 2069 949 2142 sospitet.

229 2330 320 2400 Olim
342 2327 418 2413 tibi,
441 2328 600 2424 princeps
621 2328 758 2424 inelyte,
781 2328 875 2421 quod
899 2330 1003 2400 famae
1029 2337 1099 2400 tuae
1120 2330 1213 2400 salu-

136 2450 227 2544 tique
245 2450 405 2544 puhlioae
421 2449 606 2522 convenire
623 2448 741 2520 visum
758 2459 823 2534 est,
844 2448 967 2544 scripsi
984 2449 1212 2522 familiaritate

136 2574 301 2666 quadam,
323 2595 393 2643 non
414 2582 484 2643 tam
509 2573 554 2644 de
579 2571 719 2664 iugenio
744 2594 822 2643 meo
854 2595 960 2666 quam
986 2575 1031 2646 de
1056 2573 1212 2646 moribus

137 2697 201 2768 tuis
224 2704 364 2789 sumpta
384 2693 521 2769 fiducia.
548 2695 678 2768 Deinde
707 2704 824 2767 autem
850 2719 987 2768 mecum
1012 2697 1087 2791 ipse
1112 2719 1215 2791 repu-

138 2829 210 2891 tans
235 2818 460 2892 difficultates
492 2821 618 2892 multas
643 2829 678 2890 et
704 2819 821 2892 varias
855 2819 1096 2892 communibus
1123 2820 1213 2891 votis

138 2942 322 3035 oppositas,
338 2942 482 3038 imperio
500 2944 658 3027 lortunae,
681 2964 770 3035 quae,
790 2953 828 3014 ut
844 2944 950 3028 aiunt,
968 2941 1131 3014 omnibus
1149 2941 1214 3012 im-

138 3077 232 3156 perat
252 3065 419 3160 imperiiS,
442 3087 506 3138 nee
526 3065 688 3138 dubitans
714 3087 761 3136 ex
787 3067 937 3139 adverso
962 3089 1025 3159 per
1045 3075 1079 3137 te
1100 3075 1216 3138 tuum-

138 3211 202 3280 que
222 3189 406 3261 eonsilium
432 3187 506 3260 lieri
536 3188 653 3261 omnia
686 3211 765 3282 quae
799 3190 950 3263 humano
971 3189 1115 3262 consilio
1136 3188 1213 3261 fieri

139 3321 294 3401 possent,
324 3321 360 3382 et
384 3311 493 3384 oeulis
520 3313 588 3384 tuis
617 3323 652 3384 et
677 3313 759 3384 huie
784 3316 917 3386 calamo
942 3315 1125 3408 plusquam
1152 3336 1214 3384 an-

139 3455 223 3507 nuas
244 3434 401 3508 inducias
419 3435 516 3520 dedi,
535 3459 747 3530 quamquam
764 3458 833 3508 non
851 3436 926 3508 sine
943 3459 1092 3508 moerore
1108 3437 1213 3508 animi

140 3565 274 3654 tempus
294 3557 362 3630 labi
383 3581 574 3644 cernerem,
598 3569 633 3630 et
654 3559 935 3653 tranquillitatem
952 3561 1141 3630 multorum
1161 3556 1214 3628 in-

142 3679 235 3750 terim
254 3681 459 3773 populorum
473 3681 675 3775 prolatando
692 3691 752 3752 aut
769 3682 1055 3775 procrastinando
1071 3679 1212 3750 differri,

142 3800 205 3874 Sed
222 3801 464 3876 difficultatum
485 3802 583 3876 obice
609 3803 879 3897 impossibilitati
904 3804 1080 3900 proximo,
1104 3813 1141 3872 ut
1161 3802 1214 3874 di·

143 3923 188 4008 xi,
204 3923 402 3997 tarditatem
416 3926 641 3998 excusabam.
654 3927 752 4000 Nune
769 3927 908 3998 tandem
925 3933 1142 4021 praeparante
1162 3924 1215 3994 di-

144 4023 219 4118 vina
245 4049 463 4144 providentia
484 4049 560 4122 vias
580 4061 686 4134 tuae,
720 4061 756 4122 et
788 4049 900 4120 fidelis
927 4049 1043 4143 populi
1065 4048 1214 4120 salutem

144 4167 408 4244 misericorditer
428 4171 620 4258 ordinante,
649 4171 697 4244 ita
722 4172 911 4266 dispositus
936 4182 991 4246 est
1015 4169 1123 4244 ltaliae
1144 4181 1214 4242 tuae
