3024 4802
388 367 482 418 uranu
502 361 969 416 uenusuacruus.-ue1sreuu
993 359 1036 408 ru.
1190 346 1245 408 521

174 506 294 581 audire
313 503 486 599 (quamvis
499 523 566 593 ego
578 503 716 592 longam
730 495 833 568 nimis
847 497 1130 592 inamoenamque
1141 508 1251 572 mate-

176 631 262 703 riam
275 634 488 718 tcstarer)‚et
501 625 548 694 ita
563 644 618 692 me
630 620 794 693 diutieule
808 622 1004 711 loquentem
1018 621 1134 693 animo
1147 631 1252 716 atque

176 751 319 825 auribus
336 749 489 820 intentus
503 745 650 828 erudivit,
666 752 705 816 ut
718 743 828 815 sicubi
842 745 898 814 vel
911 741 1086 814 oblivione
1101 747 1159 816 val
1175 745 1254 818 bre-

176 874 294 948 vitatis
309 872 424 944 studio
436 868 566 962 aliquid
579 865 807 962 praeterirem,
823 866 979 958 protinus
992 865 1049 935 ille
1063 869 1252 958 suppleret,

178 1020 220 1069 ae
233 1017 328 1090 saepe
341 1016 397 1090 me
412 991 534 1064 melius
548 991 624 1085 ipse
635 1011 693 1060 res
708 1009 804 1060 meas
813 995 941 1068 nosset,
949 1010 1097 1080 quarum
1111 991 1254 1074 fumum,

180 1131 304 1215 stupeo
324 1138 437 1210 usque
456 1125 551 1188 trans
573 1111 679 1206 Alpes
699 1109 913 1203 nescioquis
931 1108 1036 1180 flatus
1054 1110 1254 1202 impegerat,

180 1244 369 1334 oculosque
390 1240 625 1333 compleverat
645 1234 819 1306 intuendis
840 1233 963 1304 muudi
979 1232 1174 1306 defectibus
1200 1256 1258 1305 oc-

180 1372 336 1458 cupatus.
357 1360 513 1453 Denique
533 1360 616 1432 dum
643 1358 688 1430 ad
708 1357 774 1428 hoc
800 1365 938 1448 tempus
963 1355 1116 1427 narratio
1136 1377 1260 1450 perve-

182 1485 304 1568 nisset,
331 1483 646 1574 eenticuissemque
667 1500 868 1573 parumper,
891 1478 947 1550 ille
968 1501 1023 1550 me
1046 1479 1091 1552 de
1111 1501 1261 1573 sequeu-

182 1609 226 1680 tis
251 1607 337 1678 vitae
361 1603 540 1699 proposita
566 1610 805 1696 percontatus:
827 1603 914 1686 fare,
936 1601 1061 1696 inquit,
1080 1603 1125 1674 de
1144 1605 1261 1674 lutura

182 1728 267 1822 quid
288 1727 442 1820 cogitas?
462 1747 613 1820 quemve
631 1723 691 1797 tibi
714 1722 818 1796 finem
840 1735 954 1796 mente
975 1725 1182 1797 constituis?
1207 1725 1262 1796 lu-

184 1851 299 1934 tentio,
314 1850 470 1942 iuquam,
486 1848 605 1922 Caesar
622 1848 750 1944 optima
767 1856 834 1931 est,
848 1847 1011 1941 quamvis
1029 1848 1143 1920 adhue
1163 1858 1261 1922 aetus

184 1991 285 2042 meus
310 1970 355 2042 ad
384 1971 503 2041 limam
533 1970 689 2064 expolire
717 1969 943 2062 nequiverim.
974 1971 1145 2042 Praeteriti
1169 1973 1262 2042 enim

185 2093 352 2186 temporis
369 2093 583 2164 consuetudo
604 2093 755 2165 violenta
770 2104 805 2166 et
819 2093 982 2187 praesenti
999 2094 1186 2166 intentione
1202 2115 1265 2189 po-

186 2216 324 2300 tentior,
346 2237 407 2286 eor
435 2214 608 2288 adversus
630 2235 751 2286 recens
772 2215 988 2310 propositum
1017 2216 1119 2309 quasi
1144 2224 1264 2288 eontra

186 2362 316 2414 novum
340 2347 482 2412 ventum
512 2337 588 2410 aliis
616 2337 755 2410 flatibus
782 2337 969 2432 impulsum
991 2359 1088 2410 mare
1108 2338 1266 2431 praecipi-

188 2470 247 2535 tat.
261 2459 317 2532 Ad
331 2461 408 2532 haee
421 2461 493 2532 ille:
507 2460 612 2533 credo
627 2462 677 2534 sic
689 2482 780 2544 esse,
796 2461 916 2554 inquit,
936 2470 974 2532 ut
986 2460 1081 2544 dicis,
1098 2461 1159 2532 sed
1172 2461 1266 2532 aliud

188 2583 430 2678 percontabar:
453 2603 615 2676 quaenam
645 2582 706 2654 tibi
739 2584 822 2654 vitae
851 2583 977 2654 semita
995 2585 1167 2678 placeret?
1191 2585 1267 2676 Ege

188 2713 304 2777 autam
325 2703 563 2776 incunctanter
587 2714 622 2776 et
648 2705 817 2798 intrepide
838 2704 1003 2776 solitariae
1032 2705 1173 2798 inquam
1199 2726 1269 2797 qua

189 2828 282 2897 nulla
312 2826 430 2910 tutior,
460 2829 554 2899 nulla
588 2828 814 2921 tranquillior,
839 2829 931 2900 nulla
963 2827 1114 2920 denique
1140 2826 1270 2898 felicior

190 2948 262 3020 vita
275 2957 343 3036 est,
359 2969 439 3042 quae
455 2950 569 3022 iudice
586 2973 653 3037 me,
672 2952 719 3024 tui
736 2974 876 3045 quoque
894 2951 1038 3042 gloriam
1056 2951 1269 3046 principatus

190 3069 437 3161 fastigiumque
451 3073 649 3146 trascendit.
660 3075 754 3146 Illam
768 3096 834 3168 ego
849 3073 878 3145 si
889 3073 1030 3146 dabitur
1043 3072 1079 3142 iu
1093 3073 1177 3146 sede
1191 3095 1268 3156 sua,

193 3192 261 3262 hoc
276 3198 332 3260 est
348 3191 382 3259 in
401 3192 498 3264 silvis
511 3215 552 3264 ac
566 3195 750 3278 montibus,
771 3196 865 3288 quod
886 3217 980 3288 saepe
1001 3195 1068 3267 iam
1089 3195 1169 3266 leci:
1188 3196 1273 3266 alio-

193 3312 278 3408 quin
301 3321 470 3405 quantum
490 3313 657 3407 possibile
677 3317 794 3400 luerit,
823 3326 862 3388 ut
885 3339 977 3388 nunc
1002 3318 1102 3399 facio,
1125 3318 1210 3409 ipsis
1236 3319 1271 3388 in

196 3434 340 3507 urbibus
358 3436 594 3508 consectabor.
614 3437 677 3508 Hic
693 3439 748 3510 ille
761 3436 906 3510 subrisit
919 3447 955 3510 et
971 3436 1134 3520 sciebam,
1150 3437 1269 3529 inquit,

196 3556 380 3649 sciensque
398 3557 444 3629 ad
464 3560 553 3632 banc
573 3571 607 3632 te
623 3561 879 3634 confessionem
899 3559 1107 3654 pedetentim
1128 3559 1272 3632 interro-

197 3678 312 3770 gando
332 3680 494 3773 perduxi,
517 3682 577 3756 ubi
599 3694 710 3768 tuum,
729 3686 824 3776 quod
844 3684 878 3753 in
899 3682 1017 3754 multis
1038 3681 1160 3776 probo,
1183 3683 1274 3756 iudi-

198 3800 288 3871 cium
310 3802 542 3896 reprobarem.
570 3807 626 3878 Sic
645 3807 735 3878 iuter
758 3829 823 3879 nos
852 3807 975 3899 iugens
1005 3805 1193 3900 disputatio
1217 3817 1273 3878 est

198 3930 335 4006 exorta,
358 3947 452 4021 saepe
479 3952 534 4000 me
559 3929 810 4024 interpellante:
830 3929 927 4012 vide,
950 3929 1082 4010 Caesar,
1102 3949 1172 4020 quo
1192 3947 1272 4019 pro-

199 4045 372 4136 grederis:
394 4072 528 4122 mecum
554 4076 623 4127 uon
650 4075 752 4146 aequo
778 4053 918 4146 quidem
943 4053 1052 4124 Marte
1075 4049 1268 4134 contendis,

199 4166 256 4236 cui
275 4167 310 4240 in
331 4170 396 4248 bac
416 4177 624 4269 quaestione,
645 4201 715 4253 non
740 4187 779 4250 tu
807 4185 952 4262 tantum,
976 4176 1039 4248 sed
1059 4173 1271 4272 syllogismis
