3002 4794
255 359 275 419 l
596 370 636 417 on
659 369 759 417 annus
781 368 1003 417 rlurnrlnmos

255 515 366 606 fregio
389 515 557 606 elapsum,
586 513 787 605 fessumque
818 511 1056 605 querimoniis,
1090 510 1267 584 sedentem
1300 514 1338 583 iu

255 638 366 722 litore,
394 644 558 708 moestum
578 634 731 729 quidem,
748 635 812 706 sed
831 636 899 706 iam
920 634 1003 705 fletu
1029 634 1276 722 abstinentem,
1301 649 1339 709 et

255 781 382 856 parvas
412 780 550 851 magnac
583 761 731 831 sortunae
760 758 924 852 reliquias
954 770 1202 830 recensentem.
1236 760 1338 833 Mitto

256 884 331 955 illas
353 881 610 955 amoenissimas
643 891 748 975 atque
781 882 1016 974 amplissimas
1050 881 1211 954 amicitiae
1235 903 1335 976 opes

255 1006 383 1100 quibus
412 1003 747 1091 abundantissimus,
784 1004 925 1096 regibus
955 1004 1041 1098 ipsis
1079 1028 1120 1078 ac
1162 1013 1337 1077 terrarum

254 1129 404 1202 dominis
421 1128 507 1198 mihi
526 1127 629 1199 ditior
649 1127 811 1213 videbar,
829 1151 977 1221 quarum
995 1138 1137 1224 repente
1154 1129 1340 1222 pauperri-

254 1275 333 1324 mus
354 1254 467 1324 lactus
490 1273 583 1334 sum;
605 1273 674 1322 non
693 1260 749 1323 est
766 1251 928 1323 ferendus
950 1251 1010 1344 qui
1030 1251 1228 1322 imminutas
1248 1251 1338 1321 deli-

254 1375 325 1446 cias
345 1397 428 1446 suas
449 1377 556 1466 luget.
577 1371 632 1445 Ad
648 1375 848 1446 necessaria
867 1374 951 1445 vitae
967 1372 1146 1467 praesidia‚
1168 1393 1248 1466 quae
1271 1395 1338 1446 no-

256 1508 328 1569 stra
353 1497 578 1582 videbantur,
614 1497 679 1568 sed
707 1519 778 1567 non
806 1508 918 1581 erant,
946 1505 1096 1566 transeo.
1127 1497 1223 1566 Duos
1248 1495 1336 1566 mihi

203 1631 209 1642 '
255 1624 378 1694 fratres
400 1620 552 1712 genitrix
572 1642 664 1705 mea,
679 1622 798 1713 plures
813 1620 960 1692 amicitia
973 1631 1166 1715 pepererat.
1180 1619 1337 1691 Primum

255 1743 395 1837 quidem
415 1745 557 1813 fratrum
580 1743 789 1813 naturalium
810 1765 904 1815 mors
925 1743 1089 1843 infantem
1104 1742 1188 1812 tulit.
1204 1742 1338 1813 Secun-

255 1865 337 1938 dum
356 1865 440 1935 mihi
457 1864 625 1950 Canusio,
644 1865 713 1934 iam
731 1864 854 1949 virum,
870 1865 1024 1950 abstulit,
1041 1866 1146 1937 immo
1162 1886 1247 1935 vero
1264 1887 1338 1936 non

255 1988 353 2074 mihi,
377 1989 439 2060 sed
459 1988 589 2060 mundo
610 1986 764 2059 ablatum
784 1990 857 2060 Deo
875 1988 1037 2072 reddidit,
1058 1987 1250 2058 Gerardum
1270 2003 1336 2057 no*

200 2103 203 2110 ’
255 2123 377 2197 strum,
400 2113 493 2182 nulla
518 2111 554 2181 in
576 2133 613 2182 re
644 2121 704 2202 aut
725 2133 892 2204 germano
912 2111 974 2185 tibi
1002 2112 1103 2184 unico
1129 2107 1333 2194 secundum,

254 2247 317 2308 aut
336 2233 422 2305 mihi
442 2256 548 2328 quam
574 2234 634 2306 tihi
666 2234 745 2306 ullis
770 2235 950 2307 affectibus
976 2233 1190 2307 vinctorem.
1217 2229 1263 2301 At
1298 2233 1336 2300 in

254 2358 416 2452 reliquie,
438 2366 478 2427 ut
497 2357 617 2429 sileam
631 2358 729 2444 duos,
746 2359 935 2430 recentium
953 2358 1038 2428 mihi
1059 2359 1203 2428 fletuum
1224 2366 1337 2426 mate-

254 2481 318 2566 ria,
340 2502 489 2574 quorum
509 2482 655 2550 alterum
676 2476 878 2573 Apenninus
899 2458 1227 2559 extinctum'hahet,
1247 2478 1336 2544 alte-

254 2628 331 2678 rum
352 2612 462 2674 terror
482 2622 612 2694 vagno,
634 2603 682 2672 ita
701 2612 740 2671 nt
759 2600 850 2670 illius
871 2607 966 2670 certa
983 2619 1087 2681 more,
1103 2596 1208 2667 huius
1221 2596 1335 2667 incer-

254 2739 289 2800 ta
307 2727 364 2811 sit3
384 2734 602 2819 quatuorque
623 2724 709 2795 alios
729 2746 798 2795 non
818 2724 985 2807 omittam,
1011 2723 1179 2792 Thomam
1203 2720 1334 2793 scilicet

253 2874 294 2923 ac
313 2848 520 2931 Barbatum,
542 2858 577 2918 et
590 2845 733 2918 Laelium
749 2855 784 2917 et
796 2846 989 2918 Guidonem
1002 2853 1169 2930 nostrum,
1184 2868 1333 2938 quorum

253 2973 404 3068 primum
424 2971 585 3044 Messana
607 2969 746 3053 Siciliae,
770 2969 962 3042 secundum
983 2969 1102 3040 Sulmo
1122 2967 1330 3055 Brutiorum,

254 3092 392 3165 tertium
410 3093 530 3177 Roma,
554 3099 718 3185 quartum
745 3089 927 3161 lanuensis
953 3110 1014 3160 ora
1038 3089 1242 3174 donaverat3
1270 3089 1333 3161 sed

253 3219 403 3312 primum
418 3191 501 3287 mihi
513 3236 607 3285 mors
621 3223 787 3299 tenerum,
798 3212 990 3285 secundum
1004 3222 1110 3283 tenax
1121 3211 1246 3297 nodus
1262 3219 1333 3282 ter-

254 3341 338 3412 tium
358 3361 443 3411 cura
463 3336 676 3431 reipublicae,
699 3344 862 3430 quartum
884 3353 966 3406 vero
987 3332 1126 3405 curialis
1153 3333 1332 3428 occupatio

254 3461 473 3554 habendique
486 3459 639 3532 studium
653 3459 791 3551 eripuit;
804 3458 874 3530 duo
888 3465 1013 3552 praeter
1025 3455 1092 3527 hos
1106 3455 1163 3526 alii
1178 3456 1332 3548 contige-

254 3596 344 3672 rant,
368 3585 452 3655 nnlli
472 3585 529 3656 vel
542 3583 680 3676 ingenio
693 3585 749 3654 vel
762 3580 924 3652 amicitiae
938 3579 1047 3673 gloria
1060 3580 1208 3651 cessuri:
1224 3580 1332 3648 Fran-

254 3710 369 3782 ciscus
401 3717 436 3780 et
467 3709 627 3792 loanneS,
650 3705 865 3777 conterranei
891 3703 960 3776 mei
985 3703 1104 3785 ambo,
1125 3723 1189 3796 par
1220 3698 1331 3769 homi-

253 3853 337 3901 num
358 3831 404 3903 ad
425 3854 577 3924 unguem
598 3829 755 3902 doctrina
775 3839 809 3900 et
829 3851 964 3901 morum
979 3821 1156 3917 ‘elegantia
1181 3823 1331 3917 perpoli-

254 3959 340 4022 tum.
361 3953 433 4025 Hos
453 3953 538 4024 mihi
557 3954 666 4050 patria
683 3975 763 4046 quae
788 3951 897 4040 dedit,
925 3953 1002 4048 ipsa
1027 3954 1136 4047 eripit.
1163 3950 1214 4019 lta
1239 3947 1329 4018 enim

255 4074 364 4161 affixi,
387 4084 422 4146 et
434 4077 564 4148 nativae
579 4097 678 4148 zonae
690 4076 872 4150 dulcedine
885 4075 1068 4170 compediti
1083 4082 1173 4160 sunt,
1189 4081 1235 4157 ut,
1250 4092 1329 4143 cum

256 4194 385 4269 amoris
406 4195 541 4268 illorum
561 4195 705 4290 pignora
727 4200 833 4268 multa
853 4197 994 4290 quidem
1016 4204 1051 4266 et
1071 4216 1197 4286 magna
1218 4192 1331 4288 possi·
