3062 4798
1264 187 1274 229 l

426 323 519 373 umen
539 321 1024 374 snxrusnumuus.-ur1srour
1044 325 1086 374 rr.
1237 314 1296 378 395

209 457 342 531 virtute
354 479 459 550 quarn
474 479 552 530 meo
564 458 753 530 memerito
766 479 884 530 oar-um
897 479 994 530 esse:
1006 459 1296 554 sperarenonde-

208 581 365 653 futurum
386 578 529 650 iustitiae
543 579 602 672 qui
622 580 667 652 sit
684 589 752 652 tam
772 601 904 674 pronus
924 581 970 653 ad
987 581 1145 674 gratiam,
1165 583 1295 677 quique

207 722 294 793 erga
312 701 512 792 religionem
530 701 622 773 illam
643 703 791 796 qualiter
809 702 854 774 sit
867 704 1020 789 affectus,
1036 704 1109 777 suis
1124 704 1293 797 impensis

210 845 345 916 suaque
371 823 548 915 diligentia
572 845 679 919 prope
700 810 819 897 muros
845 827 970 920 patriae
995 837 1157 901 extructo
1182 849 1294 920 nuper

209 948 337 1040 insigni
371 949 532 1022 coenobio
561 949 771 1028 declaravit·
789 951 1066 1025 intercessurum
1099 973 1155 1024 me
1187 951 1294 1044 igitur

208 1071 303 1162 apud
324 1069 428 1149 illum.
449 1082 481 1143 te
502 1071 625 1157 medio,
645 1072 736 1144 nesi
756 1072 789 1144 ei
808 1073 981 1166 scripsero
998 1074 1033 1145 in
1051 1075 1157 1147 rebus
1179 1073 1292 1146 maxi-

210 1193 276 1264 mis
297 1202 504 1286 occupatum
526 1193 679 1267 animum
703 1193 806 1268 taedio
828 1189 1010 1290 scripturae
1030 1196 1196 1288 longioris
1217 1193 1293 1268 alfi-

208 1315 307 1387 oiam.
329 1317 463 1409 Lingua
480 1326 538 1390 tua
559 1320 713 1389 calamus
736 1338 836 1388 meus
859 1317 934 1389 erit.
957 1319 1006 1389 lta
1025 1319 1117 1390 enim
1138 1318 1289 1392 iustissi-

208 1459 275 1511 mae
295 1440 431 1513 illorum
453 1461 575 1534 preces
596 1441 684 1512 meis
709 1439 829 1531 digitis
849 1439 894 1512 ad
914 1443 1033 1514 oculos
1054 1451 1148 1525 tuos,
1172 1441 1290 1532 lingua

208 1572 267 1634 tua
287 1562 333 1634 ad
353 1562 445 1634 illius
466 1583 583 1648 aures,
606 1570 642 1633 et
661 1583 724 1656 per
744 1562 838 1632 illum
859 1562 904 1634 ad
925 1562 1020 1655 regis
1038 1562 1194 1635 notitiam
1212 1583 1291 1655 per·

206 1686 369 1756 serentur.
390 1684 590 1776 Augustum
612 1684 786 1756 Caesarem
809 1685 1014 1777 templorum
1037 1685 1190 1757 omnium
1208 1705 1290 1755 oon·

208 1804 356 1878 ditorem
377 1813 438 1876 aut
457 1806 693 1878 restitutorem
712 1827 733 1876 a
754 1803 829 1876 Tito
849 1803 950 1876 Livio
969 1803 1110 1888 dietum,
1128 1803 1287 1876 utimite·

207 1937 271 2014 tur,
296 1928 407 2022 suade
427 1927 509 2001 huie
529 1939 664 2011 nostro,
688 1949 752 2000 seu
772 1927 893 1998 verius
913 1927 1052 2011 vincat;
1069 1937 1104 2000 et
1123 1929 1212 2000 siout
1230 1928 1288 2000 ille

204 2051 383 2136 salsorum,
406 2049 454 2122 ita
474 2050 529 2121 hie
550 2052 626 2122 veri
645 2050 706 2122 Dei
728 2051 854 2145 templa
875 2048 1048 2135 restituat,
1071 2071 1218 2142 quorum
1246 2069 1285 2122 se

205 2172 273 2244 iam
291 2173 693 2247 exhihuitfundatorem.
712 2171 828 2244 Habes
847 2172 896 2243 rei
915 2193 1098 2255 summam,
1115 2170 1285 2263 videsque

109 2337 112 2354 ι
204 2294 289 2389 quid
308 2295 444 2389 petitur,
466 2305 502 2370 et
520 2294 693 2390 petitionis
715 2292 884 2374 iustitiam
904 2303 941 2366 et
961 2292 1151 2386 petentium
1171 2292 1287 2385 digni-

205 2426 308 2491 tatem
326 2429 361 2492 et
379 2418 596 2492 desiderium
616 2440 734 2491 meum
752 2415 865 2490 vides.
887 2416 963 2487 Non
980 2413 1131 2487 onerabo
1152 2423 1186 2486 te
1206 2436 1287 2509 pre·

203 2538 303 2612 uibus
326 2561 370 2612 ne
396 2540 596 2612 diffidentiae
623 2541 762 2634 signum
790 2539 846 2612 sit.
871 2540 1026 2610 Profecto
1045 2545 1168 2615 autem
1197 2538 1226 2610 si
1254 2548 1286 2610 te

203 2663 367 2753 gesseris,
390 2673 428 2735 nt
448 2685 563 2758 spero,
589 2663 712 2742 leceris
735 2685 809 2736 rem
829 2672 865 2742 et
885 2660 1024 2734 Christo
1048 2659 1284 2754 gratissimam

203 2792 242 2855 et
260 2785 353 2858 mihi.
372 2787 466 2860 Vale.

712 2967 776 2980 -

628 3199 806 3265 EPlSTOLA
827 3201 860 3264 X.

292 3385 485 3437 aalufflsuus
505 3384 674 3434 Parauaea
695 3384 831 3434 ZENOBIO
851 3382 1055 3434 FLORENTINO
1076 3382 1102 3431 S.
1122 3383 1148 3432 P.
1167 3383 1198 3474 Dp

237 3544 356 3602 Nunoiat
370 3562 400 3602 se
414 3545 522 3601 Italiam
536 3559 632 3600 versus
645 3543 701 3599 iam
714 3509 828 3598 tandem
842 3540 896 3596 iter
910 3541 1044 3612 arripere,
1060 3539 1191 3612 doletque
1204 3539 1247 3600 illi

308 3641 449 3708 almagno
462 3635 541 3709 regni
556 3635 719 3691 Senesoaloo
734 3631 839 3704 aliquid
853 3630 999 3686 infortunii
1015 3629 1172 3702 contigisse.

298 3885 409 3970 Quam
431 3882 518 3977 legis
538 3881 729 3976 epistolam,
749 3878 785 3951 in
801 3900 872 3974 qua
888 3900 950 3971 pro
969 3873 1279 3950 carthusiensibus

199 4005 374 4079 intercedo
389 4008 523 4103 (loquor
535 4013 651 4077 autem
664 4013 784 4076 nostro
798 4023 901 4087 more,
916 4023 985 4074 non
1000 4009 1168 4086 veterum,
1186 3999 1279 4095 apud

199 4127 496 4222 quosintercedere
506 4127 674 4223 impedire
685 4133 749 4212 est,
761 4122 1020 4218 etreiouipiam,
1031 4144 1075 4196 ne
1088 4121 1133 4196 ad
1143 4121 1277 4195 exitum
