3062 4798
276 320 338 383 490
618 335 659 384 nu
680 335 782 386 eunus
802 335 1025 387 rrurnrnnmus

277 471 460 545 commoda
476 470 556 542 hinc
574 473 681 544 multa
698 471 905 567 percipiens.
917 473 1005 546 Nam
1019 473 1183 548 utilitates
1199 475 1357 570 quidem,

276 605 315 666 ut
332 593 381 665 ait
400 589 494 687 apud
514 593 717 682 Ciceronem
736 592 878 676 Laelius,
900 593 1006 664 etiam
1026 593 1144 667 abhis
1165 596 1359 696 percipiun-
1480 679 1485 688 ,

278 727 335 787 tnr
354 735 462 808 saepe,
482 717 543 807 qui
565 715 786 788 simulatione
808 715 970 788 amicitiae
989 717 1164 803 coluntur,
1184 730 1222 790 et
1240 717 1359 792 obser-

276 848 406 910 vantur
427 838 592 933 temporis
617 859 733 912 causa.
757 837 848 924 Quid
873 837 919 911 de
945 837 1012 910 hoc
1036 840 1194 925 sentiam,
1216 841 1360 935 queris?

276 962 358 1035 Fuci
382 961 546 1034 callidum
573 961 791 1035 venditorem
815 968 852 1032 et
877 959 1059 1033 mendacio
1085 962 1230 1034 feliciter
1254 984 1360 1036 usum

276 1083 404 1167 dieam3
425 1084 520 1177 quod
545 1083 732 1156 amicitiam
759 1093 908 1180 spectat,
935 1083 1135 1178 impostoris
1160 1085 1209 1156 illi
1233 1107 1360 1158 nomeu

276 1207 478 1290 attribuam,
501 1228 569 1278 non
590 1206 700 1279 amici.
728 1207 766 1278 ln
791 1207 941 1280 amicitia
960 1208 1066 1294 enim,
1093 1215 1132 1279 ut
1156 1207 1287 1281 ibidem
1312 1209 1360 1282 ait

276 1328 382 1414 idem,
404 1328 490 1400 nihil
510 1325 627 1400 fictum
659 1340 728 1414 est,
762 1328 849 1402 nihil
877 1329 1093 1414 simulatum,
1120 1339 1158 1404 et
1189 1325 1360 1423 quidquid

246 1501 251 1542 ,
275 1463 343 1538 est,
367 1451 459 1524 idem
480 1462 536 1524 est
560 1473 685 1524 verum
705 1461 740 1524 et
759 1453 1005 1524 voluntarium.
1030 1454 1114 1526 Haec
1139 1451 1245 1544 igitur
1264 1471 1360 1524 sum-

275 1597 333 1646 ma
347 1585 417 1646 est:
434 1575 470 1645 in
491 1573 640 1646 amicitia
656 1577 732 1646 sola
745 1573 897 1676 'amicitia
918 1573 1118 1666 quaerenda.
1139 1575 1254 1646 Verus
1275 1575 1359 1680 ami-

274 1717 338 1770 cus
358 1695 443 1766 nihil
463 1695 529 1766 nis'i
550 1695 698 1767 amicum
719 1694 858 1788 cogitat.
876 1695 978 1779 Quod
996 1695 1099 1768 sime
1117 1717 1256 1789 semper
1273 1695 1359 1768 ami-

274 1819 324 1890 cis
344 1818 552 1912 prestitisse
571 1827 606 1889 et
626 1818 671 1888 ab
695 1816 763 1888 illis
788 1817 985 1909 praestitum
1010 1817 1096 1888 mihi
1122 1817 1216 1904 scio,
1243 1839 1358 1912 neque

274 1961 379 2033 quam
392 1939 530 2012 remitto
543 1939 632 2030 aliis,
649 1961 671 2010 a
686 1960 752 2025 me,
771 1939 806 2010 in
822 1938 1052 2014 familiaribus
1068 1938 1265 2034 praesertim
1285 1940 1358 2034 epi-

274 2065 381 2150 stolis,
394 2063 627 2158 eloquentiam
647 2055 812 2156 flagitari,
834 2083 948 2156 neque
960 2062 1050 2137 mihi
1065 2062 1151 2136 vitio
1170 2061 1262 2134 verti
1282 2084 1357 2136 cre·

273 2188 355 2260 dam
389 2187 419 2259 si
450 2209 530 2259 cum
552 2186 673 2259 amicis
707 2186 758 2258 sic
786 2186 923 2258 locutus
944 2183 1103 2258 inveniar
1136 2196 1175 2256 ut
1205 2207 1354 2258 mecum.

272 2309 360 2394 Quae
380 2329 438 2382 res
458 2309 542 2380 mihi
563 2319 696 2380 tantum
717 2305 964 2386 incuriositatis
985 2307 1110 2391 attulit,
1129 2317 1169 2378 ut
1188 2328 1258 2380 non
1273 2329 1355 2380 ver·

270 2430 394 2503 borum
419 2431 523 2503 modo
544 2432 610 2502 sed
628 2451 745 2503 rerum
770 2450 912 2524 quoque
936 2430 1125 2522 negligens
1141 2427 1234 2504 fiam.
1254 2431 1353 2504 Unde

270 2573 325 2624 me
345 2556 468 2637 fateor,
491 2563 529 2625 ut
549 2553 742 2625 incidenter
762 2553 830 2624 hec
850 2552 1014 2637 dixerim,
1033 2574 1283 2648 nonnunquam
1299 2554 1352 2626 in-

268 2679 474 2751 constantiae
490 2688 646 2751 notatum
665 2676 711 2750 ab
728 2678 783 2750 his
800 2676 928 2770 quibus
946 2675 1125 2749 videretur
1141 2677 1247 2750 etiam
1263 2680 1352 2752 ami-

267 2801 318 2873 cis
338 2804 588 2897 colloquentem
617 2802 668 2874 sic
691 2799 818 2872 librare
837 2799 954 2872 omnia
972 2798 1115 2884 debere,
1135 2810 1174 2872 ut
1190 2801 1275 2874 nihil
1291 2806 1350 2878 vel

265 2925 301 2994 in
321 2925 476 2996 oratione
496 2925 541 2996 sit
561 2924 698 2995 varium
717 2924 773 2994 vel
789 2921 824 2992 in
841 2921 957 3002 rebus.
981 2923 1091 3006 Quale
1107 2932 1163 2996 est
1178 2925 1280 3012 enim,
1295 2927 1349 3000 in-

262 3043 402 3135 quiunt,
424 3042 536 3114 amico
555 3041 746 3134 quidquam
768 3040 862 3134 loqui
883 3053 944 3115 aut
965 3043 1095 3137 aliquid
1115 3048 1206 3118 velle
1226 3047 1344 3132 hodie,

262 3164 362 3236 ouius
383 3163 594 3236 contrarium
619 3183 698 3235 cras
723 3162 878 3257 loquaris
904 3175 966 3238 aut
988 3167 1101 3240 velis?
1121 3166 1345 3244 Firmanduut

262 3308 347 3379 ergo
364 3283 526 3358 animum
536 3297 572 3359 et
589 3291 662 3359 tum
679 3287 821 3359 demum
842 3287 961 3360 amicis
981 3288 1169 3383 aperienda
1189 3290 1343 3364 consilia.

262 3410 347 3481 Hinc
360 3409 452 3480 enim
463 3416 500 3481 et
513 3409 704 3482 verborum
717 3417 754 3480 et
766 3416 909 3480 actuum
922 3409 1137 3482 uniformitas
1149 3430 1345 3503 conseque-

261 3539 327 3603 tur.
350 3530 451 3616 Quod
472 3531 553 3603 alibi
572 3530 713 3626 quidem
734 3513 863 3603 utiliter
882 3528 1025 3624 praecipi
1051 3552 1121 3604 nou
1144 3552 1251 3626 nego;
1278 3532 1342 3605 sed

260 3653 297 3723 in
329 3652 480 3725 amicitia
505 3652 608 3724 nimis
639 3654 748 3724 vafre.
778 3652 830 3724 lta
850 3651 924 3722 'illis
957 3651 1152 3746 respondeo
1182 3651 1342 3746 (namet

259 3775 375 3847 adhuc
388 3775 456 3848 sarh
468 3774 581 3847 iudice
598 3775 639 3867 lis
658 3782 723 3857 est,
742 3783 777 3846 et
794 3782 828 3844 te
844 3772 1012 3844 arbitrum
1029 3795 1099 3847 non
1116 3773 1253 3868 recuso)
1273 3796 1339 3862 me,

259 3898 354 3989 quod
375 3919 469 3992 saepe
489 3895 557 3968 iam
578 3895 667 3981 dixi,
690 3895 806 3966 omnia
825 3917 904 3968 cum
929 3895 1049 3968 amicis
1070 3907 1109 3968 ut
1134 3917 1269 3968 mecum
1290 3899 1340 3968 lo-

257 4018 331 4108 qui,
355 4039 491 4090 mecum
509 4038 682 4090 veronen
703 4025 835 4088 tantum
857 4017 1054 4091 examinata
1074 4028 1110 4092 et
1125 4017 1336 4112 approbata,

208 4185 211 4192 .
259 4134 322 4204 sed
338 4135 502 4228 ambigua
519 4137 649 4229 saepius
666 4146 702 4208 et
721 4136 853 4210 incerta
874 4143 1036 4224 tractare,
1055 4146 1091 4210 et
1108 4137 1283 4223 haesitare,
1302 4149 1338 4212 et
