3062 4798
393 356 486 408 nrasn
507 358 1054 418 snrrusorcruus.-nr1srotarx.
1205 357 1261 422 eet

186 494 237 565 rei
263 504 361 568 esset
383 503 422 566 ut
445 495 545 566 solito
573 496 712 588 segnior
738 497 938 586 videretur;
971 510 1007 574 et
1039 505 1265 597 respondisse

185 615 307 689 illurn:
334 601 536 710 navigatum
561 619 645 690 satis
673 641 776 692 esse:
804 624 893 693 nolle
922 645 959 694 se
984 624 1132 719 amplius
1158 636 1265 700 vento

157 760 161 767 ·
186 736 295 810 vitam
315 741 469 813 credere.
492 742 609 834 ltaque
634 741 678 814 de
704 762 742 814 se
761 744 868 814 irater
887 752 926 815 ut
945 744 1074 816 bonum
1092 747 1263 821 crederet:

187 882 228 934 se
249 883 334 934 vero
359 863 427 934 iam
449 862 515 934 sibi
535 863 769 947 cousuluisse,
792 874 962 958 portuque
988 867 1132 961 potitum
1155 870 1190 939 in
1211 871 1266 942 lit-

187 995 276 1072 tore,
302 987 371 1058 imo
396 985 431 1056 in
452 986 604 1082 paradisi
630 985 815 1073 vestibulo,
838 988 1034 1062 aedificasse
1068 990 1127 1062 uhi
1148 994 1264 1070 lessus

187 1108 435 1203 requiesceret,
454 1110 565 1181 donec
585 1110 630 1183 ad
650 1120 815 1182 aeternam
836 1113 1091 1204 commigraret,
1110 1113 1264 1190 domum.

186 1235 348 1322 Dumque
366 1228 423 1300 ille
441 1229 554 1322 magis
575 1228 750 1302 admirans
771 1243 933 1324 pergeret
953 1234 1193 1328 scrupulosius
1214 1235 1266 1307 in,-

186 1354 339 1447 quirere,
354 1353 438 1446 quid
456 1352 522 1424 sibi
539 1354 644 1424 irater
660 1351 716 1424 his
735 1354 838 1426 vellet
855 1353 1072 1446 ambagibus,
1092 1356 1173 1429 inde
1190 1355 1267 1430 sino

187 1477 254 1550 alio
273 1497 443 1569 responso
464 1499 569 1547 manu
589 1476 808 1569 apprehensa
828 1476 874 1548 ad
899 1497 941 1548 ea
961 1479 1036 1550 loca
1060 1479 1264 1573 perductum
1298 1561 1309 1584 ο
1404 1569 1406 1576 y

187 1596 248 1669 ubi
266 1599 322 1670 ille
343 1596 408 1670 sibi
428 1598 496 1668 iarn
518 1608 599 1669 tuno
612 1598 872 1683 monasterium,
887 1599 932 1670 de
947 1622 1016 1692 quo
1030 1601 1161 1692 loquor,
1176 1601 1267 1674 inter

187 1721 400 1816 asperrimas
426 1719 533 1792 silvas
553 1732 587 1792 et
608 1721 843 1793 secretissima
867 1721 903 1792 in
932 1723 1024 1792 valle
1058 1730 1267 1796 construxe-

188 1854 249 1928 rat,
267 1842 475 1935 oognitoque
495 1842 671 1937 proposito
688 1844 849 1927 irateru0,
865 1843 979 1937 ipsum
996 1866 1135 1938 quoque
1150 1844 1272 1938 subita¹

188 1965 375 2040 devotione
406 1973 638 2068 conpunctum
672 1986 928 2058 accensumque
961 1965 1117 2038 imitandi
1138 1969 1265 2054 stadie,

189 2087 283 2159 aliud
300 2086 335 2157 in
352 2088 437 2158 colle
454 2085 615 2181 proximo
633 2088 883 2158 monasterium
904 2087 1071 2172 erexisse,
1091 2110 1131 2160 ac
1148 2089 1268 2162 dotato

188 2209 332 2302 largiter
351 2209 435 2294 loco,
455 2209 655 2303 mundoque
676 2207 780 2278 simul
800 2217 834 2277 et
855 2209 1091 2302 voluptatibus
1105 2210 1265 2296 desertis

188 2332 310 2406 ambos
344 2331 389 2403 ibi
424 2330 563 2404 Christo
595 2330 689 2424 quod
721 2329 878 2402 restabat
898 2328 982 2402 vitae
1006 2331 1206 2417 devovisse,
1232 2342 1268 2404 et

188 2464 459 2548 perseverantes
476 2455 510 2525 in
531 2451 636 2524 finem
654 2452 868 2546 persolvisse
887 2451 983 2546 quod
1005 2462 1183 2526 voverant.
1201 2454 1269 2528 Ge-

190 2578 283 2651 mina
316 2598 408 2649 nunc
441 2577 544 2650 unius
577 2574 792 2649 Christicolae
823 2573 962 2646 familiae
995 2575 1120 2648 domus
1153 2586 1265 2662 extat,

189 2721 269 2795 quae
294 2701 371 2794 ipso
392 2700 492 2772 lateri
520 2700 681 2771 videatur
700 2706 842 2791 aspectu
867 2697 977 2769 luisse
1016 2697 1082 2769 sibi
1108 2699 1267 2791 geminos

189 2821 344 2916 quidem,
368 2822 432 2895 sed
453 2821 635 2894 unanimes
656 2820 870 2892 fundatores.
896 2820 980 2891 Haee
995 2819 1175 2892 hactenus.
1198 2821 1269 2894 lllic

188 2967 267 3038 ego,
290 2945 385 3039 quod
407 2944 545 3016 minime
570 2935 702 3016 ndvum
723 2942 844 3028 audis,
866 2941 1087 3014 carissimum
1109 2941 1269 3014 unicum-

189 3089 257 3162 que
279 3067 406 3159 pignus
426 3065 538 3137 habeo
563 3087 783 3158 germanum,
806 3065 850 3136 in.
865 3088 935 3160 quo
961 3064 1091 3158 liquido
1115 3064 1269 3138 cernitur

189 3189 276 3284 quid
295 3184 461 3277 estquod
480 3186 529 3256 ait
548 3187 730 3260 Psalmista
746 3190 884 3261 mutatio
897 3188 1044 3260 docteres
1057 3189 1203 3262 Eccebi.
1218 3189 1269 3264 lta

189 3311 280 3384 enirn
302 3317 444 3402 repente
469 3317 639 3393 mutatuS,
662 3309 709 3381 ita
733 3332 781 3380 err
800 3310 1019 3383 adolescente
1045 3333 1136 3402 vago
1156 3325 1192 3385 et
1216 3314 1270 3386 lu·

192 3431 288 3506 brice
308 3428 479 3502 invirum
506 3427 665 3501 stabilem
685 3437 791 3521 atque
815 3440 1031 3500 constantem
1052 3452 1195 3517 versuS,
1222 3432 1270 3504 ita

191 3555 342 3648 denique
361 3552 405 3625 de
426 3552 555 3624 virtute
581 3552 616 3623 in
637 3552 799 3624 virtutem
822 3550 856 3620 in
882 3552 958 3625 dies
979 3553 1124 3626 alacrior
1147 3574 1271 3624 ascen-

193 3677 290 3763 dens
306 3683 448 3749 mutatae
462 3676 588 3748 mentis
608 3676 769 3748 ardorem
786 3676 933 3748 decenni
953 3676 1022 3748 iam
1040 3697 1270 3772 perseveran-

193 3801 240 3874 tia
259 3797 512 3895 comprobavit,
535 3798 653 3893 utqui
673 3798 754 3870 olim
777 3798 890 3871 timori
908 3777 1073 3892 curaeque
1094 3797 1179 3870 milri
1197 3800 1272 3870 iue-

194 3932 260 4008 rat,
284 3943 377 3995 nune
410 3921 541 4015 stupori
570 3931 605 3993 et
635 3919 763 4012 gaudio
790 3920 835 3992 sit
866 3920 1007 4013 ingenti.
1036 3922 1134 3994 Hune
1159 3918 1270 4013 pridie

194 4044 384 4130 revisurus,
405 4065 508 4138 quem
529 4043 597 4116 iam
619 4042 855 4138 quinquennio
875 4043 988 4136 magis
1012 4042 1269 4129 interviseram,

193 4176 229 4240 et
247 4189 351 4262 quem
374 4167 404 4242 si
429 4167 463 4240 in
484 4165 615 4240 ltaliam
637 4164 787 4251 rediero,
810 4164 976 4261 quamdiu
997 4167 1063 4242 sim
1084 4163 1273 4238 intervisa-
