3062 4798
276 353 336 414 tao
614 363 655 411 uu
677 363 778 411 nunus
799 361 1022 415 raurumnmcs

276 495 456 588 conqueri3
478 494 565 566 adeo
585 495 671 567 nihil
697 498 878 566 excelsum
904 505 959 566 est
984 496 1100 566 animo
1120 499 1258 566 summa
1283 499 1359 567 vol-

275 619 369 688 venti
390 618 500 688 donec
520 618 719 710 pervenerit
735 640 806 709 quc
828 616 988 709 suspirat.
1007 616 1198 708 Epistulam
1216 617 1357 709 quidem

274 741 367 812 illam
388 741 476 812 inter
497 740 663 834 temporis
684 739 864 831 angustias
892 740 1054 834 scriptam
1080 737 1165 809 nibil
1191 739 1259 810 nisi
1280 739 1357 810 brc-

273 861 367 932 vitas
384 862 510 934 indicio
526 872 590 934 est.
612 861 688 931 Non
709 863 800 933 soles
821 883 957 932 mecum
977 859 1166 932 verborum
1186 881 1268 932 esse
1287 871 1356 932 tam

272 1005 411 1078 parcus.
433 985 503 1056 Sed
527 1005 571 1054 ne
597 984 689 1055 illius
715 983 880 1055 eximiam
908 982 1116 1054 brevitatem
1142 983 1357 1076 multiloquio

271 1126 437 1200 premam,
457 1103 626 1198 quidquid
639 1105 742 1177 bodie
756 1104 1005 1176 aeconomicum
1022 1102 1108 1173 mihi
1124 1103 1249 1174 domus
1267 1112 1356 1174 attu-

272 1226 323 1310 lit,
345 1248 503 1299 seorsum
537 1228 646 1297 altera
678 1228 839 1319 perleges
872 1246 1017 1321 papyro.
1052 1225 1102 1296 lta
1133 1226 1225 1296 enim
1246 1225 1357 1297 abeo

274 1348 390 1422 studio
410 1356 568 1420 semotus
589 1367 682 1428 sum,
704 1358 741 1420 ut
758 1369 872 1441 neque
893 1370 949 1418 me
969 1349 1075 1439 digna
1094 1369 1272 1444 censeam,
1295 1370 1356 1418 ne-

273 1493 341 1564 que
360 1470 617 1565 quodammodo
637 1493 715 1543 mea
735 1479 854 1563 putem
874 1492 1106 1564 quaecumque
1126 1472 1171 1543 de
1187 1471 1356 1543 domesti-

272 1595 322 1666 cis
342 1594 436 1665 curis
457 1594 584 1678 scribe,
603 1614 815 1686 quamquam
837 1592 884 1663 ibi
904 1593 1081 1686 praeeipua
1101 1592 1231 1664 mentio
1252 1592 1299 1664 sit
1317 1592 1356 1663 li-

272 1713 428 1799 brorum,
455 1735 604 1807 quorum
636 1735 692 1786 me
722 1713 827 1784 anxie
860 1713 1003 1785 avidum
1025 1735 1095 1785 nou
1120 1713 1267 1804 negabo.
1293 1714 1356 1786 Hic

209 1869 214 1880 ·
271 1853 328 1904 me
346 1831 490 1904 affectus
515 1853 536 1904 a
556 1833 737 1905 iuventute
761 1834 996 1928 prosequitur.
1023 1834 1182 1928 Ineptum
1208 1837 1356 1906 fortasse

271 1955 364 2026 dicat
388 1955 524 2049 aliquis.
551 1955 643 2039 Quid
658 1955 751 2026 enim
774 1956 914 2028 stultius
935 1977 1040 2050 quam
1062 1957 1194 2029 solicite
1218 1977 1355 2051 quaere·

273 2097 325 2160 re,
362 2095 432 2168 qno
464 2085 565 2169 parto
601 2076 652 2147 uti
685 2077 847 2148 nescias?
876 2075 985 2162 Quasi
1013 2099 1083 2149 non
1116 2075 1200 2150 iure
1224 2079 1355 2172 optimo

272 2197 416 2269 Flaccus
438 2197 594 2270 irrideat:

392 2392 424 2456 Si
441 2392 510 2473 quis
527 2399 608 2460 emat
624 2393 771 2469 citharas,
789 2397 905 2474 emptas
921 2399 1092 2472 comportet
1109 2394 1255 2458 inunum

394 2491 455 2554 Nec
471 2491 594 2555 cithara
610 2491 710 2556 studio
727 2509 782 2555 nec
799 2491 891 2555 Musae
907 2493 1026 2556 deditus
1043 2491 1109 2556 ulli.

272 2697 370 2769 Nosti
387 2705 529 2782 caetera,
552 2699 665 2770 locum
687 2706 795 2770 tenes.
818 2699 853 2770 Si
873 2697 968 2793 quod
987 2717 1071 2770 sane
1097 2697 1182 2768 mibi
1208 2720 1287 2772 cum
1314 2702 1355 2770 li-

270 2817 344 2891 bris
363 2829 476 2913 potest
493 2841 575 2891 esse
592 2822 853 2905 commercium,
875 2821 968 2892 bunc
985 2821 1020 2892 in
1038 2841 1094 2892 me
1110 2820 1270 2892 allectum
1283 2844 1353 2894 non

206 2963 208 2969 ’
271 2941 452 3012 mirabitur
474 2941 635 3032 quisquis
654 2942 829 3013 Ciceronis
850 2944 1016 3036 epistolas
1037 2941 1224 3037 aliquando
1241 2945 1354 3038 perle-

272 3063 375 3153 gerit,
397 3060 458 3131 ubi
478 3062 628 3145 viride,
655 3063 756 3134 cuius
777 3085 824 3134 ex
848 3063 991 3155 ingenio
1015 3068 1112 3138 velut
1131 3087 1151 3137 e
1170 3067 1264 3137 sonte
1287 3089 1353 3160 pu·

269 3180 408 3254 rissimo
434 3191 540 3274 atque
561 3183 762 3278 plenissimo
786 3185 918 3257 fluebat
948 3186 1118 3280 quidquid
1134 3196 1190 3259 est
1204 3211 1293 3282 pene
1311 3188 1353 3258 li-

270 3303 413 3376 brorum
434 3303 633 3391 illustrium,
655 3327 725 3400 quo
745 3317 849 3380 vetus
870 3309 1023 3380 latinitas
1045 3307 1221 3401 glorietur,
1243 3309 1350 3382 libros

270 3436 386 3500 tamen
411 3429 541 3500 alienos
562 3450 632 3500 non
652 3441 815 3524 appetere
835 3430 974 3503 videtur
995 3431 1058 3502 sed
1078 3431 1211 3504 ardere.
1229 3432 1352 3502 Hacte-

270 3570 337 3622 nus
357 3550 443 3622 baec.
465 3551 637 3643 Epistolas
657 3551 799 3644 quidem
819 3574 915 3624 meas
942 3549 1072 3646 aliquot
1104 3561 1164 3626 tuo
1197 3552 1265 3626 sub
1289 3575 1351 3625 no-

269 3671 362 3742 mine
382 3670 575 3766 descriptas
601 3672 646 3744 ad
671 3684 705 3746 te
730 3697 799 3745 non
823 3674 1030 3770 pervenisse
1056 3677 1138 3747 scio.
1165 3676 1259 3748 Facit
1284 3675 1352 3746 hoc

269 3792 353 3863 mibi
374 3795 605 3886 quorumdam
626 3794 867 3889 importunitas
887 3805 992 3888 atque
1018 3795 1275 3889 improbissima
1294 3795 1352 3865 tic

267 3923 420 3985 terarum
442 3915 533 4002 sitis,
556 3921 694 4010 qualem
716 3919 784 4011 pati
806 3921 919 3990 solent
939 3919 998 4013 qui
1019 3917 1173 3990 febribus
1194 3932 1351 3990 aestuan-

267 4041 319 4104 tes
333 4035 473 4130 limphis
487 4039 620 4113 inhiant
636 4041 811 4138 nocituris.
827 4041 1004 4135 Quidquid
1016 4063 1101 4133 ergo
1113 4041 1239 4134 cuique
1251 4041 1350 4111 exci-

267 4151 319 4222 dit
352 4154 509 4230 sitienter
542 4160 776 4254 intercipiunt,
806 4183 870 4235 nec
904 4163 1138 4237 studiosorum
1170 4161 1347 4235 abstinent
