2988 4800
236 411 295 474 lOl
577 425 618 472 nn
640 425 741 475 annus
763 425 982 474 rlunrnnmus

235 565 307 634 lere
336 563 561 634 christianum
594 583 705 654 genus
731 583 834 633 omne
858 561 1043 632 contraxit.
1068 560 1115 632 At
1139 583 1182 634 ne
1208 565 1310 636 taedio

237 686 331 756 solus
352 684 557 776 peregrinus
574 684 742 768 afficerer,
760 683 890 775 aliquot
906 682 991 753 mihi
1008 706 1064 755 me
1081 685 1225 756 comites
1240 688 1310 758 ele-

236 827 367 896 geram,
389 828 535 899 quorum
557 814 641 878 natu
658 804 820 897 grandior
839 804 1014 896 religiosae
1035 807 1223 879 senectutis
1248 807 1310 882 ot

236 937 348 1014 tentu,
367 924 453 1000 alter
466 928 609 1000 scientia
625 927 864 1020 facundiaeque
883 927 1058 1012 vehiculo,
1073 929 1191 999 caeteri
1202 951 1310 1024 expe

234 1053 357 1124 aientia
381 1051 558 1144 agibilium
584 1059 620 1123 et
644 1049 738 1122 fideli
762 1049 931 1142 obsequio
950 1051 1089 1122 lenituri
1114 1073 1215 1124 omne
1235 1054 1307 1138 iter,

234 1175 312 1245 licet
329 1173 568 1267 asperrimum,
583 1171 804 1244 videbantur.
826 1169 882 1242 Sic
898 1169 983 1241 mihi
998 1172 1220 1266 provideram
1237 1197 1310 1246 ma-

234 1306 312 1367 turo
332 1295 459 1386 magis,
483 1305 521 1366 ut
539 1294 837 1380 eventusdocuit
860 1315 963 1385 qnam
982 1295 1073 1367 felici
1093 1294 1244 1370 consilio.
1265 1302 1309 1371 Et

233 1418 325 1489 ibam
338 1420 485 1490 ferventi
498 1419 613 1490 animo
626 1419 803 1512 positurus
814 1419 884 1527 iam
899 1420 1038 1491 tandem
1058 1420 1202 1512 piaculis
1221 1423 1308 1494 meis

234 1540 349 1632 finem.
371 1543 443 1614 Nec
462 1542 568 1626 enim,
591 1550 629 1613 ut
649 1541 697 1612 ait
716 1543 875 1626 Flaccus,

488 1725 597 1788 lusisse
613 1723 720 1805 pudet,
738 1724 791 1786 sed
809 1740 869 1785 non
888 1724 1021 1788 incidere
1036 1725 1157 1790 ludum:

230 1914 324 2006 quod
348 1916 499 2006 profecto
523 1913 754 2009 propositum,
788 1924 828 1985 ut
861 1935 977 2010 spero,
1005 1917 1089 1986 nihil
1114 1917 1224 2009 potuit
1247 1928 1308 1989 aut

230 2036 356 2128 poterit
375 2037 559 2110 immutare
575 2041 725 2111 fortuna:
740 2038 859 2124 allidat
877 2038 1028 2133 scopulis
1043 2060 1253 2133 quamquam
1271 2051 1307 2112 et

230 2168 374 2232 cruento
398 2160 541 2232 cerebro
574 2181 662 2234 saxa
691 2181 912 2253 respergens
940 2163 1065 2234 laceret
1089 2163 1155 2234 hoc
1180 2164 1307 2236 infesta

228 2284 488 2375 corpusculum,
524 2283 578 2354 sui
606 2282 748 2376 quidem
770 2303 810 2352 ao
836 2301 978 2353 suarum
1004 2305 1121 2354 rerum
1147 2284 1303 2379 spiritum

229 2414 499 2497 contemptorem
516 2415 617 2478 eruet
632 2407 795 2490 sortasse,
810 2426 879 2476 non
892 2405 1076 2499 opprimet3
1089 2417 1123 2478 et
1140 2409 1305 2499 languere

228 2534 325 2596 artus
347 2526 525 2618 saepicule,
545 2527 698 2598 animum
716 2537 890 2618 aegrotare
905 2533 1082 2620 nunquam
1099 2538 1211 2621 coget.
1228 2529 1304 2600 Non

227 2647 401 2718 modicum
423 2669 507 2720 sane
527 2671 660 2742 nuper,
683 2671 726 2720 ne
747 2650 895 2743 amplius
915 2652 1156 2747 expectatione
1180 2651 1305 2744 fatige-

227 2770 288 2855 ris,
308 2771 343 2841 in
360 2793 485 2864 corpus
503 2794 620 2843 meum
638 2772 685 2843 illi
702 2772 806 2844 licuit.
828 2772 1005 2865 Siquidem
1019 2773 1166 2845 Vulsino
1181 2793 1303 2866 egres-

228 2913 302 2977 suS,
317 2895 411 2986 quod
426 2917 519 2966 nunc
535 2917 684 2988 parvum
701 2903 737 2966 et
753 2894 904 2987 ignobile
920 2894 1098 2990 oppidum,
1114 2895 1194 2968 olim
1211 2897 1302 2967 inte'r

108 3080 111 3085 .
225 3015 375 3086 Etruriae
394 3015 507 3108 capita
526 3027 747 3088 numeratum
771 3026 841 3102 est,
871 3039 1004 3090 sacram
1032 3018 1154 3089 urbem
1179 3019 1301 3110 quinto

226 3137 368 3209 visurus
388 3139 546 3210 alacriter
565 3139 781 3212 festinabam.
802 3141 913 3212 Unum
931 3141 996 3212 hoc
1012 3140 1200 3214 identidem
1220 3163 1299 3212 cum

226 3262 342 3331 animo
358 3282 435 3333 meo
456 3271 623 3333 tractans:
644 3283 726 3334 ecce
750 3271 789 3334 ut
816 3273 903 3336 aetas
925 3274 1043 3336 nostra
1064 3263 1193 3334 sensim
1214 3262 1301 3333 labi-

225 3393 295 3453 tur:
316 3403 397 3454 ecoe
421 3391 460 3456 ut
485 3405 542 3455 res
567 3393 602 3456 et
626 3385 770 3456 consilia
795 3384 974 3457 hominum
999 3392 1193 3455 mutantur:
1218 3403 1299 3454 ecce

223 3527 328 3598 quam
350 3527 474 3577 verum
493 3515 549 3578 est
568 3507 662 3600 quod
682 3509 718 3578 in
738 3506 903 3580 bucolicis
923 3505 1010 3578 meis
1033 3506 1171 3601 scripsi:

640 3701 781 3766 Studium
797 3701 932 3772 iuvenile
947 3708 1075 3766 senecta

381 3801 535 3882 displicet,
554 3808 583 3867 et
599 3803 718 3868 variant
734 3817 817 3868 curae
833 3800 971 3870 variante
988 3799 1102 3886 capillo.

222 3998 373 4080 Quartus
394 3999 548 4074 decimus
571 4023 683 4073 annus
709 4012 763 4073 est
787 4023 833 4072 ex
859 4022 929 4094 quo
953 4002 1097 4072 Romam
1132 3999 1298 4070 miracula

222 4141 339 4190 rerum
362 4120 544 4194 dumtaxat
566 4123 710 4196 videndi
734 4123 908 4197 desiderio
934 4123 1083 4216 primum
1111 4123 1203 4193 veni.
1236 4122 1299 4191 Se·

222 4241 335 4313 cundo
357 4264 412 4314 me
432 4243 512 4326 huc,
534 4244 662 4336 aliquot
682 4245 782 4316 annis
802 4244 1004 4329 interiectis,
1025 4245 1143 4318 nescio
1163 4266 1206 4316 an
1233 4244 1297 4315 im-
