3062 4798
290 346 349 408 398
625 353 667 402 na
688 351 789 402 uanus
809 351 1034 402 rnuuurunus

289 514 358 563 non
379 499 547 574 metuam,
568 489 701 557 nullum
722 487 817 580 quod
843 485 1060 557 meminerim
1085 483 1178 558 diem
1203 482 1370 576 ignorans

289 611 433 707 perdidi.
450 611 526 681 Non
544 610 663 701 elapsa
681 615 762 678 sunt
780 617 945 700 tempora,
966 606 1030 678 sed
1045 617 1189 699 erepta3
1207 606 1256 678 ita
1274 619 1312 680 ut
1333 608 1367 678 in

287 735 413 806 mediis
430 735 488 804 vel
503 731 767 824 occupationum
786 730 919 822 laqueis
937 731 995 800 vel
1012 728 1196 800 ardoribus
1215 731 1370 822 volupta-

289 867 362 929 tum
382 855 558 928 dicerem:
580 852 649 924 heu
666 852 741 923 dies
763 852 841 922 haec
858 850 943 921 mihi
961 850 1146 922 irreditura
1167 849 1368 954 subripitur.

287 979 369 1051 ldeo
390 990 506 1051 tamen
527 976 562 1048 id
584 974 669 1045 mibi
689 975 859 1046 accidisse
879 998 973 1047 nunc
992 973 1161 1066 intelligo,
1183 975 1265 1067 quia
1285 994 1370 1045 non-

286 1101 370 1175 dum
391 1099 536 1194 tempori
554 1097 704 1192 pretium
723 1095 918 1190 posueram,
937 1097 1086 1191 pretium
1105 1097 1191 1169 illud
1207 1097 1309 1170 ouius
1326 1098 1370 1170 ad

285 1223 455 1295 Lucilium
489 1242 592 1293 suum
630 1219 786 1291 scribens
817 1221 948 1291 Seneca
990 1219 1155 1291 meminit.
1172 1239 1175 1244 ’
1194 1221 1368 1291 Noveram

284 1364 384 1414 caros
421 1342 511 1427 dies,
547 1340 808 1413 inaestimabiles
841 1362 911 1412 non
944 1363 1123 1412 noveram.
1156 1339 1284 1413 Audite
1314 1363 1369 1412 me

285 1466 392 1559 pueri,
418 1465 547 1558 quibus
573 1465 709 1556 integra
734 1477 789 1562 est
813 1472 922 1535 aetas:
952 1463 1194 1537 inaestimabile
1228 1473 1368 1558 tempus

284 1600 349 1660 est.
372 1591 444 1660 Hoc
463 1588 520 1658 illa
540 1597 644 1658 aetate
666 1586 874 1670 nesciebam,
897 1609 968 1679 qua
988 1586 1156 1679 optimum
1177 1597 1282 1680 atque
1302 1587 1369 1658 uti·

285 1712 455 1782 lissimum
480 1710 570 1781 scitu
589 1711 688 1781 foret.
709 1711 786 1781 Non
807 1709 1026 1782 aestimabam
1048 1719 1185 1802 tempus
1206 1731 1271 1781 suo
1290 1733 1369 1812 pre-

284 1835 353 1905 tio:
377 1832 574 1904 scribebam
601 1831 746 1903 amicis:
773 1832 989 1926 imputabam
1015 1831 1170 1904 laborem
1196 1833 1365 1927 corporis,

283 1954 390 2027 animi
416 1955 573 2038 taedium,
600 1955 760 2048 pecuniae
792 1955 1010 2050 impensam:
1044 1963 1181 2050 tempus
1208 1955 1366 2026 ultimum

283 2088 368 2150 erat.
389 2078 487 2150 Nunc
511 2077 632 2150 video:
654 2077 805 2170 primum
825 2099 907 2150 esse
927 2077 1109 2151 debuerat.
1132 2077 1312 2172 Siquidem
1332 2087 1366 2150 et

284 2200 438 2274 laborem
461 2201 561 2294 quies
588 2210 773 2294 temperat,
796 2211 832 2272 et
852 2201 993 2273 amissae
1014 2199 1162 2273 redeunt
1186 2199 1365 2294 pecuniae:

284 2332 439 2418 tempora
460 2325 570 2395 semel
591 2325 711 2417 elapsa
732 2345 800 2394 non
821 2323 990 2394 redeunt:
1012 2345 1054 2395 ea
1071 2323 1215 2396 demum
1237 2323 1367 2416 irrepa-

284 2444 403 2517 rabilis
424 2456 479 2518 est
499 2445 642 2517 iactura.
665 2445 758 2530 Quid
776 2467 862 2537 ergo
882 2445 1019 2518 dicam?
1039 2446 1138 2517 Nunc
1157 2445 1267 2538 coepi:
1288 2445 1365 2516 baec

283 2567 429 2640 mutatio
450 2569 608 2641 dexterae
627 2567 785 2640 excelsi:
806 2578 888 2663 opto
907 2567 943 2638 id
963 2568 1104 2661 quidem
1127 2567 1191 2640 sed
1211 2591 1281 2640 non
1302 2591 1364 2640 au-

281 2691 349 2764 deo
363 2691 489 2764 dicere.
506 2693 635 2786 Incipio
648 2703 743 2764 certe
758 2702 895 2786 tempus
909 2713 1102 2782 agnoscere
1116 2713 1185 2762 non
1199 2691 1301 2763 aliam
1319 2690 1364 2762 ob

281 2837 434 2899 causam,
454 2813 522 2886 nisi
538 2813 621 2905 quia
638 2815 753 2908 ipsum
772 2836 829 2887 me
845 2815 1010 2888 deserere
1028 2813 1156 2907 incipit.
1171 2813 1268 2886 Tunc
1280 2823 1363 2910 puto

281 2937 409 3008 clarius
436 2957 624 3027 agnoscam
648 2958 729 3007 cum
759 2937 900 3008 omnino
925 2937 1141 3032 praeterierit.
1170 2937 1223 3008 Oh
1247 2937 1362 3008 miseri

280 3057 408 3148 quibus
429 3077 493 3127 nos
511 3056 683 3148 angustiis
704 3061 947 3130 reservamus!
969 3061 1059 3145 Quid
1079 3059 1216 3132 credis?
1236 3059 1363 3144 Quanti

280 3177 380 3270 pretii
397 3176 483 3261 dies,
498 3176 574 3250 dies
594 3200 683 3250 unus
701 3200 781 3252 esse
799 3181 924 3273 poterit
941 3183 1092 3253 animam
1110 3181 1248 3274 agenti?
1262 3181 1362 3252 Certe

279 3322 345 3394 ego
365 3299 434 3373 iam
456 3300 538 3373 binc
559 3301 734 3376 aestimare
754 3311 892 3398 tempus
914 3304 1050 3400 incipio,
1071 3304 1226 3376 nondum
1248 3313 1362 3375 tamen

278 3444 348 3516 qua
368 3422 488 3508 debeo,
509 3422 573 3495 sed
593 3445 662 3516 qua
680 3445 835 3519 possum.
854 3423 1017 3518 Agnosco
1038 3428 1156 3518 fugam
1178 3423 1362 3499 incredibi-

278 3547 358 3630 lem,
381 3547 590 3638 lapsumque
616 3546 841 3640 praecipitem,
866 3547 970 3619 nullis
992 3548 1058 3620 nisi
1080 3547 1234 3621 ardentis
1259 3558 1362 3640 atque

278 3668 438 3761 impigrae
462 3667 602 3739 virtutis
624 3666 814 3741 arcendum
834 3669 976 3754 lraenis3
1002 3693 1106 3744 cerno
1126 3693 1183 3742 me
1202 3669 1360 3752 destitui,

277 3789 513 3884 damnumque
533 3813 648 3862 meum
676 3813 764 3884 pene
784 3793 894 3866 oculis
916 3794 1052 3879 metior,
1075 3804 1111 3865 et
1132 3790 1229 3888 saepe
1249 3790 1362 3883 Virgi-

278 3911 408 3982 lianum
431 3899 515 3984 illud
535 3912 571 3982 in
593 3933 652 3985 ore
674 3913 785 3987 haheo

412 4178 463 4240 Est
481 4177 557 4240 milri
575 4181 639 4244 iam
654 4181 843 4261 breviorque
860 4183 925 4246 dies
943 4189 973 4248 et
989 4183 1111 4248 mollior
1127 4187 1224 4278 aestas.
