3024 4802
262 332 321 394 506
604 341 646 388 ns
667 340 768 388 nunus
789 339 1012 389 rnuurnruaus

261 502 337 552 mea
355 499 496 573 quoque
522 475 724 570 temporalis
743 477 839 547 salus
859 473 1055 559 includitur,
1078 495 1184 567 quam
1204 477 1346 568 longam

259 613 295 674 et
315 600 435 692 quanti
456 602 587 672 amoris
609 608 822 693 quantaeque
843 597 1072 671 solicitudinis
1097 607 1203 691 atque
1227 599 1347 670 lormi-

260 723 351 796 dinis
379 725 518 816 plenam
539 700 721 816 epistolam
744 721 788 793 ad
820 731 853 792 te
880 720 971 791 misi.
993 721 1100 792 Cuius
1120 720 1187 792 etsi
1205 729 1346 815 propter

260 845 411 939 seipsam
432 868 501 917 non
521 846 758 928 meminisses,
781 865 897 937 neque
917 842 1010 914 enim
1030 843 1125 913 illam
1146 845 1232 914 tanti
1248 845 1344 929 facio,

260 978 299 1039 ut
320 969 378 1040 tali
395 969 563 1040 memoria
584 968 690 1059 digna
712 968 769 1054 sit,
784 977 820 1039 at
833 968 953 1038 saltem
973 965 1246 1058 elegantissimae
1267 987 1347 1057 gra·

259 1091 488 1185 vissimaeque
520 1099 590 1163 tuae
623 1090 860 1184 responsionis
880 1088 1007 1160 oblitus
1034 1109 1210 1160 essenon
1233 1097 1345 1182 potes.

261 1215 348 1286 Cum
369 1235 456 1285 vero
476 1213 544 1286 iam
571 1212 625 1284 bis
653 1211 726 1285 acie
752 1211 979 1295 decertatum,
1006 1211 1076 1283 iam
1095 1211 1347 1304 Hellespontia-

259 1360 338 1410 cum
360 1358 484 1430 aequor
500 1327 606 1429 atque
627 1336 845 1431 Tyrrhenum
867 1334 1016 1426 geminis
1036 1334 1194 1406 cladibus
1214 1333 1346 1406 nostris

259 1463 433 1546 infectum,
454 1471 490 1534 et
505 1462 575 1532 iam
590 1461 803 1532 simillimum
822 1460 899 1530 veri
916 1467 1021 1544 esset,
1035 1458 1165 1529 irarum
1185 1456 1346 1530 flammas

259 1587 358 1678 largo
377 1583 511 1655 cruoris
538 1581 649 1652 imbre
670 1583 873 1664 lentescere,
897 1579 943 1651 ab
963 1579 1029 1650 hcc
1049 1600 1161 1672 nuper
1180 1579 1346 1650 Italorum

261 1708 427 1790 maximo,
449 1703 562 1776 fidelis
590 1704 659 1773 heu
687 1703 749 1774 sed
779 1703 944 1775 inefficax
969 1712 1135 1776 tractator
1167 1700 1274 1795 paciS,
1300 1699 1347 1774 ad

260 1839 294 1900 te
313 1828 480 1919 civesque
498 1837 577 1898 tuos
596 1826 737 1910 missus,
758 1826 888 1919 quibus
908 1849 974 1898 noo
991 1828 1072 1897 Dux
1093 1846 1243 1919 usquam
1263 1847 1347 1897 con·

261 1950 392 2034 sultior,
415 1972 478 2021 nec
500 1971 587 2041 gens
613 1951 684 2020 ulla
711 1949 926 2043 tranquillior
953 1959 1085 2043 quanta
1116 1969 1278 2045 praesens
1311 1951 1347 2019 in

260 2072 405 2145 consilio
425 2075 481 2144 cui
501 2072 688 2167 praesides,
707 2082 838 2165 quanta
860 2083 974 2144 tecum
1005 2074 1103 2144 solus
1129 2074 1165 2142 in
1191 2072 1347 2144 thalamo

262 2195 371 2268 verba
391 2197 474 2266 leci!
494 2197 583 2266 Puto
601 2203 745 2290 propter
763 2194 973 2268 vicinitatem
991 2196 1108 2268 adbuc
1125 2205 1164 2266 ut
1180 2195 1228 2267 ita
1245 2195 1348 2268 dixe-

261 2319 327 2388 rim
345 2318 380 2387 in
399 2317 625 2388 auribustuis
645 2326 779 2390 sonent.
797 2318 1039 2410 Nequidquam
1062 2327 1195 2390 tamen:
1214 2327 1349 2390 namet

261 2462 445 2533 procerum
469 2451 619 2526 tucrum,
641 2450 692 2525 et,
714 2440 810 2534 quod
837 2441 962 2510 mirum
984 2441 1019 2510 in
1046 2441 1188 2512 modum
1211 2451 1345 2536 stupeo,

261 2572 384 2658 pectus
405 2565 509 2634 etiam
528 2572 626 2632 tuum
654 2560 854 2634 salubribus
872 2562 1011 2634 monitis
1035 2561 1269 2658 precibusque
1292 2565 1348 2637 iu-

264 2686 427 2759 stissimis
445 2685 527 2757 belli
554 2688 673 2757 fervor
689 2697 794 2779 atque
815 2707 994 2757 armorum
1020 2687 1139 2778 fragor
1157 2685 1348 2758 obstruxe-

263 2820 348 2893 rant,
371 2809 598 2901 reliquiaeque
619 2816 779 2879 veternm
802 2810 933 2878 irarum
953 2817 990 2878 et
1010 2807 1157 2880 recentis
1179 2809 1348 2881 memoria

264 2953 451 3021 rumorque
474 2929 640 3000 victoriae.
667 2929 807 2999 Minime
827 2950 958 3000 novum
976 2929 1013 3000 id
1032 2928 1187 3022 quidem:
1209 2930 1348 3002 iracun-

263 3052 321 3123 dia
350 3051 442 3120 enim
469 3058 538 3131 est,
562 3059 600 3119 ut
628 3049 676 3120 ait
697 3050 829 3132 Cicero,
852 3051 992 3123 inimica
1011 3053 1169 3135 consilio,
1201 3051 1347 3124 victoria

264 3182 380 3246 autem
408 3179 532 3242 natura
559 3171 716 3244 insolens
733 3180 777 3243 'et
803 3174 956 3268 superba
974 3184 1040 3245 est.
1070 3173 1277 3250 Accesserat
1300 3173 1347 3246 ab

156 3301 160 3312 “
262 3294 435 3389 Aquilone
456 3294 617 3388 quaedam
636 3318 808 3370 novarum
830 3320 944 3370 rerum
959 3320 1045 3370 aura
1061 3299 1250 3393 pertenuis
1264 3318 1347 3392 quae

264 3421 344 3490 licet
369 3418 543 3506 adversus
567 3419 602 3490 id
622 3441 693 3511 quo
713 3417 934 3492 intendebam
959 3419 1075 3505 flaret,
1096 3421 1347 3514 perfeceritque

263 3544 359 3636 quod
376 3541 486 3627 timui,
505 3562 592 3635 pace
613 3543 658 3612 sit
677 3542 806 3614 dictum
822 3553 894 3627 tua,
908 3553 1037 3614 tantam
1051 3553 1167 3616 tamen
1188 3551 1348 3614 avertere

264 3663 470 3757 gravitatem
493 3685 534 3734 ac
553 3663 691 3737 saniora
716 3665 890 3759 dissipare
916 3666 1063 3738 consilia
1087 3689 1159 3738 non
1183 3664 1347 3738 debebat.

264 3788 456 3880 Quousque
475 3787 568 3858 enim
590 3788 708 3860 miseri
725 3788 761 3857 in
777 3788 916 3880 iugulos
929 3788 1052 3883 patriae
1068 3797 1104 3859 et
1120 3789 1156 3859 in
1172 3785 1347 3884 publicam

265 3931 386 3982 necem
397 3908 580 3982 barbarica
592 3910 911 4004 circumspiciamus
924 3910 1275 4005 auxilialouousque
1289 3909 1350 4004 qui

265 4051 330 4100 nos
357 4033 575 4121 strangulent
595 4033 707 4126 pretio
725 4032 984 4105 conducemus?
1009 4035 1128 4106 Dicam
1149 4036 1245 4108 clara
1260 4052 1351 4104 voce

267 4152 362 4237 quod
384 4153 511 4234 sentio,
533 4153 623 4225 inter
654 4174 777 4228 omnes
803 4156 1002 4228 mortalium
1022 4177 1177 4240 errores,
1198 4173 1350 4250 qnorum
