2958 4804
340 393 433 442 clena
452 393 948 445 oncruusrsnrlus-nmsrons
970 397 1010 446 ul.
1158 383 1213 446 ill

126 527 324 602 familiares
339 551 526 616 sermones,
540 529 669 623 quibus
686 553 741 602 me
759 553 853 626 saepe
870 531 1041 626 dignatur,
1056 533 1217 628 quotiens

127 652 269 724 mentio
289 651 470 724 incidisset
490 651 649 737 alieuius,
670 654 730 746 qui
751 655 807 726 vel
828 654 892 726 tria
913 655 1021 726 verba
1041 655 1087 726 ad
1106 677 1217 752 popu-

127 776 206 845 lum
228 775 352 858 facere,
380 775 437 846 vel
458 774 571 846 securi
596 775 790 848 conductus
811 775 992 868 epistolam
1013 776 1143 850 dictare
1164 777 1218 849 di-

126 897 292 980 dicisset,
309 919 362 968 me
375 907 538 980 attentae,
557 918 602 968 ne
618 897 732 972 dicam
745 899 927 985 attonitus,
946 900 1140 993 percontari
1161 921 1217 972 sc

127 1021 231 1093 lebat
264 1019 299 1092 in
324 1020 416 1093 hunc
436 1023 543 1092 ferme
564 1019 723 1092 modum:
744 1031 844 1093 estne
870 1021 926 1093 hic
949 1023 994 1094 de
1013 1045 1083 1116 quo
1107 1023 1217 1115 loqui-

129 1167 217 1216 mur
251 1147 380 1238 poeta?
408 1145 484 1236 Ego
518 1152 635 1216 autem
669 1144 844 1216 tacebam:
877 1145 963 1237 quid
994 1145 1086 1217 enim
1121 1144 1216 1218 aliud

128 1268 308 1340 facerem?
324 1266 362 1340 ld
382 1266 474 1338 enirn
492 1287 577 1338 vero
594 1287 673 1336 cum
691 1287 738 1338 ex
755 1288 812 1338 me
830 1287 926 1360 saepe
943 1267 988 1339 de
1004 1267 1216 1361 quibusdam

129 1389 369 1474 scholasticis,
398 1389 525 1482 pingue
549 1387 716 1482 quiddam
745 1398 781 1459 et
806 1388 986 1461 rancidum
1013 1411 1081 1462 usu
1100 1389 1215 1483 potius

128 1533 243 1605 quam
271 1511 402 1584 ratione
427 1509 651 1595 dictantibus,
682 1510 922 1605 quaesivisset,
953 1524 989 1583 et
1013 1533 1080 1605 ego
1109 1517 1216 1586 semel

130 1657 232 1727 aegre
252 1635 358 1707 risum
377 1636 596 1720 continerem,
616 1633 860 1706 animadvertit
882 1633 953 1706 oris
973 1633 1041 1706 mei
1057 1634 1213 1708 habitum

131 1759 192 1831 vir
224 1759 283 1830 ille
316 1758 561 1839 cautissimum
592 1757 707 1851 itaque
736 1756 848 1850 magis
876 1763 918 1830 ad
946 1758 1059 1852 magis
1087 1757 1216 1832 instare
1296 1735 1308 1750 ⁵

132 1881 242 1975 coepit
263 1891 300 1952 ut
320 1880 470 1952 dicerem
489 1879 573 1974 quid
595 1879 641 1951 rei
661 1888 767 1951 esset.
785 1881 880 1950 Tunc
900 1901 968 1972 ego
987 1881 1216 1954 familiaritate

132 2005 192 2076 illa
209 2027 281 2097 qua
298 2025 416 2076 secum
435 2001 583 2075 fidenter
598 2002 693 2096 loqui
710 2003 834 2086 omnia,
848 2024 890 2074 eo
905 2003 956 2073 sic
971 2005 1119 2088 volente,
1135 2025 1215 2076 sum

135 2128 273 2210 solitus,
301 2125 529 2216 ignorantiam
551 2123 600 2197 rei
626 2125 869 2221 pulcherrimae
895 2125 930 2195 in
957 2133 1051 2196 tanto
1076 2123 1215 2217 ingenio

135 2255 342 2320 reverenter
362 2246 524 2340 increpui,
547 2244 641 2340 quod
660 2265 729 2316 non
750 2246 870 2315 saltem
890 2243 1018 2336 primos
1039 2254 1143 2337 atque
1164 2247 1215 2316 le-

137 2369 294 2443 tissimos
320 2369 485 2441 terminos
507 2377 628 2441 nosset
644 2366 728 2440 artis
749 2366 856 2451 illius,
879 2365 913 2436 in
934 2387 1004 2458 qua
1023 2364 1117 2450 elim,
1137 2366 1216 2438 licet

137 2491 288 2586 publicis
308 2502 492 2585 occupatos
514 2490 623 2575 curis,
646 2489 765 2562 mundi
789 2487 947 2561 dominos
968 2487 1140 2560 altissima
1163 2491 1217 2560 in·

136 2615 239 2706 genia
263 2614 388 2708 cupide
412 2624 447 2685 et
479 2614 661 2706 diligenter
684 2611 887 2683 exercuisse
912 2620 1108 2684 constaret:
1134 2633 1215 2707 pro-

136 2737 330 2831 positisque
362 2736 492 2829 aliquot
523 2735 707 2828 exemplis‚
741 2733 869 2826 quibus
895 2741 932 2803 tu
961 2754 1031 2804 non
1055 2753 1153 2825 egee,
1179 2733 1215 2804 in

135 2859 226 2932 hanc
247 2859 455 2931 sententiam
473 2859 636 2940 conclusi,
651 2867 690 2929 ut
700 2855 921 2929 ostenderem
940 2855 1015 2940 sibi,
1034 2855 1215 2950 pauciores

134 2993 257 3077 poetas
290 3001 509 3074 essequam
542 2979 720 3064 crederet,
753 2986 788 3050 et
819 3001 883 3075 pro
916 2990 1071 3073 tempore
1103 2983 1215 3072 pauca

136 3103 283 3178 strictim
308 3103 354 3175 de
373 3103 517 3198 poeticae
544 3100 748 3195 primordie,
776 3102 820 3175 de
841 3103 909 3174 viis
934 3123 975 3174 ac
995 3100 1152 3187 termine,
1179 3111 1216 3173 et

134 3225 332 3321 praesertim
352 3227 397 3298 de
418 3221 494 3319 ipsa
520 3223 712 3296 incredibili
738 3235 916 3318 poetarum
943 3225 1083 3296 raritate
1102 3223 1216 3296 disse-

135 3350 201 3434 rui,
226 3371 332 3444 quem
354 3348 584 3423 novissimum
611 3347 792 3420 articulum
817 3348 850 3418 io
873 3349 1016 3420 Oratore
1043 3369 1108 3418 suo
1134 3349 1214 3417 Tul-

134 3473 202 3546 lius
221 3471 344 3564 attigit.
363 3472 451 3556 Quae
468 3493 547 3543 cum
565 3471 621 3542 vir
637 3469 694 3542 ille
712 3491 858 3561 magnus
872 3471 976 3563 inque
993 3469 1069 3541 aliis
1088 3469 1211 3541 doctus

134 3595 224 3668 etin
249 3596 306 3667 his
327 3595 468 3666 minime
492 3591 650 3664 indocilis
672 3593 811 3664 intentis
839 3592 982 3664 auribus
1003 3590 1210 3674 audivisset,

137 3718 295 3790 sitienter
314 3716 473 3813 amplecti
498 3718 614 3801 visne,
642 3716 833 3808 crebroque
852 3714 976 3786 dehinc
996 3713 1133 3806 singula
1159 3733 1215 3783 re—

134 3851 269 3933 petens,
292 3848 370 3933 post
389 3859 470 3909 eum
490 3835 581 3908 diem
607 3835 807 3908 huiusmodi
827 3833 1080 3929 quaestionibus
1105 3833 1213 3906 absti-

136 3963 220 4033 nuit.
242 3962 296 4034 Tu
312 3961 395 4032 vive
412 3959 554 4032 feliciter
569 3969 605 4030 et
625 3960 712 4030 vale.
726 3959 770 4029 Et
782 3957 849 4028 nisi
867 3955 928 4027 tibi
945 3956 1044 4028 aliter
1063 3955 1211 4041 videtur,

136 4085 317 4180 epistolam
339 4083 540 4156 hodiernam
567 4083 843 4174 hesternumque,
867 4089 1048 4172 postquam
1070 4080 1210 4172 legeris,
1308 4110 1312 4119 ·

139 4206 232 4278 mitte
252 4205 432 4299 Neapolim
458 4205 503 4276 ad
523 4201 708 4276 Zenoblum
730 4211 901 4287 nostrum,
929 4211 967 4272 ut
991 4201 1066 4296 ipse
1084 4199 1214 4272 Barba-

262 4337 289 4378 u.
1031 4323 1059 4372 le
