3078 4798
251 329 309 390 336
590 343 630 387 nu
653 341 754 389 nunus
775 341 997 389 ruurnmrunns

251 486 366 550 autem
390 499 472 548 vera
493 479 561 548 scis
583 477 737 547 animum
759 499 886 548 meum.
906 477 942 546 Si
960 477 1043 569 quid
1065 487 1122 548 est
1140 477 1236 570 quod
1252 477 1335 547 mihi

252 602 384 692 placeat
404 598 438 667 in
460 597 577 680 terris,
605 597 640 666 in
667 596 764 668 ltalia
790 607 861 668 est:
887 619 952 669 nec
978 597 1175 668 miraberis:
1197 619 1277 668 nam
1302 609 1338 668 et

251 718 298 788 ibi
320 718 430 812 patria
450 727 504 789 est
525 727 660 801 nostra,
683 727 719 788 et
738 740 781 788 ea
801 717 952 790 conditio
972 721 1128 788 locorum
1155 727 1194 788 ut
1218 717 1338 789 alieni-

252 864 360 935 genas
381 842 486 913 etiam
507 840 746 932 barbarosque
771 841 930 912 delectet.
957 841 1013 910 Ex
1045 839 1189 910 diverso
1222 849 1336 911 autem

252 987 294 1037 ea
315 975 370 1036 est
388 986 450 1035 seu
469 986 547 1034 mea
568 983 645 1034 sors
668 984 731 1033 seu
752 962 871 1034 feritas
893 963 1088 1034 accolarum
1111 971 1148 1032 ut
1168 961 1250 1034 inde
1271 962 1337 1033 iam

252 1088 385 1159 dudum
408 1097 530 1180 sponte
550 1086 727 1168 exsulem,
753 1094 788 1156 et
814 1084 909 1177 quod
935 1088 1021 1156 forte
1042 1084 1245 1168 miraberis,
1272 1083 1338 1156 nisi

252 1209 333 1301 quie
346 1230 411 1278 nec
428 1207 578 1300 idipsum
593 1227 725 1276 novum
739 1206 853 1290 audis,
871 1228 935 1277 nec
947 1205 1060 1289 etiam,
1079 1214 1116 1276 ut
1129 1225 1224 1298 saepe
1241 1205 1336 1289 alias

253 1324 297 1396 ad
318 1325 462 1394 Fontem
481 1326 614 1416 Surgiee
632 1325 816 1420 respirem,
837 1346 918 1394 rure
935 1323 1026 1418 inopi
1043 1333 1078 1394 et
1095 1332 1254 1414 angusto,
1276 1324 1339 1396 sed

257 1447 411 1538 solitarie
437 1458 473 1519 et
498 1447 694 1541 tranquillo,
730 1454 766 1518 et
798 1447 828 1518 si
855 1468 935 1517 cum
969 1447 1089 1517 multis
1113 1446 1339 1539 opimioribus

254 1574 425 1656 conseras,
445 1572 479 1641 in
499 1569 619 1664 primis
637 1569 778 1665 optabili
800 1569 915 1642 studia
935 1570 1084 1641 honesta
1101 1579 1137 1641 et
1153 1568 1265 1642 otiosa
1284 1592 1340 1641 se-

252 1693 437 1764 ctantibus.
460 1692 622 1776 Proinde,
646 1693 738 1785 quod
761 1693 806 1764 ad
832 1695 945 1764 locum
972 1691 1108 1777 attinet,
1137 1690 1259 1762 vivere
1285 1692 1339 1762 bic

254 1835 393 1908 possem
427 1813 659 1906 quietissime,
687 1813 754 1884 nisi
779 1815 934 1886 externis
961 1825 1124 1908 quaterer
1148 1813 1274 1886 ventis.
1302 1817 1338 1886 ln

253 1937 329 2029 ipso
349 1937 455 2029 igitur
477 1947 577 2029 portu
599 1937 726 2008 timens
747 1939 856 2008 multa
880 1937 1142 2032 circumspicio,
1171 1937 1233 2008 sed
1259 1952 1338 2010 aute
1398 1993 1402 2002 .

147 2092 151 2098 ·
256 2063 372 2132 omnia
393 2061 506 2133 vicina
527 2061 705 2158 Babylone
731 2061 923 2144 deterreor,
946 2083 1050 2154 quam
1077 2080 1255 2132 romanam
1281 2084 1340 2134 cu-

255 2187 339 2258 riam
362 2183 493 2256 dicunt.
521 2183 657 2268 blirum,
684 2207 764 2256 cum
790 2185 875 2254 nihil
902 2183 1017 2255 miuus
1043 2205 1148 2276 quam
1174 2204 1336 2267 romana,

224 2353 227 2358 -
255 2307 339 2377 nihil
360 2306 408 2376 illi
429 2328 578 2398 usquam
601 2305 751 2378 invisius
772 2307 880 2378 Roma
902 2305 1087 2388 sit.,Huius
1107 2315 1200 2377 certe
1220 2304 1340 2376 vicini-

237 2441 309 2516 tas
334 2451 374 2500 ac
400 2440 604 2523 prospectus
630 2429 786 2522 odorque
813 2428 975 2502 terribilis
999 2439 1035 2500 et
1060 2429 1212 2501 felicitati
1237 2429 1339 2500 nimis

256 2553 403 2622 infestus
424 2562 491 2634 est;
512 2551 568 2622 ille
590 2573 645 2622 me
663 2553 721 2622 vel
740 2553 835 2623 solus
855 2553 936 2623 hinc
951 2555 1110 2646 pelleret,
1130 2562 1168 2624 ut
1184 2552 1339 2624 omittam

256 2675 509 2768 praeteritarum
545 2669 709 2768 reliquias
735 2683 996 2768 tempestatum,
1029 2696 1112 2767 quae
1137 2684 1176 2746 ut
1199 2675 1245 2746 de
1271 2686 1337 2745 tam

256 2796 449 2890 propinquo
477 2797 648 2888 usquein
675 2796 767 2867 bunc
792 2805 931 2890 portum
961 2807 1230 2889 conquassatam
1257 2797 1339 2866 vitae

255 2919 449 2990 naviculam
470 2927 738 3011 persequuntur.
767 2919 885 2990 'letius
913 2919 1052 2990 tandem
1078 2917 1339 2990 consultationis

257 3038 313 3110 hic
333 3048 387 3110 est
408 3038 498 3110 finis.
520 3041 630 3122 Quem
653 3050 733 3110 ante
752 3061 863 3110 annos
882 3040 1003 3132 viginti
1021 3040 1050 3111 si
1069 3060 1138 3111 non
1155 3039 1284 3112 oblitus
1300 3061 1338 3110 es

256 3171 407 3233 noveras
429 3183 604 3255 nusquam
625 3161 788 3234 libentius
810 3185 915 3256 quam
936 3163 1057 3235 Romae
1083 3183 1177 3246 esse,
1200 3171 1235 3233 et
1255 3160 1340 3232 luis·

155 3335 164 3352 .
257 3307 330 3358 sem
353 3305 492 3380 semper
513 3285 543 3356 si
564 3287 701 3356 fortuna
721 3287 940 3382 permisisset
952 3309 1030 3358 mea
1045 3285 1124 3380 (dici
1139 3283 1232 3354 enim
1245 3284 1340 3354 nullo

257 3417 378 3504 posset
396 3408 534 3501 eloquio
566 3409 686 3502 quanti
719 3410 845 3482 faciam
873 3412 1065 3502 fragmenta
1098 3408 1155 3478 illa
1188 3404 1340 3498 gloriosa

258 3531 389 3624 reginae
411 3529 547 3602 urbium
583 3533 771 3625 ruinasque
804 3530 1008 3624 magnificas
1041 3539 1077 3602 et
1109 3527 1259 3620 vestigia
1284 3528 1340 3597 illa

259 3664 329 3725 tam
349 3657 459 3726 multa
477 3662 513 3726 et
533 3663 603 3724 tam
624 3655 716 3725 clara
744 3655 909 3725 virtutum
938 3675 1001 3725 seu
1026 3652 1119 3737 coeli,
1149 3673 1213 3724 seu
1240 3659 1341 3722 terrae

258 3779 324 3851 iter
336 3778 507 3870 ingressis
525 3780 641 3848 lumen
659 3779 880 3871 praeferentia
895 3776 1072 3871 finemque
1085 3771 1337 3865 monstrantia),

258 3909 294 3970 et
313 3923 405 3972 nunc
440 3899 539 3972 solito
572 3899 675 3971 etiam
710 3900 869 3993 cupidius
896 3900 931 3970 in
953 3898 1075 3971 eadem
1098 3896 1199 3980 urbe,
1222 3894 1338 3967 dicere

259 4024 384 4093 vellem
412 4045 515 4116 posse
541 4023 720 4105 semiruta,
743 4023 827 4094 vitae
853 4023 957 4096 huius
982 4024 1340 4118 quantulumcumque

260 4155 421 4232 superest
440 4167 555 4234 agere.
578 4145 744 4215 Omnibus
766 4167 871 4240 prope
895 4147 994 4218 tactis
1016 4146 1145 4217 nullam
1173 4141 1284 4232 magis
1305 4139 1340 4210 in
