3024 4802
270 346 328 410 520
604 361 644 408 un
667 359 768 410 nunus
788 359 1009 410 ruumrumuus

270 498 478 567 immensum
498 505 643 568 auctura
663 515 742 565 oum
762 496 914 577 venerit;
935 504 970 566 et
986 495 1042 579 ita,
1060 497 1211 588 inquam,
1230 496 1267 568 id
1284 496 1347 568 tibi

268 618 481 711 promissum
500 617 647 701 creditu,
676 618 706 687 si
731 615 793 688 tibi
817 617 930 688 virtus
952 615 1115 702 adfuerit,
1144 618 1215 692 vita
1248 619 1345 690 mihi.

164 771 169 778 ·
269 742 477 834 Mirantiquc
496 753 531 813 et
550 741 632 812 dicti
650 763 793 813 causam
807 739 1012 832 requirenti:
1034 740 1128 831 quod
1145 740 1190 811 ad
1207 763 1276 823 me,
1295 742 1347 810 in-

269 885 390 956 quam,
405 865 526 935 attinet
546 875 641 935 tanto
660 863 757 955 uperi
776 864 906 933 iustum
924 862 999 932 iure
1017 863 1166 953 spatium
1184 861 1346 945 debetne

269 1005 365 1076 aegre
384 986 476 1056 enim
502 1007 629 1076 magua
649 986 685 1055 in
705 985 877 1076 angustiis
903 983 1137 1075 explicantur:
1164 983 1260 1076 quod
1286 1007 1348 1056 uu-

270 1118 340 1178 tem
362 1107 407 1178 ad
427 1116 477 1192 te,
501 1108 634 1190 Caesar,
656 1109 703 1179 ita
723 1106 864 1178 demum
889 1102 956 1175 hoc
981 1115 1015 1176 te
1040 1128 1185 1178 munere
1210 1118 1246 1178 et
1270 1108 1348 1180 eius

270 1227 349 1300 libri
370 1229 468 1300 titulo
480 1228 624 1318 dignum
644 1231 744 1312 scitu,
762 1230 875 1299 sinon
894 1227 1194 1319 fulgorencminis
1214 1239 1347 1302 tantum

270 1363 331 1424 aut
349 1352 443 1422 inani
462 1350 672 1437 diademate,
696 1351 760 1422 sed
780 1350 886 1422 rcbns
908 1351 1017 1442 gestis
1038 1361 1075 1421 et
1091 1349 1223 1422 virtute
1243 1353 1349 1422 animi

270 1472 464 1546 illustribus
482 1485 516 1546 te
533 1485 567 1547 te
590 1475 674 1545 viris
687 1472 927 1566 adscripseris
941 1483 977 1544 et
994 1474 1045 1543 sic
1061 1471 1197 1544 vixeris
1215 1483 1254 1545 ut
1270 1497 1348 1546 cum

269 1606 411 1669 veteres
430 1597 570 1689 legeris,
594 1608 632 1667 tu
649 1596 778 1688 legaris
799 1619 819 1668 a
839 1595 1000 1690 posteris.
1022 1595 1123 1679 Quod
1143 1595 1274 1667 dictum
1294 1618 1350 1668 se·

270 1720 364 1792 renis
387 1722 566 1792 oculorum
588 1719 693 1790 radiis
713 1730 748 1790 et
767 1726 929 1810 augustae
944 1716 1068 1788 frontis
1089 1719 1171 1790 lueto
1189 1717 1350 1812 probavit

240 1889 243 1894 -
270 1862 431 1914 assensu.
446 1842 565 1933 ltaque
579 1849 872 1935 poropportunum
887 1838 1034 1930 aggredi
1047 1838 1164 1910 visum
1176 1849 1240 1923 cst,
1256 1839 1350 1932 quod

270 1962 473 2036 iamdudum
499 1963 613 2035 lacere
634 1961 836 2034 meditabar.
858 1962 1003 2054 Sumpta
1031 1960 1138 2054 igitur
1163 1984 1212 2032 ex
1232 1961 1349 2036 verbis

270 2088 465 2172 occasione,
484 2087 615 2181 aliquot
642 2085 708 2157 sibi
728 2105 856 2156 aureas
877 2093 1132 2178 argenteasque
1152 2097 1351 2158 nostrorum

270 2210 464 2306 principum
495 2209 644 2301 effigies,
675 2207 917 2280 minutissimis
948 2229 989 2278 ac
1014 2209 1194 2280 veteribus
1226 2209 1350 2280 litteris

270 2334 466 2426 inscriptas,
482 2354 569 2426 quas
590 2332 625 2402 in
645 2331 778 2403 deliciis
799 2330 987 2416 habebam,
1005 2331 1098 2402 douo
1117 2331 1208 2416 dedi,
1224 2329 1259 2402 in
1275 2329 1351 2424 qui-

270 2453 338 2526 bus
358 2465 393 2526 et
412 2453 562 2546 Augusti
588 2453 739 2526 Caesaris
770 2455 889 2524 vultus
913 2463 989 2525 orat
1017 2474 1107 2547 pene
1137 2453 1290 2548 spirans:
1317 2465 1353 2526 ct

269 2598 359 2660 ecce,
373 2575 523 2670 inquam,
538 2576 670 2661 Caesar,
690 2576 818 2668 quibus
840 2576 1053 2662 successisti,
1069 2596 1152 2647 ccco
1169 2597 1258 2666 qnos
1275 2574 1352 2646 imi-

272 2698 338 2770 tari
359 2698 502 2770 studeas
522 2707 558 2769 et
577 2697 703 2784 mirari,
722 2698 767 2769 ad
793 2720 939 2792 quorum
961 2698 1105 2770 sormam
1135 2710 1240 2792 atque
1265 2697 1353 2768 ima·

273 2821 389 2914 gincm
411 2830 445 2891 te
464 2841 667 2912 componas
689 2841 779 2912 quos
796 2828 925 2913 praeter
944 2828 978 2892 te
995 2844 1117 2905 unum,
1137 2819 1220 2892 nulli
1242 2820 1353 2890 homi·

273 2966 356 3014 num
389 2941 535 3014 daturus
562 2965 677 3013 eram:
709 2951 768 3014 tua
795 2963 852 3012 me
884 2941 995 3014 movit
1025 2942 1222 3014 auctoritas.
1255 2942 1354 3013 Licet

274 3064 371 3133 enim·
383 3063 507 3134 horum
528 3085 596 3155 ego
615 3084 731 3134 mores
751 3071 788 3133 et
806 3062 946 3134 numina
966 3071 1002 3134 ct
1019 3085 1077 3136 res
1094 3075 1212 3156 gestas
1228 3063 1350 3149 norim,

275 3194 373 3256 tuum
394 3194 537 3256 estnon
559 3185 664 3256 modo
684 3207 790 3258 nosse
811 3185 875 3257 sed
892 3187 1007 3279 sequi:
1025 3187 1087 3258 tibi
1107 3186 1223 3280 itaque
1248 3186 1353 3258 debe

275 3306 412 3380 bantur.
434 3308 507 3384 Sub
528 3308 594 3380 hoc
616 3309 833 3400 singulorum
854 3307 938 3381 vitae
956 3330 1129 3380 summam
1147 3310 1255 3380 multa
1274 3307 1354 3378 bre-

276 3431 382 3504 vitate
403 3430 658 3524 perstringens,
680 3453 770 3523 quos
796 3432 889 3525 potui
916 3432 961 3504 ad
984 3431 1148 3504 virtutem
1178 3439 1284 3524 atque
1309 3429 1353 3502 ad

275 3555 429 3628 imitandi
453 3553 606 3626 studium
632 3557 772 3626 aculeos
797 3553 916 3627 verbis
938 3554 1120 3638 immiscui,
1143 3553 1271 3646 quibus
1297 3554 1354 3625 ille

276 3679 506 3752 vehementer
528 3677 758 3763 exhilaratus,
790 3700 855 3750 nec
883 3680 990 3750 ullum
1017 3677 1151 3770 gratius
1177 3676 1354 3770 accepisse

276 3804 522 3874 munusculum
540 3800 640 3874 visus
653 3811 716 3874 est.
734 3800 824 3885 Quid
837 3811 872 3872 te
885 3802 921 3871 in
938 3800 1084 3892 singulis
1101 3801 1238 3871 morer?
1249 3799 1355 3870 lllultu

277 3923 325 3995 ibi
351 3945 488 3996 mecum
507 3943 588 4018 quae
613 3923 714 3996 sileo:
737 3945 844 3995 unum
865 3923 972 4018 quod,
995 3932 1149 4016 utputo,
1172 3920 1354 3993 miraberis

277 4065 346 4114 non
368 4044 487 4116 silebo.
508 4043 539 4116 A
560 4045 616 4118 die
639 4057 736 4119 ortus
765 4067 876 4140 usque
897 4045 943 4122 ad
961 4045 1051 4118 banc
1071 4053 1224 4129 aetatem,
1249 4054 1354 4116 totum

277 4161 361 4234 vitae
374 4185 462 4236 meae
479 4163 632 4238 fabulam
652 4168 764 4240 dicam
784 4191 827 4241 an
846 4167 1033 4253 historiam,
1048 4189 1094 4240 ex
1108 4165 1229 4240 ordine
1246 4165 1356 4240 voluit
