3078 4798
275 369 333 430 378
594 379 634 426 un
656 378 757 427 ussus
779 378 1000 428 rsurursnmus

275 518 393 607 risque
427 535 519 586 nunc
551 511 713 584 omnibus
747 511 909 582 continue
943 510 1112 582 moriaris.
1146 511 1234 595 Quae
1261 513 1350 584 enim

274 637 365 730 apud
399 639 529 730 volgus
556 656 652 706 mors
678 643 743 717 est,
779 634 872 726 apud
900 633 1125 728 philosophos
1155 637 1276 706 mortis
1302 649 1358 708 ost

275 759 364 829 linis.
391 759 478 829 lllira
503 756 698 850 gratulandi
720 757 874 828 materia.
893 758 987 826 Mors
1005 756 1147 847 longior,
1168 759 1264 849 quod
1281 756 1354 828 fieri

274 881 471 962 metuimus
488 879 527 949 fit
541 878 642 950 modo
654 879 737 950 dum
752 878 925 969 loquimur
938 888 982 962 et,
997 878 1062 949 oh!
1084 889 1206 973 stupor
1220 879 1352 970 ingens,

275 1005 432 1075 simulet
453 1014 597 1074 mortem
618 1009 654 1072 et
670 1000 792 1072 mortis
809 999 942 1071 exitum
963 1000 1199 1085 formidamus
1221 1000 1355 1073 diutur-

274 1148 427 1219 numque
467 1124 644 1216 diligimus
682 1124 779 1216 quod
816 1133 1097 1195 momentaneum
1135 1147 1352 1196 execramur.

273 1250 416 1318 Frustra
437 1246 587 1339 quidem.
609 1245 704 1330 Fiet,
728 1245 786 1316 fiet
806 1245 945 1338 inquam
969 1246 1063 1339 quod
1082 1247 1243 1318 evasisse
1263 1247 1355 1318 dice-

273 1370 337 1453 ris,
361 1367 428 1440 fiet
443 1369 617 1461 aliquanto
639 1368 767 1452 serius,
792 1367 855 1440 sed
875 1367 965 1451 cito;
988 1367 1049 1440 sed
1073 1368 1140 1438 iam
1167 1391 1261 1440 nunc
1287 1389 1352 1440 non

273 1500 329 1563 est
353 1489 609 1583 tergiversandi
636 1492 733 1562 locus
759 1500 797 1560 ut
822 1492 1000 1584 paululum
1025 1491 1152 1562 trahas.
1179 1489 1354 1572 Quamdiu

274 1615 439 1696 traxeris,
457 1636 500 1685 eo
519 1613 716 1685 necessario
737 1612 956 1683 redeundum
977 1624 1046 1696 ost,
1065 1635 1135 1704 quo
1151 1623 1187 1686 et
1203 1637 1282 1685 oum
1301 1636 1355 1686 ro-

271 1736 389 1821 dieriS,
411 1736 610 1826 digressum
629 1735 731 1806 simul
750 1756 1004 1827 reversumque
1022 1743 1056 1806 le
1077 1744 1231 1828 stupeas.
1254 1737 1356 1808 Plane

273 1856 323 1928 sio
338 1868 393 1928 est
411 1867 449 1927 ut
465 1857 581 1928 dicere
601 1859 718 1928 soleo:
737 1857 843 1928 dilata
861 1878 1049 1951 parumper
1067 1858 1249 1930 solutionis
1268 1859 1353 1942 dies,

273 1981 336 2052 sed
356 1958 425 2052 non
445 2001 547 2052 cassa
565 1981 652 2052 ratio
669 1990 726 2052 est
742 1980 849 2051 debiti
867 1982 1035 2053 naturalis
1052 2003 1073 2054 a
1093 1992 1260 2056 nascente
1276 2006 1356 2056 cou-

273 2103 380 2189 tracti,
403 2127 422 2176 a
440 2104 608 2177 moriente
630 2103 804 2176 solvendi.
825 2105 920 2174 Vale.
1024 2155 1028 2164 .

694 2639 871 2705 EPISTOLA
893 2641 937 2704 vl.

272 2832 465 2883 ralumsctts
487 2834 656 2884 PETRARGA
679 2833 817 2883 nloouao
839 2832 993 2882 EPISGOPO
1015 2831 1217 2882 VITERBIENSI
1234 2831 1260 2880 S.
1278 2792 1307 2880 P.
1324 2831 1355 2880 D.

272 2998 379 3052 Gaudet
402 3016 417 3052 e
440 2999 516 3068 gravi
540 2997 637 3052 morbo
660 2999 738 3052 illum
758 2999 946 3056 convaluisse:
967 3002 1095 3057 hortatur
1113 3003 1148 3057 ad
1166 3001 1356 3058 fortitudinem

317 3115 320 3124 2
360 3087 461 3154 animi;
478 3091 507 3142 et
519 3087 672 3141 valetudini
685 3085 882 3159 recuperande
896 3090 1022 3162 apprimo
1045 3090 1144 3146 idoneo
1167 3089 1354 3146 Vallisolausae

360 3173 478 3244 hospitio
493 3169 694 3228 illum'invitat.

371 3433 432 3502 Vir
453 3433 550 3504 lortis
568 3435 700 3506 hortari
718 3457 789 3506 non
806 3447 885 3529 eget
902 3449 941 3510 nt
961 3435 1215 3532 imperterritus
1233 3443 1353 3506 notum

271 3551 406 3626 hostem
425 3565 461 3626 et
481 3556 620 3628 solitum
642 3579 771 3650 pugnae
791 3582 903 3652 genus
924 3559 1096 3654 excipiat:
1125 3558 1276 3630 venienti
1294 3556 1355 3628 ob·

270 3678 363 3749 viam
385 3679 541 3770 procedit
566 3679 610 3752 de
632 3680 776 3754 victoria
797 3705 904 3776 prope
928 3693 1060 3766 certus
1084 3683 1129 3754 do
1154 3682 1259 3754 laude
1278 3703 1356 3752 oer-

270 3801 450 3872 tissimus:
472 3803 601 3896 gaudet
618 3805 898 3898 experimentum
916 3806 971 3878 sui
992 3806 1124 3900 saepius
1141 3804 1221 3900 peti,
1237 3813 1273 3876 et
1285 3803 1356 3875 vir-

270 3933 378 3996 tutem
400 3924 497 3996 duris
519 3947 685 3999 exercere
706 3930 840 4000 mavult
860 3952 964 4022 quam
993 3928 1087 4000 molli
1118 3929 1189 3999 otio
1209 3929 1355 4020 langue·

270 4065 317 4114 re.
341 4045 460 4139 ltaque
481 4047 571 4119 inter
592 4051 771 4143 pulverem
792 4071 833 4122 ao
859 4051 1035 4134 sudorem,
1065 4050 1153 4122 inter
1179 4069 1283 4122 enses
1310 4067 1354 4120 ao

167 4191 169 4196 ¹
270 4167 415 4236 vulnera
438 4190 504 4239 non
531 4178 664 4241 tantum
688 4171 915 4256 strenuom,
941 4174 1004 4246 sed
1025 4193 1119 4266 saepe
1140 4173 1245 4244 etiam
1271 4193 1350 4244 curn
