2988 4800
237 363 293 421 l88
572 376 612 422 nn
633 374 734 422 nunus
756 373 977 421 saurtmarnus

236 508 397 580 euntibus
414 509 458 580 ad
475 511 671 592 dexteram,
692 507 920 579 redeuntibus
940 509 986 579 ad
1006 507 1194 593 sinistram,
1216 522 1309 582 sunt:

235 632 328 726 qued
346 630 423 702 idee
437 631 599 716 dixerim,
619 653 662 701 ne
683 631 832 714 mireris,
853 631 882 700 si
902 641 973 701 tum
991 631 1105 700 viator
1126 631 1245 703 Cicero
1261 632 1311 703 di-

236 754 404 824 verticula
425 754 503 824 lieet
523 776 660 824 amoena
680 777 749 824 nen
769 753 866 823 vidit.
892 753 1001 822 Neme
1027 751 1167 844 quidem
1187 765 1312 848 praete-

236 876 343 959 riens,
360 898 472 959 neme,
488 876 554 946 nisi
567 887 661 947 certe
674 875 818 946 censilie
832 877 953 946 velens
967 873 1160 968 sciensque,
1174 899 1217 948 ee
1233 900 1311 970 per-

236 998 345 1081 venit,
381 1009 416 1070 et
449 1001 506 1070 vel
540 1001 735 1089 spectaculo
756 997 858 1068 lentis
880 996 1023 1082 illectus,
1058 1001 1116 1068 vel
1149 997 1311 1081 studendi

235 1123 433 1214 otiandique
458 1121 646 1215 preposite,
668 1122 763 1214 qued
787 1143 892 1214 quam
915 1121 960 1192 sit
985 1143 1102 1191 rarum
1127 1121 1309 1212 intelliges

238 1245 267 1314 si
285 1254 465 1337 poetarum
483 1247 539 1315 vel
557 1245 713 1316 honestis
732 1245 870 1314 omnine
886 1243 1009 1314 studiis
1023 1244 1220 1315 vacantium
1240 1245 1312 1315 ani-

236 1366 467 1438 madverteris
489 1368 675 1439 raritatem.
697 1368 866 1439 Delectari
886 1367 971 1437 mihi
991 1367 1108 1460 itaque
1133 1366 1234 1438 visus
1260 1379 1313 1438 est

237 1490 356 1560 Cicero
376 1501 410 1561 et
429 1490 553 1582 cupide
576 1514 710 1561 mecum
733 1500 823 1561 ess'e.
846 1492 975 1562 Decem
1001 1491 1048 1562 ibi
1074 1513 1198 1585 nempe
1220 1500 1314 1560 tran-

236 1613 360 1704 quillos
381 1625 485 1706 atque
504 1613 634 1684 etieses
655 1613 731 1684 dies
753 1614 900 1704 egimus.
923 1616 993 1685 lllic
1010 1600 1117 1698 enim,
1139 1635 1313 1706 nusquam

236 1734 317 1805 alibi
336 1744 437 1805 extra
458 1737 601 1820 ltaliam,
624 1737 768 1829 respiro.
791 1736 901 1807 Habet
921 1746 1038 1808 autem
1067 1737 1134 1808 hec
1166 1739 1312 1830 pretium

236 1858 364 1929 virtus:
383 1871 417 1930 et
435 1859 609 1930 solitudini
624 1859 852 1946 desiderium,
866 1868 902 1928 et
917 1860 1122 1952 frequentiae
1139 1859 1313 1930 fastidium

236 1981 356 2066 demit,
373 1985 430 2053 vel
447 1982 667 2053 densissimis
686 1981 796 2052 turbis
814 1981 985 2054 insuetam
1004 1982 1169 2075 requiem,
1184 1983 1242 2051 vel
1253 1981 1314 2052 de-

237 2104 440 2175 sertissimis
463 2104 561 2175 silvis
583 2104 720 2174 turbam
741 2104 908 2175 nobilium
930 2126 1091 2175 curarum
1112 2114 1217 2196 atque
1238 2103 1313 2172 illn-

237 2228 359 2299 strium
391 2228 555 2300 comitum
588 2238 762 2298 catervam
796 2226 894 2297 novit
927 2226 1091 2299 inserere.
1120 2225 1313 2297 lunumeris

235 2352 338 2422 claris
359 2360 393 2422 et
412 2350 565 2443 egregiis
587 2351 671 2422 viris
689 2351 873 2421 comitatus
886 2360 961 2421 erat
973 2371 1090 2421 cemes
1107 2371 1218 2419 mens.
1233 2348 1310 2429 Sed,

238 2482 276 2544 ut
297 2475 415 2546 sileam
440 2474 577 2558 Graios,
600 2498 647 2545 ex
666 2474 794 2545 nestris
820 2475 964 2546 aderant
992 2475 1135 2557 BrutuS,
1160 2471 1310 2552 AtticuS,

237 2597 431 2668 Herennius
473 2597 697 2669 ciceronianis
735 2596 937 2668 muneribus
974 2595 1143 2686 insignes.
1183 2593 1314 2665 Aderat

237 2722 292 2791 vir
307 2721 462 2792 omnium
475 2721 699 2792 doctissimus
719 2721 856 2791 Marcus
873 2711 994 2800 Varro,
1012 2740 1091 2788 cum
1109 2738 1178 2808 quo
1195 2716 1313 2786 Cicero

187 2844 191 2850 '
236 2842 311 2934 ipse
339 2865 452 2934 vagus
484 2843 719 2915 academicum
752 2864 812 2914 rus
846 2841 995 2912 subibat.
1029 2840 1183 2912 Aderant
1216 2841 1313 2910 Cotta

237 2975 272 3034 et
287 2965 441 3034 Velleius
459 2973 494 3033 et
511 2963 663 3032 Lucilius
683 2962 820 3046 Balbus,
839 2985 918 3034 cum
936 2963 1064 3054 quibus
1081 2964 1232 3034 Deorum
1250 2981 1313 3030 na-

238 3096 349 3156 turam
372 3085 442 3155 aeri
464 3085 579 3156 studio
600 3085 808 3177 vestigabat.
831 3085 985 3158 Aderant
1000 3084 1161 3176 Nigidius
1178 3093 1213 3154 et
1230 3084 1310 3153 Cra-

237 3211 367 3304 tippuS,
386 3231 465 3278 cum
484 3208 611 3303 quihus
633 3219 766 3282 secreta
786 3219 932 3294 naturae,
952 3208 1073 3280 mundi
1090 3207 1308 3302 principium,

237 3342 341 3425 atque
378 3330 568 3402 essentiam
603 3332 803 3403 rimabatur.
844 3332 973 3405 Aderat
1012 3331 1162 3416 Quintus
1195 3329 1312 3400 Cicero

235 3456 353 3534 frater,
376 3475 454 3522 cum
475 3475 544 3544 que
565 3453 813 3526 divinationem
835 3457 1001 3546 legesque
1023 3452 1201 3524 tractabat.
1220 3450 1313 3522 Ade-

237 3586 291 3646 rat
315 3576 454 3648 lllarcus
480 3575 599 3646 Cicero
620 3576 724 3662 filius,
759 3576 912 3648 nondum
945 3576 1040 3660 vilis,
1074 3577 1129 3648 cui
1162 3573 1313 3646 dictabat

237 3698 359 3782 efficia,
383 3699 468 3791 quid
488 3699 686 3783 honestum,
707 3699 792 3791 quid
817 3699 908 3781 utile,
931 3719 1091 3790 quaenam
1124 3699 1212 3768 inter
1236 3697 1312 3766 baec

237 3820 313 3911 ipsa
343 3823 525 3894 cententio.
547 3822 701 3905 Aderant
721 3821 995 3915 eloquentissimi
1028 3821 1095 3894 viri
1128 3819 1309 3913 Sulpicius,

239 3942 398 4027 Crassus
424 3942 608 4030 Antonius,
636 3967 713 4016 cum
741 3943 869 4037 quibus
893 3944 1054 4016 oratoriae
1087 3939 1311 4012 institutionis

190 4095 194 4100 ·
239 4065 459 4137 scrutabatur
475 4090 649 4142 arcanum.
667 4066 798 4139 Aderat
816 4069 898 4139 Cato
915 4067 1095 4140 censorius
1116 4064 1172 4135 ille
1190 4084 1309 4145 senex,

238 4188 336 4259 cuius
378 4199 587 4261 senectutem
623 4191 816 4262 testimonie
847 4188 1118 4262 commendabat.
1158 4188 1312 4260 Aderant
