3062 4798
382 355 474 405 uranx
497 357 1015 432 surrrnusneenrus.-urrsroun
1036 361 1076 410 rv.
1206 349 1265 410 tae

190 496 317 560 statum
340 461 502 583 lemporis
524 493 665 564 audisti:
687 493 732 565 de
751 495 866 565 futuro
883 493 967 585 quid
985 515 1136 587 sperem,
1160 496 1187 567 si
1211 518 1265 568 me

188 631 308 704 roges,-
328 633 394 681 non
416 613 528 684 audeo
557 615 698 706 quidem
727 615 864 706 scriptis
891 614 1070 702 mandare,
1094 640 1137 690 ne
1170 639 1267 690 more

189 755 253 806 suo
267 735 411 808 forsitan
425 736 660 808 debacchante
675 739 819 820 fortuna,
842 738 1065 831 plurimorum
1080 741 1268 832 reprehen-

190 855 346 928 sionibus
368 868 518 950 pateam‚
539 859 600 952 qui
622 859 652 930 si
673 868 827 944 tacuero,
851 860 935 953 quid
961 859 1109 950 cogitem
1128 881 1195 932 non
1216 861 1269 932 vi-

188 976 330 1049 debunt.
345 981 389 1050 Ut
401 990 529 1052 caetera
550 983 811 1075 pretermittam
830 1003 911 1074 quoe
926 981 1010 1051 mihi
1024 1003 1130 1075 supra
1151 1003 1267 1052 meum

190 1099 352 1192 sperandi
374 1123 503 1174 morem
527 1105 671 1174 multum
693 1103 794 1174 modo
817 1103 887 1196 spei
909 1103 1067 1186 afferunt,
1087 1104 1171 1174 illud
1187 1125 1269 1174 con·
1296 1177 1299 1231 l

190 1232 265 1304 stat,
288 1221 382 1315 quod
403 1247 422 1294 a
446 1225 658 1318 sapientibus
676 1226 859 1300 diffinitum
877 1237 942 1310 cst,
961 1227 1127 1319 optimum
1157 1226 1268 1318 reipu-
1294 1236 1298 1295 l

189 1342 288 1414 blicae
309 1355 436 1416 statum
463 1368 545 1418 esse
570 1347 663 1418 iusto
689 1347 756 1418 sub
782 1347 885 1418 unius
906 1348 1062 1442 imperio.
1084 1349 1297 1450 Verona-j
1388 1339 1390 1344 ’

189 1487 268 1536 men
291 1476 327 1537 ut
347 1468 391 1540 ad
409 1469 524 1540 omnia
543 1468 650 1560 parati
670 1469 780 1541 simus
793 1493 873 1542 cum
887 1469 1082 1561 Augustino
1099 1469 1268 1541 desinam.

197 1614 210 1648 n
238 1589 359 1673 Manet,
375 1591 492 1682 inquit,
508 1590 632 1662 civitas
645 1612 725 1684 quae
746 1614 809 1663 nos
831 1593 1013 1664 carnaliter
1034 1592 1173 1684 genuit?
1195 1592 1269 1662 Deo

193 1735 208 1770 u
238 1712 379 1800 gratias.
401 1713 535 1784 Utinam
554 1722 590 1782 et
606 1712 828 1806 spiritualiter
840 1725 1027 1805 generetur
1039 1723 1074 1786 et
1087 1713 1269 1785 nobiscum

196 1861 209 1896 r
241 1809 861 1906 transeatadaeternitatem.Sednon
884 1847 1000 1908 manet
1020 1837 1167 1920 civitae,
1191 1857 1271 1928 quae

193 1982 208 2017 u
238 1976 302 2024 nos
327 1956 510 2026 carnaliter
535 1958 662 2048 genuit.
685 1959 801 2027 Manet
832 1980 913 2050 quae
946 1981 1011 2030 nos
1041 1959 1268 2052 spiritualiter

196 2104 209 2136 u
239 2077 368 2166 genuit.
385 2075 570 2147 AEdificans
591 2079 778 2148 Ierusalem
798 2078 977 2149 Dominus.
995 2079 1172 2170 Numquid
1190 2078 1272 2148 dor-

196 2227 210 2263 n
240 2197 392 2269 mitando
404 2197 590 2269 aedilicium
605 2221 708 2269 suum
721 2199 879 2291 perdidit,
895 2210 954 2270 aut
967 2222 1033 2269 non
1044 2197 1272 2269 custodiendo

195 2348 210 2385 t
240 2321 361 2392 hostes
381 2320 541 2392 admisit?
560 2320 634 2390 Nisi
658 2321 826 2392 Dominus
851 2320 1057 2392 custodierit
1080 2320 1270 2403 civitatem,

196 2471 211 2504 b
240 2441 274 2511 in
289 2464 419 2512 vanum
439 2440 583 2534 vigilant
602 2441 663 2533 qui
683 2442 883 2513 custodiunt
898 2462 986 2512 eam.
1006 2443 1049 2511 Et
1065 2463 1170 2535 quam
1188 2441 1284 2512 civi--

197 2591 211 2626 »
240 2566 366 2634 tatem?
391 2563 464 2632 Non
492 2561 619 2632 dormit
653 2584 766 2655 neque
798 2561 997 2634 dormitabit
1029 2563 1086 2655 qui
1121 2559 1274 2632 custodit

196 2711 211 2746 u
241 2685 359 2766 lsrael;
387 2712 402 2748 o
426 2693 460 2754 et
480 2694 704 2777 postpauca:
727 2712 742 2750 u
764 2684 856 2768 Quid
873 2685 1094 2778 expavescis
1114 2687 1196 2776 quia
1213 2705 1274 2777 pe-

197 2833 211 2870 »
240 2818 342 2878 reuut
361 2829 470 2900 regna
494 2810 652 2879 terrena‘l
678 2808 760 2879 ldeo
795 2806 854 2878 tibi
887 2809 1028 2886 caeleste
1061 2805 1272 2901 promissum

197 2958 212 2992 o
239 2940 357 3000 estne
376 2951 455 3002 cum
476 2931 621 3002 terrenis
643 2930 792 3025 perires:
815 2951 893 3000 nam
916 2931 982 3002 ista
1007 2930 1158 3024 peritura
1186 2948 1274 3021 prae-

196 3081 212 3118 u
240 3052 331 3124 dicta
354 3065 447 3124 sunt:
472 3054 635 3146 praedicta
655 3055 806 3126 omnino.
828 3055 903 3126 Non
924 3055 1016 3126 enim
1039 3074 1168 3145 negare
1194 3072 1301 3145 pos·.

196 3201 210 3238 u
241 3195 363 3245 sumus
384 3175 477 3266 qnod
510 3175 713 3266 praedictum
746 3187 816 3248 est:
852 3176 1020 3248 Dominus
1048 3186 1143 3260 tuuS,
1168 3196 1272 3267 quem

197 3326 211 3360 l
240 3303 415 3390 expectas,
435 3293 525 3366 dixit
545 3295 621 3364 tibi:
640 3297 799 3386 Exurget
814 3318 901 3386 gens
922 3307 1042 3369 contra
1064 3307 1217 3386 gentem,
1240 3308 1275 3368 et

196 3447 210 3480 u
240 3439 385 3510 regnum
407 3399 580 3490 adversus
603 3436 761 3506 regnum.
783 3415 920 3486 Habent
937 3416 1147 3487 mutationes
1166 3439 1273 3507 regna

198 3568 211 3602 n
242 3551 393 3610 terrena:
419 3537 535 3609 veniet
556 3538 612 3606 ille
629 3537 674 3608 de
693 3558 763 3628 quo
784 3534 912 3608 dictum
935 3548 1004 3608 est:
1022 3539 1065 3608 llt
1083 3539 1180 3628 regni
1196 3539 1273 3610 eius

199 3693 212 3726 l
240 3685 308 3736 non
326 3663 391 3733 erit
409 3661 499 3732 finis.
526 3689 540 3724 u
566 3663 638 3732 Hoc
658 3673 713 3732 est
734 3660 839 3752 igitur
859 3661 1046 3752 Augustini
1069 3660 1271 3746 consilium,

192 3785 313 3867 antico,
338 3806 400 3856 seu
422 3795 561 3854 maneat
581 3782 704 3854 civitas
730 3792 848 3854 nostra
877 3793 1013 3854 terrena
1048 3805 1110 3856 seu
1144 3794 1271 3875 pereat.

192 3907 266 3978 Non
277 3929 354 3978 sum
371 3908 500 3978 multus
514 3907 547 3975 in
561 3905 804 4000 persuadendo
817 3906 881 3990 cui,
900 3928 954 3975 me
968 3916 1112 3990 tacente,
1129 3927 1273 3996 persua-

191 4049 269 4100 sum
293 4029 363 4102 scio
380 4009 534 4102 ¹maxime
556 4027 620 4100 viri
640 4028 815 4121 proprium
843 4027 998 4119 celsique
1027 4027 1130 4097 animi
1153 4039 1188 4098 et
1209 4027 1270 4098 bu-

194 4171 295 4220 mana
315 4149 478 4222 calcantis
502 4159 732 4242 praeparatum
751 4170 833 4221 esse
850 4149 895 4221 ad
908 4150 1023 4221 omnia
1041 4169 1121 4241 quae
1138 4149 1268 4242 possint
