3002 4794
439 377 532 426 amaa
555 377 701 430 necinus.
715 381 918 432 *semrom
941 383 960 432 1.
1210 375 1250 438 59

162 519 242 568 meu
260 496 442 570 ostendas.
459 498 536 570 Nou
554 505 587 572 te
605 501 895 593 transalpinarum
915 503 1108 577 sollicitudo
1121 528 1248 596 rerum,

161 642 230 691 uon
248 629 285 692 te
304 619 431 692 natalis
458 621 522 693 soli
546 620 694 694 dulcedo
719 623 882 696 detineat.
910 623 1078 708 Quotiens
1104 627 1137 698 iu
1165 629 1250 701 Ger-

162 741 315 813 maniam
337 742 543 836 inspexeris,
566 745 697 817 ltaliam
718 745 854 838 cogita3
876 746 944 820 illic
964 759 1082 834 natea,
1104 749 1160 822 hic
1185 775 1250 822 nu·

163 864 276 947 tritus,
299 862 367 935 illic
388 885 544 956 reguum,
568 865 624 938 bic
644 875 680 939 et
700 889 847 960 reguum
869 867 979 942 habes
999 883 1035 944 et
1054 874 1247 966 imperium,

161 994 196 1056 et
214 984 314 1078 quod
334 965 514 1058 nationum
534 1008 575 1060 ac
596 997 768 1060 terrarum
794 991 947 1062 omnium
974 1015 1060 1086 pace
1080 995 1248 1083 dixerim,

162 1129 240 1178 cum
262 1106 395 1198 ubique
414 1107 581 1194 membra,
600 1109 656 1180 hic
677 1109 790 1204 ipsum
811 1123 916 1204 caput
936 1113 1091 1186 invenies
1111 1117 1250 1189 lllouar-

163 1228 262 1302 chiae.
290 1229 413 1300 Nullus
440 1230 547 1321 igitur
575 1231 725 1324 ignaviae
750 1234 847 1306 locus
876 1242 941 1306 est.
977 1237 1020 1308 Ut
1047 1237 1093 1309 ad
1126 1247 1249 1311 nutum

164 1362 288 1424 cuncta
325 1351 532 1437 succedant,
571 1374 738 1444 maguum
773 1355 878 1426 suerit
921 1364 1095 1430 tantarum
1131 1383 1249 1432 rerum

163 1474 359 1566 fragmenta
389 1475 562 1567 colligere.
595 1475 712 1547 Sentio
741 1475 884 1569 quidem
910 1480 1099 1552 novitatem
1131 1505 1249 1555 rerum

163 1597 318 1668 omnium
350 1619 431 1670 esse
458 1607 677 1690 suspectam,
704 1599 767 1672 sed
796 1601 841 1674 ad
867 1621 959 1672 nova
988 1623 1057 1674 nou
1084 1603 1246 1690 traheris,

164 1739 277 1810 neque
311 1717 372 1788 tibi
397 1719 496 1790 aliter
520 1719 618 1791 ltalia
647 1742 751 1815 quam
783 1721 968 1794 Germania
994 1732 1076 1794 nota
1101 1734 1166 1796 est.
1194 1722 1249 1794 Ab

163 1839 306 1914 infantia
323 1841 415 1912 enim
434 1850 494 1913 tua
513 1841 615 1914 nobis
637 1843 817 1916 divinitate
837 1844 984 1940 propitia
1002 1845 1247 1937 repromissus,

164 1964 271 2034 altum
293 1963 411 2058 inclyti
427 1964 536 2058 patris
554 1965 620 2036 iter
637 1963 725 2037 mira
741 1965 855 2038 indole
875 1977 1099 2060 prosecutus,
1124 1967 1191 2038 sub
1207 1990 1249 2040 eo

163 2095 199 2156 et
218 2085 353 2156 italicas
374 2075 489 2171 urbes,
509 2097 545 2158 et
561 2107 677 2158 mores
699 2085 888 2172 hominum,
908 2099 943 2158 et
960 2097 1130 2158 terrarum
1149 2089 1248 2170 situs,

163 2218 196 2278 et
215 2207 369 2298 gloriosa
386 2207 580 2280 rudimenta
601 2206 763 2280 didicisti.
785 2207 875 2293 Quin
896 2207 999 2280 etiam
1018 2207 1133 2279 adhuc
1152 2230 1247 2302 puer,

163 2328 257 2420 quod
290 2330 478 2421 plusquam
504 2328 667 2400 humanae
693 2327 832 2400 virtutis
863 2328 945 2411 suit,
976 2329 1163 2421 praeclaras
1194 2329 1249 2400 hio

164 2470 258 2542 saepe
280 2450 444 2522 victorias
465 2449 637 2536 meruisti,
661 2447 728 2520 sub
749 2447 891 2542 quibus,
914 2450 980 2520 etsi
1002 2470 1130 2540 magna
1150 2459 1251 2521 erant
1332 2524 1338 2538 ⁶

162 2591 243 2662 quae
269 2570 431 2661 gerebas
458 2571 591 2644 maiora
618 2579 733 2643 tamen
758 2571 901 2665 puerilis
926 2571 1160 2666 expeditionis
1185 2573 1250 2642 mi-

162 2694 308 2766 nisterio
327 2695 553 2780 velabantur,
576 2717 622 2766 ne
648 2695 778 2768 scilicet
798 2716 875 2768 earn
901 2693 1048 2789 patriam
1076 2695 1130 2766 vir
1151 2695 1250 2766 time-

162 2839 235 2901 res,
268 2839 349 2910 quae
378 2817 439 2888 tibi
469 2839 578 2910 puero
608 2827 780 2889 tantarum
811 2816 1035 2889 victoriarum
1067 2815 1248 2887 materiam
1299 2849 1304 2859 ·

160 2938 385 3032 praebuisset,
408 2939 548 3033 etquid
568 2940 625 3011 hic
645 2961 786 3035 sperare
810 2939 941 3012 debeas
963 2940 1160 3034 Imperator,
1180 2937 1250 3032 pri-

161 3059 269 3131 maevi
298 3060 446 3132 tirocinii
475 3061 630 3156 auspicio
661 3061 874 3155 provideres.
901 3060 1001 3134 Adde
1032 3061 1128 3155 quod
1160 3082 1248 3132 uun-

162 3204 268 3274 quam
286 3183 390 3255 ullius
407 3183 544 3254 externi
560 3182 724 3277 principis
742 3183 933 3255 adventum
951 3185 1065 3256 laetius
1082 3190 1249 3275 expecta-

162 3303 213 3373 vit
232 3304 345 3388 ltalia,
367 3312 475 3396 utque
495 3325 560 3376 neo
579 3303 717 3376 aliunde
735 3305 929 3376 remedium
947 3303 1152 3377 vulneribus
1175 3305 1247 3375 suis

163 3436 288 3520 sperat,
307 3448 373 3498 nec
390 3435 486 3497 tuum
505 3436 680 3519 tamquam
699 3427 903 3518 alienigenae
918 3426 1038 3518 iugum
1056 3425 1164 3498 timet.
1178 3428 1249 3499 Hoc

163 3547 351 3639 singulare,
374 3547 404 3620 si
422 3548 545 3634 nescis,
568 3547 674 3618 habet
691 3547 784 3641 apud
801 3568 866 3619 nos
883 3548 1047 3620 maiestas
1071 3558 1145 3630 tua;
1163 3545 1248 3640 quid

163 3669 255 3740 enim
276 3691 402 3742 verear
424 3671 518 3763 loqui
539 3670 634 3762 quod
656 3669 779 3756 sentio,
804 3681 840 3742 et
859 3671 954 3763 quod
975 3680 1008 3742 te
1028 3670 1142 3741 iudice
1167 3691 1248 3761 pro

163 3790 237 3865 bari
261 3790 422 3866 conlido?
439 3793 526 3863 miro
546 3791 686 3886 quidem
707 3792 772 3864 Dei
790 3793 1024 3863 lavore-nunc
1044 3790 1195 3882 primum
1211 3788 1247 3862 in

165 3924 197 3985 te
215 3914 316 3986 uobis
333 3925 413 4008 post
430 3923 480 3986 tot
497 3915 626 3986 saecula
643 3935 720 3986 mos
734 3912 867 4006 patrius
880 3923 915 3983 et
927 3910 1111 4004 Augustus
1128 3922 1248 3984 noster

165 4035 453 4111 estredditus.Te
463 4038 564 4124 euim,
579 4035 717 4122 utlibet,
730 4036 795 4107 sibi
806 4035 969 4106 Germani
982 4034 1173 4119 vindicent;
1183 4057 1246 4108 nos

166 4167 198 4230 te
218 4160 371 4234 italicum
392 4158 611 4233 arbitramur.
632 4161 784 4255 Propera
803 4157 921 4250 igitur,
947 4158 1042 4253 quod
1062 4178 1157 4253 saepe
1177 4158 1243 4228 iam

1378 4303 1486 4774 l
