3078 4798
368 376 462 426 urnsn
484 368 983 435 ournrusnncruus.-sa1srouu
1005 375 1068 424 vrrr.
1202 363 1257 425 337

174 522 311 610 partem
332 512 469 583 animus
491 511 641 583 inclinat.
669 513 770 606 Saepe
790 511 836 582 ibi
858 513 996 586 advena
1015 536 1095 586 eum
1118 517 1262 600 inerim,

174 647 260 733 opto
281 645 320 706 nt
339 635 408 706 iam
430 633 569 706 tandem
591 634 703 706 incola
722 633 770 704 ibi
792 635 873 719 sim,
896 645 931 707 et
951 636 1010 707 diu
1030 659 1092 730 per
1110 640 1265 732 membra

177 771 352 832 terrarum
385 756 478 828 orbis
511 777 625 848 vagus
658 777 698 827 ac
731 757 846 828 lessus
876 756 911 827 in
941 759 1054 852 capite
1076 761 1264 833 subsistam

178 882 336 964 tandem,
357 890 392 950 et
412 886 580 972 quantum
615 877 671 948 hio
704 888 759 950 est
787 878 952 973 possibile
972 882 1203 974 requiescam.
1230 859 1265 953 Si

179 1005 297 1078 adhuc
318 1001 439 1073 vivere
460 1007 608 1093 oportet,
626 1021 812 1092 nusquam,
829 1011 868 1072 ut
884 1001 970 1072 mihi
987 1002 1126 1094 videor,
1141 1005 1265 1078 melius

179 1126 316 1210 vivam,
338 1144 512 1217 nusquam
534 1122 697 1195 libentius
718 1131 812 1196 certe
833 1124 996 1219 sepeliar:
1018 1127 1087 1198 iam
1107 1126 1200 1199 enim
1221 1127 1266 1201 ad

178 1249 314 1319 exitum
345 1256 465 1339 specto
497 1241 796 1340 novissimainque
817 1247 959 1320 domum
984 1249 1107 1342 cogito.
1134 1253 1265 1325 Rasin

180 1395 224 1444 eo
246 1372 392 1443 vertitur
410 1370 439 1441 si
456 1369 587 1465 possim
608 1369 703 1461 quod
719 1370 835 1462 cupio:
854 1368 1019 1462 cogitanti
1037 1373 1129 1444 enirn
1148 1376 1266 1448 nescio

179 1494 267 1589 quid
299 1493 510 1565 difficultatis
543 1492 741 1564 ellunditur.
777 1474 847 1566 ‘sed
878 1494 1120 1589 incipientibus
1150 1499 1266 1569 omnia

179 1615 334 1688 difficilia
354 1614 467 1688 videri
493 1617 616 1687 solent.
638 1615 765 1686 Contra
790 1613 875 1687 illud
895 1637 1036 1710 quoque
1061 1639 1185 1690 verum
1210 1629 1266 1692 est

179 1737 374 1812 difficiliora
393 1740 556 1832 quaedam
574 1759 777 1832 essequam
796 1737 991 1811 videantur.
1010 1738 1071 1813 His
1092 1743 1265 1814 alternan-

182 1861 276 1933 tibus
296 1862 389 1933 cnris
412 1882 484 1932 rem
506 1861 550 1933 ad
571 1870 605 1932 te
621 1862 792 1954 integram
815 1862 928 1934 reieci.
945 1863 995 1934 Tu
1008 1885 1073 1948 me,
1088 1864 1202 1950 irater,
1225 1886 1265 1935 ac
1294 1945 1297 1954 Ι

180 2005 239 2059 res
260 2005 356 2056 meas
376 1994 411 2056 et
430 1983 651 2056 difficultates
668 1994 703 2055 et
720 1986 876 2056 fortunas
897 1985 988 2056 nosti
1010 1984 1177 2057 funditus
1196 1987 1265 2058 Ro-

180 2131 273 2180 mam
295 2128 398 2179 nemo
419 2115 454 2177 te
474 2106 599 2178 melius
616 2106 729 2179 novit:
748 2127 865 2177 rerum
882 2129 1022 2201 quoqne
1039 2107 1265 2202 praesentium

181 2241 311 2304 statum
333 2251 491 2326 praesens
519 2227 656 2324 aspicis.
685 2229 720 2299 Si
744 2250 764 2300 e
791 2227 901 2301 tribus
927 2251 1018 2301 nnus
1045 2229 1183 2301 viveret
1207 2240 1268 2301 aut
1340 2263 1342 2269 ⁸

181 2355 238 2425 ille
259 2351 425 2425 mirificus
448 2374 573 2438 senex,
596 2362 656 2424 aut
675 2351 848 2444 gloriosus
870 2350 925 2423 ille
945 2351 1105 2436 iuvenis,
1129 2357 1190 2423 aut
1209 2353 1266 2423 ille

181 2475 425 2568 magnanimus
455 2475 670 2560 adolescens,
698 2496 762 2545 nec
787 2472 885 2567 digni
918 2471 986 2545 visi
1018 2496 1179 2546 essemus
1206 2476 1267 2569 qui

181 2597 345 2670 omnibus
365 2596 468 2668 simul
487 2596 617 2669 nostris
635 2617 675 2668 ae
692 2597 814 2690 patriae
832 2586 1020 2667 luminibus
1035 2597 1264 2690 privaremur,

181 2720 267 2793 nihil
279 2719 766 2793 dubietatisoecurreret.Non
778 2721 1031 2792 consultantem
1043 2720 1192 2804 audires,
1204 2723 1268 2793 sed

182 2853 391 2938 praesentem
412 2864 585 2916 cerneres.
606 2843 706 2936 Nunc
726 2841 857 2916 consilii
883 2841 983 2936 inops
1004 2843 1088 2916 illud
1115 2845 1264 2938 primum

183 2988 320 3059 quaero:
347 2966 431 3060 quid
456 2967 567 3037 Roma
594 2988 686 3038 nuno
711 2976 829 3039 nostra
855 2967 993 3058 publiea
1019 2985 1146 3063 parens
1172 2967 1268 3060 agit?

184 3087 314 3159 Deinde
335 3087 420 3182 quid
440 3089 496 3162 hic
516 3091 602 3161 alter
623 3089 825 3161 adolescens
849 3099 968 3162 noster
988 3090 1268 3184 cogitatioque

185 3233 267 3304 spes
281 3222 386 3284 tantae
400 3210 539 3282 familiae
555 3212 745 3282 remansit?
760 3215 856 3296 Quos
870 3213 1038 3286 virtutum
1052 3213 1171 3299 llores,
1188 3235 1269 3307 quae

185 3335 305 3426 gloriae
323 3334 424 3426 signa
442 3332 637 3427 praetendit,
654 3344 821 3426 quantum
835 3337 1003 3407 maiorum
1020 3357 1163 3407 snorum
1178 3338 1269 3409 lama

185 3456 340 3548 tangitur
351 3458 407 3528 vel
418 3456 588 3550 exemplis
602 3453 811 3540 accenditur,
820 3457 968 3547 qualiter
980 3457 1089 3526 nostri
1103 3457 1266 3541 meminit,

184 3579 334 3672 qualiter
356 3600 440 3651 suos
461 3581 575 3650 amati
597 3579 688 3650 Solet
707 3577 799 3647 enim
821 3586 908 3648 aetas
927 3576 984 3648 illa
1005 3577 1102 3648 lacile
1125 3598 1268 3649 suornm

186 3701 370 3774 affectuum
384 3701 554 3773 oblivisci.
572 3699 751 3773 Postremo
769 3697 851 3770 illud
871 3699 959 3771 scire
973 3709 1101 3794 expeto
1114 3721 1158 3770 au
1173 3709 1209 3770 tu
1224 3700 1270 3772 is-

187 3823 233 3896 tic
249 3825 410 3918 usquein
424 3823 528 3895 finem
543 3821 850 3906 essedeoreveris;
864 3844 931 3893 non
947 3844 1094 3915 parvum
1112 3820 1269 3914 capiendi

187 3946 321 4020 consilii
338 3957 565 4030 momentum,
587 3947 681 4039 quod
703 3945 733 4018 si
754 3945 876 4017 leceris
899 3945 1064 4029 laudabo,
1089 3945 1204 4016 sinon
1222 3946 1271 4019 le-

187 4069 278 4141 ceris
299 4070 462 4142 mirabor.
486 4069 577 4142 Satis
597 4069 656 4142 diu
678 4069 904 4165 peregrinati,
928 4092 972 4141 ne
997 4069 1111 4141 dicam
1137 4069 1268 4157 iactati,

189 4213 328 4265 sumus:
350 4203 487 4286 tempus
507 4204 563 4266 est
587 4195 633 4268 ad
658 4215 840 4287 vesperam
864 4191 1099 4280 subsistendi,
1124 4193 1272 4289 figendi-

319 4325 344 4363 u.
1084 4315 1116 4366 aa
