3062 4798
406 355 500 406 crasa
520 353 1001 407 sumpseramus-smmum
1022 357 1064 406 xr.
1215 343 1274 407 399

192 494 282 566 Nam
299 503 336 564 et
354 490 446 565 bona
462 513 544 584 pars
566 491 729 584 temporis
750 513 771 562 a
788 500 965 583 tergaest,
983 501 1020 562 et
1039 489 1185 564 affectus
1201 494 1276 564 ani-

181 591 242 686 mi
270 618 479 701 lentescunt,
513 634 625 708 eoque
651 613 746 685 lucro
778 612 917 706 fugitivi
950 613 1113 707 temporis
1147 613 1276 687 damna

194 758 395 830 compenso.
417 737 505 822 Quae
525 736 670 808 comita
691 736 769 821 siut,
785 735 1011 808 etlireviores
1025 735 1190 829 deinceps
1203 707 1276 831 ripi-

195 862 317 945 stolas,
340 870 376 930 et
401 859 663 932 submissiorem
686 859 812 944 stilum,
834 868 871 931 et
888 859 1039 931 leuiores
1064 859 1165 931 decet
1194 879 1275 931 esse

197 983 398 1055 sententias.
419 982 571 1053 Primum
599 981 762 1074 temporis
783 982 958 1065 brevitati,
980 982 1113 1076 reliqua
1133 981 1275 1074 fatigato

195 1103 311 1176 animo
331 1103 521 1176 adscribes.
541 1104 639 1176 Neve
657 1125 712 1176 mo
728 1106 857 1176 frustra
873 1103 976 1178 hodie
995 1104 1275 1200 philosophatum

195 1237 307 1322 putes.
325 1225 413 1300 Novi
431 1249 497 1318 ego
518 1228 672 1299 animum
690 1248 878 1321 moresque
900 1239 987 1312 tuos,
1007 1227 1066 1320 qui
1087 1227 1131 1300 do
1147 1227 1276 1300 amico·

197 1375 273 1423 rum
304 1350 528 1424 successibus
562 1358 654 1422 totus
688 1349 842 1444 pendes3
876 1371 981 1441 quem
1014 1370 1100 1422 vero
1124 1347 1219 1442 apud
1244 1359 1277 1420 le

195 1475 356 1546 amicitiae
376 1473 524 1566 gradum
546 1482 679 1545 teneam
702 1471 784 1544 scio.
807 1471 935 1556 Ureris,
958 1471 1106 1564 angeris
1129 1480 1273 1554 aestuas,

196 1595 381 1680 afflictaris,
403 1605 440 1667 et
459 1595 543 1667 dum
562 1593 713 1666 maxime
731 1592 825 1675 silea,
845 1595 970 1664 clamat
988 1592 1186 1666 humanitas
1204 1599 1273 1676 tua,

196 1739 320 1811 meque
336 1717 381 1789 de
400 1717 505 1790 rebus
526 1715 613 1788 meis
631 1713 760 1788 invicta
779 1715 889 1808 pietas
908 1715 1107 1808 interrogat,
1127 1716 1276 1810 qualiter

194 1850 298 1935 atque
316 1840 375 1912 ubi
396 1840 470 1925 sim,
490 1841 574 1934 quid
594 1840 753 1932 cogitem,
773 1839 858 1934 quid
875 1839 1007 1912 moliar.
1026 1838 1154 1932 Accipe
1169 1838 1276 1931 igitur

195 1963 345 2056 epitoma
368 1963 630 2045 brevissimum,
663 1962 731 2034 sub
761 1984 832 2054 quo
858 1963 980 2054 ingens
1006 1966 1091 2035 latet
1118 1961 1273 2034 historia.

195 2085 347 2182 Corpore
371 2088 473 2158 valeo
497 2094 665 2180 quantum
692 2087 806 2157 solent
837 2106 858 2157 e
886 2085 1067 2156 contrariis
1096 2091 1276 2177 compacta

195 2210 421 2302 corpuscula;
444 2208 608 2302 equidem
629 2217 722 2282 utet
742 2206 859 2279 auimo
877 2210 1014 2280 valeam
1034 2207 1171 2297 maguis
1192 2204 1276 2276 viri-

195 2329 262 2402 bus
282 2330 404 2402 enitor:
432 2330 562 2401 utinam
584 2328 793 2402 efficaciter!
822 2327 973 2422 alioquin
995 2329 1159 2400 voluntas
1180 2327 1275 2400 nuda

194 2451 400 2525 laudabitur.
423 2453 554 2525 Morem
584 2474 668 2524 sane
694 2451 810 2524 meum
837 2450 950 2523 nosti:
977 2451 1132 2522 animum
1158 2471 1274 2522 rerum

194 2575 326 2646 sessum
346 2577 500 2648 locorum
521 2574 747 2648 alternatione
768 2572 895 2646 reficio.
914 2574 1034 2667 ltaque
1050 2572 1189 2645 biennio
1206 2573 1275 2645 iam

195 2693 230 2765 in
246 2696 365 2769 Galliis
381 2707 506 2770 exacto
524 2695 737 2782 revertebar,
757 2706 887 2767 etcum
906 2695 1139 2769 Mediolanum
1152 2716 1276 2789 perve-

194 2818 335 2905 nissem,
358 2821 532 2894 maximus
554 2821 621 2893 iste
641 2819 746 2892 ltalus
768 2818 886 2892 iniecit
905 2841 1046 2892 manum
1071 2828 1138 2890 tam
1157 2818 1277 2890 suavi-

195 2949 255 3026 ter,
290 2952 455 3037 tantoque
488 2967 567 3017 curu
601 2944 746 3030 honore,
782 2953 951 3038 quantum
985 2964 1048 3014 uec
1074 2942 1184 3014 merui
1212 2962 1276 3015 uec

194 3065 346 3157 speravi,
369 3085 562 3157 verumque
584 3075 621 3137 ut
642 3067 764 3151 fatear,
791 3088 856 3138 nec
882 3068 1012 3163 optavi.
1036 3065 1274 3139 Excusassem

193 3185 439 3278 occupationes
460 3184 643 3276 turbaeque
668 3188 786 3266 odium
807 3197 843 3258 et
862 3189 991 3281 quietis
1012 3190 1152 3261 avidam
1174 3197 1276 3261 natu-

195 3331 282 3394 ram,
314 3307 381 3380 nisi
413 3315 594 3401 parantem
626 3307 734 3398 loqui,
770 3311 866 3379 velut
889 3321 1013 3382 cuncta
1043 3311 1272 3405 praesagiens

194 3431 434 3525 praevenisset,
456 3440 491 3501 et
510 3428 545 3499 in
567 3429 719 3501 maxima
737 3429 1090 3525 frequentissimeque
1112 3433 1197 3504 urbe
1219 3454 1276 3504 so-

196 3553 375 3626 litudinem
393 3553 449 3625 ille
467 3552 550 3624 mihi
565 3552 600 3622 io
617 3550 737 3647 primis
750 3560 786 3624 et
802 3551 909 3623 otium
924 3552 1150 3647 promisisset,
1170 3564 1275 3648 atque

195 3674 373 3761 hacteuus,
395 3686 563 3768 quantum
586 3674 620 3746 in
641 3696 683 3748 eo
701 3686 764 3762 est,
780 3675 953 3771 promissa
967 3686 1160 3772 praestaret.
1176 3676 1275 3749 Cessi

196 3797 301 3891 igitur
322 3799 387 3871 hac
409 3801 500 3891 lege,
524 3807 563 3869 ut
583 3799 627 3871 de
651 3799 722 3870 vita
742 3799 841 3883 nihil,
864 3799 909 3870 de
927 3798 1124 3871 habitaculo
1145 3799 1276 3892 aliquid

195 3919 412 3993 immutatum
432 3921 485 4004 sit,
505 3921 609 4014 idque
627 3942 695 3992 non
713 3920 871 4016 amplius
893 3942 997 4014 quam
1016 3933 1183 4013 quantum
1198 3919 1274 3990 fieri

194 4049 308 4134 potest
327 4044 435 4116 illaesa
456 4043 622 4130 libertate,
643 4045 742 4116 salvo
763 4045 841 4130 otio,
860 4046 956 4137 quod
976 4067 1080 4138 quam
1101 4045 1162 4117 diu
1181 4046 1274 4116 lutu-

196 4185 271 4235 rum
294 4166 338 4238 sit
357 4167 486 4259 ignoro.
507 4165 665 4260 Augurio
681 4169 791 4242 breve
810 4168 891 4252 erit,
915 4167 944 4241 si
967 4191 1059 4254 eum,
1088 4170 1118 4243 si
1146 4191 1214 4255 me,
1243 4170 1272 4242 si
