2988 4800
406 353 499 402 nrnnn
520 354 709 404 uuoucmus.
722 355 924 403 -urrsrom
946 355 985 402 vr.
1178 343 1232 406 tat

149 507 312 581 quosque
338 487 595 558 consentientes
628 488 662 558 in
691 486 1235 580 peregrinationeslongissimas

151 632 290 680 mecum
312 609 418 694 duco,
449 612 586 683 salvere
618 611 740 681 iubeas
772 618 929 694 metuo,
961 609 1048 682 meis
1078 611 1233 682 vocibus.

150 733 248 802 Vale.

297 878 432 934 Kalendis
447 878 533 949 lunii,
549 879 673 936 Vcronae.

655 1133 734 1144 —ae-u

569 1378 746 1444 EPISTULA
766 1380 822 1444 vll.

310 1577 506 1628 Fanncrscus
528 1577 696 1626 PETRARCA
718 1576 853 1625 soonam
874 1576 932 1624 SUO
954 1576 979 1624 S.
1002 1578 1030 1624 P.
1052 1578 1082 1624 D.

170 1763 261 1822 Desset
276 1764 365 1819 aetatis
380 1780 437 1818 suae
453 1763 620 1817 calamitates
633 1760 766 1831 insignes,
783 1761 883 1832 quibus
898 1767 978 1816 terrae
992 1765 1084 1816 motus
1099 1761 1128 1816 in
1142 1761 1216 1817 Urbe

258 1859 451 1923 accesserunt,
467 1854 585 1908 maiores
599 1868 738 1907 aerumnas
751 1853 908 1924 reipublice
922 1851 1127 1924 portendentes.

252 2096 345 2183 Quid
365 2095 537 2190 primum?
556 2115 684 2186 querar
700 2103 760 2166 aut
777 2093 939 2166 timeam?
960 2094 1118 2188 Undique
1138 2096 1235 2169 dolo

150 2245 230 2295 rum
252 2240 384 2304 causae,
404 2240 468 2290 nec
487 2219 595 2288 ulium
616 2239 772 2312 praesens
794 2219 923 2288 malum
944 2238 1012 2286 non
1030 2216 1135 2288 futuri
1153 2240 1234 2310 gra-

150 2344 262 2417 vioris
285 2342 366 2413 mali
387 2341 527 2432 signum
548 2343 700 2432 praefert.
722 2340 938 2432 Quamquam
959 2340 1044 2432 quid
1065 2339 1132 2410 iam
1155 2363 1234 2432 gra-

150 2467 233 2538 vius
256 2465 434 2557 expectari
455 2472 560 2556 queat
581 2463 643 2535 vix
663 2461 863 2553 intelligam.
890 2462 1041 2534 Mundus
1066 2462 1146 2533 hinc
1172 2461 1234 2533 ho-

152 2591 286 2660 minum
313 2587 422 2672 rabie,
457 2587 538 2658 hinc
567 2609 672 2657 manu
701 2586 763 2657 Dei
795 2585 916 2658 ultrice
950 2595 1178 2679 consumptus
1199 2594 1234 2656 et

150 2713 352 2782 exhaustus
370 2719 437 2794 est,
453 2731 565 2802 eoque
583 2710 733 2781 miseriae
758 2732 970 2803 processum,
993 2723 1032 2782 ut
1050 2714 1146 2782 nulla
1166 2712 1233 2781 iam

153 2834 390 2927 cogitantibus
410 2855 503 2904 nove
523 2836 692 2904 malorum
713 2833 818 2905 iacies
836 2841 1003 2904 occurrat.
1022 2834 1065 2903 Et
1082 2835 1234 2925 profecto

153 2958 317 3051 quisquis
338 2957 430 3028 hunc
451 2967 579 3029 statum
605 2979 722 3028 rerum
750 2957 979 3028 humanarum
1006 2954 1175 3050 posteris,
1203 2959 1233 3030 si

154 3083 215 3175 qui
242 3082 347 3153 modo
382 3092 568 3174 supersunt
594 3080 736 3176 posteri,
764 3080 969 3165 narraverit,
996 3081 1129 3152 fabulas
1155 3101 1235 3152 nar·
1331 3077 1333 3081 ’

155 3227 257 3276 rasse
275 3204 462 3276 videbitur.
484 3204 555 3275 Nec
575 3202 744 3296 indignari
767 3205 957 3288 conveniet,
977 3204 1152 3276 minusca
1171 3227 1233 3276 no-

156 3329 212 3400 bis
233 3328 330 3399 credi
351 3348 431 3419 quae
454 3330 548 3399 nullo
583 3327 685 3399 modo
719 3349 783 3399 nos
815 3327 889 3399 aliis
924 3326 1156 3398 crederemus.
1179 3328 1234 3398 Me

157 3452 315 3545 quidem,
337 3453 454 3534 fateor,
476 3451 521 3522 ad
537 3451 749 3522 credendum
764 3454 872 3522 multa
885 3451 1078 3544 proniorem
1094 3460 1232 3542 tempus

156 3576 223 3646 hoo
244 3575 373 3660 fecerit,
396 3597 466 3667 quo
486 3575 568 3644 mali
588 3574 672 3645 nihil
693 3575 915 3670 inexpertum
936 3575 1088 3644 humano
1115 3571 1233 3663 generi

155 3708 220 3770 est.
244 3691 288 3768 Ut'
306 3698 397 3769 enim
428 3698 485 3769 illa
519 3707 724 3788 praeteream
745 3697 893 3780 diluvia,
917 3703 1158 3790 tempestates
1181 3692 1234 3762 in-

154 3820 293 3905 cendia,
316 3809 444 3913 cuibus
468 3821 616 3912 integrae
643 3821 745 3892 modo
773 3820 878 3891 urbes
904 3819 1059 3889 funditus
1080 3815 1230 3910 periere,

156 3943 246 4014 bella
264 3965 405 4037 quoque
424 3953 494 4016 toto
511 3944 594 4017 orhe
610 3945 779 4016 ferventia
798 3964 1020 4034 magnacum
1039 3951 1154 4031 strage
1172 3962 1233 4033 po-

154 4070 332 4160 pulorum,
356 4069 401 4140 ad
422 4069 498 4140 haec
519 4068 706 4140 inauditam
730 4066 868 4138 saeculis
890 4074 1021 4158 pestem
1042 4063 1129 4149 coeli,
1151 4085 1231 4156 quae

155 4203 236 4264 nota
259 4201 343 4264 sunt
363 4192 539 4278 omnihus,
562 4214 642 4285 quae
658 4191 818 4264 civitates
836 4211 959 4262 vaouae
976 4189 1139 4282 nudaque
1159 4189 1232 4260 oul-
