3024 4802
413 389 504 439 uuun
527 387 990 438 nonusdecimus-sersaoni
1013 390 1062 438 vn.
1217 376 1271 436 531

610 642 786 708 EPISTULA
807 644 863 706 vlt.

276 813 471 866 snnnctscus
492 813 661 866 Psrnnncn
681 815 858 867 snnnclsco
879 815 985 868 rulonl
1005 817 1195 869 sanctonum

543 919 778 972 APOSTOLORU!
799 920 825 971 S.
847 921 874 971 P.
897 921 927 971 Ι).

346 1081 381 1136 Sc
397 1087 507 1138 noctem
522 1083 654 1155 praeierre
667 1083 730 1139 diei.
748 1083 781 1138 Et
795 1099 846 1154 pro
861 1083 948 1138 amico
963 1083 1122 1138 humaniter

579 1177 691 1245 recepto
706 1173 808 1245 gratias
827 1173 891 1244 agit.

292 1384 400 1455 Secus
421 1381 545 1456 accidit
564 1384 649 1455 mihi
668 1405 773 1478 quam
794 1385 921 1456 Manlio
941 1384 1077 1478 pictori,
1105 1385 1164 1479 qui
1196 1407 1276 1458 cum

198 1513 365 1578 venustas
386 1505 556 1599 imagines
574 1525 678 1578 mauu
697 1527 762 1579 sua
777 1507 899 1601 pictas,
916 1515 1035 1600 turpes
1053 1517 1170 1579 autem
1188 1505 1276 1580 fliios

196 1628 355 1714 haberet,
377 1629 628 1724 interrogatus
651 1629 736 1724 quid
760 1630 807 1702 ita
840 1629 963 1702 melius
989 1631 1149 1724 pingeret
1171 1651 1277 1724 quam
1334 1656 1344 1689 ·

195 1751 358 1848 fingeret,
373 1754 499 1848 lepidae
513 1754 698 1849 quaestioni
711 1754 877 1827 festivum
891 1753 1042 1826 reddidit
1055 1773 1276 1848 responsum:

194 1877 276 1970 quia
296 1878 332 1948 in
349 1876 501 1950 tenebris
523 1875 631 1970 fingo,
655 1877 778 1970 inquit,
801 1879 879 1949 luce
899 1887 1016 1948 autem
1045 1877 1161 1970 pingo.
1188 1875 1278 1948 Cou-

196 2011 249 2070 tra
266 2019 332 2091 ego
352 2019 434 2091 quae
454 1999 489 2068 in
508 1998 660 2072 tenebris
681 1998 786 2069 animi
806 1998 969 2070 manibus
986 1998 1080 2093 iingo
1096 2010 1132 2072 et
1151 1999 1274 2092 cogito,

195 2122 254 2192 vel
273 2119 477 2194 formosiore
498 2122 556 2192 vel
589 2120 703 2192 minus
732 2129 826 2192 certe
855 2119 1023 2192 deformia
1049 2131 1143 2206 suut,
1170 2141 1276 2216 quam
1373 2197 1386 2214 ,

195 2264 277 2338 quae
303 2244 380 2314 luce
400 2242 516 2316 media
535 2241 590 2314 his
607 2241 762 2334 digitulis
783 2241 901 2336 pingo:
919 2264 987 2315 non
1020 2243 1115 2337 quod
1143 2265 1205 2338 per
1237 2265 1277 2316 se

196 2365 306 2460 ipsam
330 2362 412 2436 mihi
433 2364 497 2436 lux
516 2373 652 2448 noceat,
675 2385 755 2458 quae
775 2385 845 2436 non
866 2363 933 2436 nisi
949 2365 1007 2436 vel
1019 2362 1120 2458 lippis
1132 2366 1191 2436 vel
1204 2385 1277 2436 ura-

196 2487 304 2561 leficis
325 2486 446 2561 odiosa
463 2498 532 2574 est,
555 2488 620 2562 scd
638 2487 720 2582 quia
737 2485 861 2559 invisis
878 2486 1162 2582 occupationibus
1180 2487 1276 2560 viam

195 2611 327 2707 pandit,
350 2635 439 2708 quas
460 2611 571 2684 amica
591 2621 627 2682 et
653 2599 761 2683 silens'
786 2618 882 2682 arcet
915 2608 1081 2704 opacitas.
1117 2609 1209 2694 Quid
1242 2618 1277 2681 te

198 2739 335 2808 morer?
352 2735 439 2809 Cum
456 2735 502 2808 ad
527 2743 560 2807 te
581 2736 689 2806 multa
721 2755 784 2829 per
817 2743 952 2805 noctem
983 2733 1128 2804 memori
1160 2733 1276 2805 animo

196 2856 398 2944 dictassem,
420 2861 498 2931 luce
515 2879 671 2944 reversa,
690 2860 825 2930 calamo
840 2875 989 2928 exarare
1006 2854 1070 2926 vix
1087 2854 1276 2948 quidquam

195 2980 269 3052 tuit.
291 2981 354 3052 Tot
369 2979 474 3052 ianua
493 2990 659 3074 personat
673 2977 811 3063 ictibus,
835 2986 884 3050 tot
906 2975 1056 3071 undique
1071 2975 1276 3049 diurnarum

196 3102 290 3174 acies
305 3124 484 3187 curarum,
503 3112 554 3175 tot
572 3103 763 3176 amicorum
781 3121 914 3196 preces,
937 3109 988 3174 tot
1007 3122 1190 3174 servorum
1225 3101 1276 3174 la·

197 3232 315 3296 menta
342 3222 643 3318 circumstrepunt.
676 3223 780 3316 Piger
806 3223 872 3296 iste
900 3223 1018 3296 multis
1048 3223 1132 3296 mihi
1162 3225 1276 3296 ventis

197 3348 291 3422 ocior
311 3349 437 3420 Bootes
455 3356 525 3420 tam
546 3347 668 3440 rapido
687 3346 785 3418 flexu
805 3345 860 3418 his
878 3347 982 3418 etiam
1002 3347 1164 3420 noctibus
1178 3349 1276 3442 plau·

198 3481 272 3544 stra
291 3480 381 3544 rotat
396 3469 557 3564 algentia.
592 3469 735 3542 Noctem
763 3488 926 3539 curarum
959 3467 1128 3540 nutricem
1164 3470 1276 3540 maxi-

199 3614 290 3664 mam
311 3593 358 3665 ait
375 3592 485 3664 Naso:
512 3590 597 3662 mihi
629 3593 692 3662 lux
724 3609 886 3660 curarum
919 3587 1106 3662 difficilium
1144 3610 1186 3661 ac
1217 3591 1277 3660 tri-

199 3715 304 3792 stium
337 3737 465 3810 parens
494 3725 564 3787 est:
594 3735 666 3786 nox
689 3711 815 3785 silentii
835 3722 872 3783 ct
894 3712 1032 3806 quistis.
1065 3714 1109 3784 Et
1138 3711 1276 3785 miraris

199 3840 294 3932 quod
310 3840 430 3932 pauds
447 3841 566 3936 placeo
582 3837 734 3910 cuicum
751 3833 872 3930 paucis
892 3835 1067 3921 convenit,
1088 3823 1144 3907 cui
1160 3835 1277 3908 omnia

198 3963 269 4034 iere
287 3963 386 4036 aliter
401 3963 565 4037 videntur
581 3963 794 4052 acvulgc‚a
818 3982 888 4054 quo
913 3981 1051 4054 semper
1077 3960 1171 4054 quod
1203 3962 1277 4030 lon·

200 4085 345 4178 gissime
364 4085 466 4158 abest
483 4085 521 4156 id
547 4085 686 4179 penitus
709 4092 840 4156 rectum
865 4083 931 4154 iter
959 4086 1109 4156 censeo?
1137 4082 1208 4156 Sed
1232 4105 1276 4155 nc

199 4228 321 4284 omues
337 4219 524 4284 nocturnos
540 4217 728 4306 conceptus
747 4206 814 4280 diei
836 4205 964 4278 matitia
980 4205 1134 4298 coegerit
1148 4203 1276 4278 aborti-
