3024 4802
344 395 438 444 LIBER
459 389 967 446 ocrtwsnltclttus.-urlsrout
988 395 1049 442 xvi.
1179 381 1233 441 511

147 533 190 606 ln
202 539 349 604 nostros
360 531 492 616 hostes,
501 529 630 624 quibus
639 528 771 600 utinam
785 547 995 612 careremus
1004 529 1119 621 potius
1131 549 1238 622 quam

147 657 186 727 in
205 655 445 751 nosmetipsos
465 653 542 726 baec
562 655 631 725 tela
649 661 842 725 vertantur.
873 651 998 722 Melius
1026 651 1085 721 bae
1105 649 1238 722 divitiae

147 777 509 850 vel‘necessariorum
529 775 693 870 praesidia
714 773 894 859 bellorum,
917 775 975 846 vel
996 772 1090 865 pacis
1111 773 1240 846 fuerint

147 906 367 981 ornamenta,
380 919 484 991 quam
494 896 941 970 voluntariaeinstrumenta
956 896 1239 980 saevitiae.Quan-

148 1031 226 1093 tum
248 1032 350 1114 potes
367 1024 538 1103 accelera3
558 1020 724 1113 quoniam
744 1018 932 1114 praeteritis
951 1039 1156 1092 succurrere
1169 1039 1239 1089 non

147 1141 246 1228 licet,
274 1141 483 1214 instantibus
514 1145 636 1213 saltem
663 1141 764 1213 malis
785 1159 936 1214 occurre.
958 1141 1033 1212 Nec
1055 1149 1237 1233 expectes,

147 1265 238 1338 dum
261 1275 333 1340 tota
351 1266 428 1338 baec
444 1265 651 1359 impendens
668 1264 749 1336 belli
770 1263 884 1336 nubes
904 1265 941 1336 in
960 1275 1119 1336 nostrum
1136 1270 1241 1356 caput

147 1387 366 1472 detonuerit,
397 1398 433 1460 et
466 1387 638 1478 sunguine
662 1389 803 1481 proprio
836 1386 933 1459 ltalia
952 1389 1067 1458 omnis
1090 1385 1240 1458 inunda-

148 1511 260 1596 verit,
278 1510 419 1604 quando
440 1509 583 1601 gemitui
603 1531 675 1580 non
696 1510 763 1582 iam
784 1509 930 1580 consilio
950 1511 1047 1582 locus
1068 1509 1143 1582 erit.
1166 1509 1241 1581 llx-

149 1632 365 1726 pergiscere,
381 1641 532 1725 tuosque
543 1631 641 1704 cives
654 1631 783 1716 excita,
797 1640 834 1702 et
846 1631 1023 1744 publicum
1041 1632 1107 1706 illis
1121 1642 1241 1704 osten-

149 1757 197 1829 de
216 1755 420 1851 periculum.
442 1757 515 1828 Hoc
544 1757 598 1828 fac
627 1757 724 1850 prius
756 1777 860 1848 quam
888 1767 1013 1828 cuncta
1038 1757 1238 1850 depereant,

149 1879 357 1972 priusquam
385 1879 431 1950 dc
460 1879 558 1950 ltalia
587 1882 644 1951 vel
671 1879 848 1950 desertum
879 1881 938 1950 vel
965 1877 1148 1951 barbaries
1168 1877 1238 1952 fiat.

150 2003 314 2073 Carene
333 2022 412 2074 cum
439 2009 565 2073 natura
584 2012 618 2074 te
643 2000 761 2074 mitem
783 1999 1034 2094 pacificumque
1062 2003 1237 2093 genuerit,

148 2125 389 2218 populumque
411 2132 508 2195 tuum
530 2143 685 2206 omnem,
718 2125 817 2196 cuius
845 2124 880 2194 in
906 2123 1116 2196 immensum
1139 2135 1241 2197 aucta

148 2247 299 2318 felicitas
312 2265 382 2320 nou
395 2245 580 2331 bellorum,
603 2246 666 2317 sed
683 2246 781 2340 pacis
798 2258 832 2318 et
849 2245 991 2318 iustitiae
1002 2247 1240 2319 fundamentis

149 2367 323 2454 innititur,
346 2369 390 2442 de
410 2369 545 2441 illorum
567 2391 675 2461 grege
700 2367 899 2450 videamini,
922 2369 990 2461 qui,
1016 2378 1054 2440 ut
1074 2369 1122 2441 ait
1141 2372 1240 2443 Psal-

149 2491 267 2576 misla,
294 2493 525 2585 copitcocrrtnt
548 2493 738 2583 iniquitates
757 2493 794 2562 in
815 2491 923 2577 corde,
952 2504 1018 2563 toto
1041 2492 1093 2564 die
1119 2497 1241 2566 const-

150 2618 289 2687 turbant
314 2618 445 2708 prolia
472 2616 523 2686 Ne
548 2618 668 2687 forsan
695 2613 854 2687 eiusdem
879 2615 1082 2713 imprecatio
1110 2617 1146 2690 in
1173 2638 1239 2690 vos

130 2739 269 2821 -cadat;
294 2735 419 2830 dissipa
442 2750 567 2828 pentes,
594 2759 666 2829 quae
692 2739 775 2808 della
800 2739 926 2810 colunt.
958 2739 1051 2811 Nihil
1076 2738 1178 2824 enim,
1202 2749 1241 2811 ut

150 2860 315 2946 arbitror,
335 2859 492 2932 odiosius
512 2863 586 2933 Deo
606 2872 661 2934 cst
681 2883 784 2956 quam
805 2881 928 2934 curare
946 2871 984 2933 et
1003 2861 1079 2948 niti,
1099 2870 1139 2934 ut
1158 2885 1238 2935 cum

149 2983 207 3055 ille
236 2994 271 3054 te
303 2984 420 3076 aliqua
453 2983 641 3076 singularis
671 2985 753 3056 dote
789 2985 930 3058 virtutis
961 2985 1152 3071 ornaverit,
1180 2997 1239 3058 tua

150 3115 276 3202 sponte
295 3116 330 3177 et
347 3109 526 3200 voluptate
552 3111 703 3201 quadam
724 3110 840 3194 effera,
875 3113 990 3183 malus
1011 3109 1087 3184 fias.
1110 3110 1239 3195 Quam-

149 3229 273 3302 obrem
299 3228 402 3300 ctiam
428 3237 533 3322 atque
558 3232 662 3301 etiam
690 3233 747 3303 bic
768 3233 906 3316 insisto,
930 3237 1056 3306 clamo:
1089 3257 1237 3328 sequere

150 3373 223 3422 non
240 3349 339 3442 vulgi
359 3351 528 3435 furorem,
551 3350 614 3422 sed
635 3361 796 3424 naturam
825 3361 919 3424 tuam
940 3352 1124 3427 dexteram
1146 3376 1239 3427 sam-

151 3496 215 3567 per
233 3473 269 3545 in
290 3484 442 3569 partem,
464 3475 562 3547 etad
583 3473 725 3546 meliora
746 3475 912 3568 quaelibet
929 3489 962 3548 tc
979 3485 1174 3550 vocantem.
1193 3479 1239 3547 Et

152 3595 183 3664 si
202 3595 407 3688 vulgaribus
426 3597 521 3670 auris
538 3599 680 3670 eoforte
699 3599 886 3693 prolapsus
900 3619 939 3670 es
961 3620 1031 3692 quo
1047 3621 1118 3672 non
1135 3621 1238 3694 opor-

152 3716 231 3802 tuit,
253 3721 392 3791 retrabe
425 3741 518 3792 nunc
544 3721 649 3794 etiam
668 3720 796 3815 pedem
822 3721 867 3791 ab
895 3723 1033 3816 incepto
1058 3721 1235 3817 praecipiti,

152 3834 236 3908 dum
256 3838 348 3926 licet,
363 3842 448 3913 dum
468 3841 622 3914 nondum
641 3841 752 3934 signis
774 3842 873 3935 signa
891 3844 1019 3916 collata
1039 3854 1130 3928 sunt,
1151 3843 1237 3918 dum

154 3967 251 4033 tonat
270 3961 384 4034 adhuc
409 3985 474 4038 neo
499 3963 583 4037 dum
609 3967 768 4038 fulminat
797 3966 890 4039 Mars
912 3966 1124 4052 horrendae,
1151 3969 1235 4040 dum

154 4080 243 4154 inter
272 4105 410 4164 amaras
443 4096 480 4157 et
512 4086 696 4159 horribiles
730 4088 810 4161 belli
839 4091 950 4162 minas
984 4091 1095 4164 audiri
1121 4103 1237 4187 potest

154 4201 393 4284 dulcissimum
412 4210 508 4304 pacis
528 4232 666 4283 nomen.
691 4211 846 4305 Denique
867 4213 950 4285 dum
973 4235 1054 4308 spes
1076 4239 1144 4290 una
1164 4226 1234 4288 tam
