2988 4800
379 385 472 434 mosa
493 382 898 436 ovoscruos-arrsronn
919 389 961 436 rx.
1152 378 1209 438 135

134 521 213 592 illud
241 530 432 592 tartareum
460 521 563 592 limen
595 521 717 593 vicinas
741 522 928 618 Babylonis
961 524 1208 616 ingrediamur.
1263 535 1268 548 “

133 646 222 717 Vale.

268 788 330 843 XII.
350 789 448 844 Kalen.
464 789 537 844 Iulii.
554 791 672 846 Genevae
688 792 790 846 moniis
804 809 819 846 o
834 790 963 847 verlice.·¹

557 1171 734 1237 urrsrom
754 1144 809 1236 x.'

178 1337 374 1386 Funnclscus
396 1336 563 1386 Parnason
584 1339 727 1386 PHILIPPO
748 1339 901 1388 EPISCOPO
924 1339 1151 1389 cnvnattcanffl

599 1443 624 1492 S.
648 1443 675 1492 P.
699 1445 728 1492 Ι).

337 1607 457 1663 Nunciat
471 1625 500 1664 se
515 1608 549 1664 ad
563 1608 671 1664 Vallem
685 1608 813 1665 Clausam
826 1610 995 1682 pervenisse.

219 1826 407 1920 Impatiens
440 1825 605 1898 desiderii
632 1826 726 1918 quod
750 1825 906 1898 absentia
932 1828 1016 1898 milri
1041 1827 1206 1901 diuturna

127 1960 317 2046 pepererat,
333 1957 437 2042 atque
451 1948 485 2018 in
498 1949 617 2044 primis
631 1950 821 2022 verendam
836 1961 1107 2045 exoptatumque
1120 1953 1205 2023 milri

126 2074 281 2145 revidere
303 2073 445 2167 cupiens
466 2073 589 2144 faciem
612 2082 720 2155 tuam,
743 2072 870 2145 deinde
892 2093 1033 2165 sparsas
1053 2096 1093 2145 ac
1114 2077 1205 2144 lace-

124 2218 177 2268 ras
199 2197 366 2289 reliquias
387 2197 592 2280 amicorum,
615 2195 766 2267 adversa
787 2204 883 2288 parte
906 2195 986 2264 anni
1013 2197 1135 2286 longas
1162 2219 1203 2266 ac

123 2319 278 2390 difficiles
294 2319 382 2402 vias,
401 2319 516 2390 animo
536 2339 662 2411 corpus
684 2316 897 2402 sublevante,
913 2317 1093 2410 complevi,
1108 2328 1146 2389 ut
1158 2316 1201 2387 de

122 2465 173 2514 me
195 2443 371 2536 poeticum
391 2441 476 2513 illud
496 2444 632 2536 proprie
652 2441 782 2514 dictum
802 2451 921 2537 putes:

444 2621 519 2686 Vicit
537 2621 594 2684 iter
611 2622 725 2684 durum
741 2622 845 2700 pietas.

217 2800 317 2869 Nunc
350 2800 394 2870 ad
419 2806 522 2893 caput
546 2798 679 2890 Sorgiae
712 2797 863 2892 quietem
897 2805 1018 2867 nactus
1054 2795 1197 2865 solitarii

121 2923 209 2994 ruris
230 2922 288 3004 tui,
310 2944 365 2992 me
383 2921 496 3017 ipsum
519 2919 563 2992 ab
583 2920 703 2992 itinere
723 2931 758 2992 et
777 2922 872 2993 fessa
892 2918 1047 2990 membra
1065 2919 1198 2989 recolli-

121 3067 175 3136 go.
197 3044 284 3115 Hinc
305 3044 410 3135 igitur
430 3045 506 3114 haec
528 3042 588 3115 tibi
606 3044 729 3137 raptim
744 3042 874 3126 scribo,
892 3066 936 3114 ne
953 3043 998 3112 ab
1015 3043 1083 3113 alio
1100 3041 1197 3135 prius

121 3167 255 3252 audias
291 3190 361 3260 quo
393 3165 563 3238 desidiam
598 3188 711 3237 meam
744 3168 880 3259 culpes:
915 3166 1047 3258 reliqua
1081 3187 1197 3237 coram

210 3348 219 3380 ⁴
240 3349 361 3400 Gelcsmc
372 3350 463 3399 montis
475 3363 488 3399 ι
500 3349 591 3399 sarlius
606 3349 727 3414 scriptum
743 3349 835 3414 legitur
850 3350 875 3400 iu
888 3351 1030 3414 apographo
1043 3353 1111 3416 quod
1130 3365 1145 3402 e
1161 3352 1198 3401 bi·

118 3430 241 3481 bliotlreca
253 3430 315 3493 lmp.
327 3429 458 3480 Parislensi
471 3429 531 3479 mihi
543 3429 697 3493 descriptum
709 3431 824 3495 quaesivi:
838 3431 929 3494 quibus
941 3432 1024 3482 verbis
1034 3431 1198 3496 designantur

119 3511 216 3561 Montes
233 3523 298 3574 quos
318 3509 467 3560 Getennlcor
484 3509 636 3574 Pomponius
651 3507 714 3559 lllela
734 3513 760 3560 ei
780 3509 923 3560 Cemmenus
943 3509 1077 3574 appellavit
1093 3510 1195 3570 Stralr0;

118 3593 191 3656 vulgo
202 3592 248 3642 Les
262 3591 398 3651 Caucasus,
411 3597 455 3642 aul
469 3590 550 3642 Monta
566 3591 727 3654 d'laoerpnc.
745 3591 900 3655 Quicumque
916 3599 1000 3642 tamen
1015 3586 1215 3642 animadvertat

118 3671 259 3724 Petrarcam
275 3671 358 3724 Padus
372 3672 510 3737 proiectum
522 3687 572 3724 oon
584 3673 648 3724 ultra
661 3674 813 3724 Avenionem
830 3672 908 3724 luisse
924 3686 1097 3736 progressum.
1114 3679 1141 3723 et
1156 3673 1196 3722 lit·

117 3757 182 3802 teras
195 3752 273 3802 irasc
296 3751 380 3803 medio
397 3752 488 3803 itinere
510 3753 609 3804 misisse
632 3753 664 3803 ad
689 3753 833 3812 Aretiuum,
855 3750 926 3802 lacile
942 3750 1066 3814 intelliget
1082 3763 1194 3800 errorem

116 3831 141 3881 in
152 3831 272 3884 codicem
283 3832 324 3884 rel
339 3833 365 3882 in
385 3833 556 3898 apographum
571 3833 712 3897 irrepsisse.
732 3834 796 3884 Sunt
813 3833 881 3884 enlm
895 3831 1030 3882 Gebennici
1042 3831 1080 3880 illi
1095 3837 1195 3882 montes

117 3913 188 3978 longe
200 3915 268 3965 ultra
280 3913 430 3964 Rhodanum
442 3913 469 3964 in
480 3914 614 3976 Arvernia,
631 3927 681 3978 quo
694 3915 818 3964 Petrarcae
830 3914 878 3964 lter
890 3911 1027 3963 nullimode
1039 3916 1193 3975 protractum

118 4000 165 4045 est.
178 3995 309 4059 sequutus
320 4007 381 4058 ergo
394 3995 428 4046 De
440 3995 541 4045 Sadlum
554 3997 628 4061 (tom.
643 3995 672 4055 3,
686 4008 741 4059 pag.
758 3994 817 4058 llll
834 3993 953 4045 Gaianae
965 3999 1076 4044 montem
1088 3993 1114 4043 in
1123 4005 1194 4044 mou·

119 4079 168 4124 tem
180 4074 299 4136 Genevoe,
312 4081 357 4126 aut
375 4076 397 4128 si
416 4077 495 4126 mavis
509 4075 611 4128 Genetoe
630 4077 777 4128 mutandum
792 4077 861 4126 duxi.
880 4077 926 4128 Est
942 4077 1009 4128 enim
1025 4077 1066 4127 lric
1082 4089 1148 4130 uuus
1161 4091 1193 4128 ex

115 4157 212 4219 Alpium
224 4158 353 4208 montibus
366 4157 409 4222 qui
421 4171 453 4208 ex
461 4157 530 4209 ltalia
538 4157 675 4209 iuGalliam
683 4157 802 4209 euntibus
811 4171 856 4222 per
866 4159 932 4208 viam
943 4157 1051 4209 Pineroli
1059 4165 1086 4209 et
1094 4158 1193 4223 Segusii

116 4238 192 4291 uibus
204 4239 306 4291 circiter
317 4252 435 4304 passuum
448 4239 558 4292 millibus
570 4241 602 4291 ab
616 4241 679 4292 urbe
691 4239 817 4303 Brigantio
828 4237 973 4305 (Briossus)
985 4239 1101 4292 occurrit.
