3024 4802
240 339 297 402 532
577 351 618 397 nn
639 350 739 400 nunus
762 350 985 401 ruuumrunns

240 511 292 573 re,
312 489 377 560 hoc
398 509 503 560 unum
526 488 616 558 scias
637 487 819 582 epistolam
842 495 936 560 tuam
961 485 1048 581 patri
1076 485 1324 582 sororibusque

241 609 451 708 persimilem
472 610 517 682 ad
538 632 593 682 me
614 610 834 702 pervenisse,
857 632 928 705 qua
947 612 1092 683 suavius
1110 611 1211 696 nihil,
1238 611 1324 683 nihil

244 733 401 808 amicius.
423 733 523 805 Sensi
544 755 591 804 ex
612 754 654 804 ea
682 731 778 827 quod
810 733 891 806 clim
923 733 1111 808 didiceram
1145 745 1322 828 expertus

240 858 390 953 qualiter
410 879 466 928 me
484 855 628 929 visurus
647 856 695 926 sis
714 855 775 949 qui
791 855 1008 950 Romipetam
1026 878 1143 928 meum
1164 856 1212 929 ita
1228 855 1325 928 vide·

243 984 304 1070 ris,
319 1005 425 1077 quem
442 1003 487 1052 ne
505 1002 631 1074 sequar
649 990 687 1051 ut
704 978 779 1075 ipse
793 979 855 1051 tibi
874 1001 971 1077 spem
987 981 1143 1066 dederat,
1157 979 1325 1072 Ligustici

242 1117 358 1178 motus
380 1104 582 1199 impediunt.
609 1101 887 1198 Expectabam
916 1125 1001 1176 vere
1032 1101 1257 1196 tranquillior,
1281 1101 1326 1173 sit

240 1240 439 1303 autumnus.
461 1229 694 1299 Procellcsum
716 1247 800 1298 sane
826 1226 924 1299 sidus
954 1227 1030 1298 haec
1058 1227 1133 1298 loca
1165 1225 1323 1320 despicit:

241 1352 414 1424 adversus
435 1350 530 1445 quod
547 1349 691 1424 remedii
709 1371 821 1442 genus
843 1349 1011 1444 optimum
1031 1351 1115 1442 iuga
1132 1358 1199 1420 est.
1224 1349 1322 1420 Heu!

240 1474 324 1568 quid
341 1474 447 1547 dixi‘l
466 1474 543 1557 Quo
563 1474 655 1545 enim
673 1483 776 1548 extra
794 1477 943 1547 tortunae
978 1472 1127 1546 tonitrua
1152 1479 1248 1566 patet
1272 1473 1326 1543 lu·

241 1598 310 1687 ga?
328 1595 441 1666 Unum
462 1615 548 1687 ergo
574 1594 758 1667 consilium
780 1604 835 1667 est
867 1595 963 1678 mihi,
1003 1604 1041 1666 ut
1070 1616 1189 1688 pacem
1220 1614 1325 1686 quam

241 1718 370 1789 frustra
390 1717 621 1810 quaesivimus
639 1727 752 1802 extra,
769 1738 972 1811 quaeramus
989 1717 1026 1787 in
1042 1717 1170 1788 intimis
1199 1715 1327 1787 animae

241 1838 398 1925 latebris,
421 1849 456 1911 et
476 1860 580 1932 quam
608 1839 759 1913 mundus
781 1838 991 1927 nonhabet,
1013 1849 1174 1936 petanms
1207 1862 1228 1912 a
1260 1839 1327 1910 llo-

232 1963 345 2036 mino.
363 1962 464 2048 Vale,
483 1964 591 2036 nostri
613 1985 757 2036 memor.

654 2381 831 2447 Epistola
853 2384 921 2446 Vlll.

310 2569 504 2620 FRANClSCUS
525 2569 694 2620 annulata
715 2571 846 2622 dumam
866 2571 1003 2622 ssarnto
1024 2572 1264 2624 sacmnlncottc

636 2675 795 2725 GENUENSI
815 2676 842 2725 S.
864 2677 892 2725 P.
913 2678 944 2726 Ι).

349 2835 429 2899 Quod
443 2834 536 2905 magni
550 2833 575 2890 is
588 2833 705 2888 aestimet
718 2847 822 2890 numen
837 2850 920 2892 suum
934 2835 978 2892 his
993 2837 1118 2910 epistolis
1130 2838 1226 2894 inseri.

343 3071 444 3154 Quod
462 3081 528 3142 tam
549 3073 666 3164 magni
685 3074 841 3145 aestimas
858 3096 986 3146 nomen
1004 3084 1101 3147 tuum
1119 3075 1154 3145 in
1169 3074 1325 3170 epistulis

245 3197 332 3267 meis
353 3196 443 3289 poni,
459 3195 545 3268 iacis
564 3204 602 3268 ut
619 3191 762 3290 reliqua.
784 3196 859 3268 Non
878 3196 969 3268 enim
988 3197 1024 3292 id
1037 3197 1150 3269 meriti
1167 3197 1246 3282 mei,
1263 3195 1326 3267 sed

244 3317 469 3411 indulgentiae
491 3328 560 3391 tuae
585 3329 652 3390 est.
673 3317 797 3412 Neque
816 3318 895 3391 ideo
916 3340 972 3390 me
992 3317 1212 3411 ingeniosum
1232 3315 1324 3390 arbi-

245 3450 332 3528 tror,
356 3443 420 3514 sed
433 3453 472 3516 te
492 3443 651 3515 amicum.
674 3441 807 3512 Seneca
824 3439 956 3514 Lucilio
974 3462 1038 3514 suo
1052 3441 1223 3528 scribens,
1241 3438 1326 3532 quud

246 3563 355 3648 libros,
384 3564 508 3660 inquit,
535 3585 623 3634 meos
643 3564 732 3634 mitti
747 3561 931 3649 desideras,
954 3585 1023 3635 nau
1047 3565 1152 3657 magis
1175 3561 1248 3634 ideo
1273 3584 1325 3632 mc

245 3683 400 3758 disertam
437 3699 518 3781 puto
554 3708 653 3779 quam
686 3687 865 3775 formosum
891 3697 1057 3779 putarem,
1088 3686 1120 3756 si
1146 3685 1326 3778 imuqiaem

245 3833 353 3881 meam
367 3821 506 3904 peteres.
528 3809 717 3900 Eleganter
733 3807 770 3881 id
789 3806 954 3903 quidem:
975 3807 1056 3902 quis
1076 3816 1131 3880 est
1151 3805 1244 3880 enim
1265 3807 1326 3901 qui

245 3954 315 4004 non
333 3931 497 4004 deformis
515 3930 625 4016 amici,
648 3953 753 4025 quam
774 3933 918 4011 formosi
943 3933 1056 4005 hostis
1073 3921 1172 4004 mulit
1203 3929 1326 4023 imagi-

245 4052 352 4121 nem?
370 4051 447 4123 Non
466 4051 561 4123 enim
579 4053 673 4145 quod
694 4053 860 4139 aestimat,
884 4053 947 4126 scd
967 4076 1038 4148 quc
1055 4053 1208 4128 aestimat
1226 4052 1326 4124 meti-

247 4177 315 4248 tur,
336 4168 472 4273 hceest
490 4191 559 4242 uon
580 4172 685 4244 'rebus
705 4173 944 4270 trahitunsed
962 4176 1096 4248 affectu.
1117 4175 1167 4248 Tu
1184 4194 1324 4267 quoque
