3002 4794
250 382 289 442 60
589 396 629 442 on
651 395 751 444 onnus
773 394 994 444 rnurmnumns

250 519 339 603 dixi,
365 526 400 589 el
421 518 552 611 saepius
572 519 849 602 addicendum,
872 541 1030 612 propera.
1057 520 1134 590 Scio
1154 530 1252 592 actus
1271 521 1330 593 tibi

249 643 384 732 placere
409 661 605 723 caesarem,
627 663 691 712 nec
713 641 905 711 immerito:
928 642 1046 735 Caesar
1066 662 1116 713 es.
1134 643 1241 735 Atqui
1261 646 1331 737 pri-

248 783 327 832 mus
349 763 466 854 opifex
492 762 629 856 Imperii
655 771 761 832 tantae
782 763 965 833 celeritatis
991 763 1102 834 luisse
1125 763 1264 850 dicitur,
1293 775 1331 836 ut

247 884 322 978 ipse
344 905 438 980 saepe
465 885 638 956 adventus
661 885 714 956 sui
740 885 886 957 nuncios
907 886 1129 977 praeveniret.
1151 888 1246 958 Idem
1267 891 1327 991 fao,

246 1018 281 1077 et
298 1031 402 1100 quem
423 1009 530 1079 titulis
549 1008 707 1100 aequasti,
730 1007 836 1078 rebus
857 1028 998 1098 aequare
1016 1016 1147 1098 satage.
1164 1009 1238 1079 Noli
1256 1033 1331 1080 am-

246 1129 335 1220 plius
363 1127 614 1199 benemeritam
641 1126 773 1198 ltaliam
806 1127 855 1196 tui
879 1125 1053 1198 desiderio
1073 1128 1235 1219 latigari;
1261 1129 1330 1201 noli

246 1250 406 1321 ardorem
425 1261 622 1321 nostrorum
641 1251 777 1322 nunciis
796 1258 831 1320 et
847 1251 1087 1342 expectatione
1104 1252 1327 1344 restringere.

246 1372 293 1441 Te
308 1395 415 1450 unum
431 1372 622 1464 poscimus3
644 1371 693 1442 tui
715 1371 841 1444 siderei
863 1374 982 1443 vultus
1001 1372 1159 1443 intuitum
1175 1375 1330 1465 postula-

245 1515 337 1564 mus.
358 1494 395 1563 Si
414 1493 554 1565 virtutis
579 1493 711 1566 amicus
730 1515 784 1578 es,
809 1493 838 1564 si
865 1495 985 1584 gloriae
1011 1493 1205 1579 studiosus,
1227 1493 1328 1566 cuius

246 1615 309 1709 (sic
329 1637 396 1706 ego
417 1614 577 1686 Carolum
596 1623 753 1684 nostrum
772 1616 936 1705 alloquar,
957 1615 1046 1685 siout
1066 1615 1188 1685 lulium
1211 1614 1329 1687 Caesa-

244 1759 318 1807 rem
339 1738 477 1807 Marcus
499 1737 630 1806 Tullius
652 1735 848 1830 alloquitur)
871 1735 1113 1807 avidissimum
1135 1747 1182 1820 te,
1206 1758 1327 1829 qnam-

244 1856 300 1927 vis
322 1857 370 1927 sis
393 1857 545 1950 sapiens,
564 1880 633 1929 uon
652 1856 807 1948 negabis,
822 1858 900 1943 noli,
921 1858 1077 1941 obsecro,
1098 1858 1251 1930 laborem
1272 1860 1327 1930 lu·

244 2000 348 2070 gere,
374 2001 454 2050 nam
480 1980 540 2072 qui
560 1980 714 2052 laborem
739 1981 844 2071 fugit,
873 1989 908 2050 et
932 1981 1077 2072 gloriam
1103 1991 1139 2051 et
1162 1981 1326 2052 virtutem

243 2100 339 2190 fugit,
363 2101 408 2172 ad
424 2122 513 2194 quas
538 2124 718 2196 nunquam
750 2101 819 2173 nisi
847 2103 958 2174 arduo
983 2111 1018 2172 et
1042 2102 1216 2174 laborioso
1240 2105 1326 2175 calle

241 2224 461 2316 pertingitur.
484 2227 534 2296 Tu
553 2247 655 2308 vero,
677 2247 782 2318 quem
803 2233 839 2297 et
863 2226 999 2296 honesti
1016 2225 1144 2296 laboris
1169 2235 1205 2296 et
1229 2247 1326 2298 verae

242 2347 355 2417 laudis
382 2347 706 2441 appetentissimum
734 2349 879 2432 scimuS,
908 2370 1014 2439 surge
1039 2369 1105 2438 age
1137 2357 1173 2419 et
1200 2370 1326 2441 aequus

242 2490 449 2558 magnorum
483 2470 676 2560 ponderum
710 2468 931 2556 distributor,
967 2470 1129 2560 graviora
1161 2470 1327 2562 quaelibet

243 2589 337 2657 aetati
358 2588 560 2682 praevalidae
581 2599 616 2659 et
632 2590 829 2661 fortioribus
850 2591 1006 2662 humeris
1027 2591 1175 2682 impone.
1198 2592 1327 2662 luven-

242 2719 299 2779 tus
319 2709 430 2780 labori
451 2718 540 2804 apta,
563 2711 632 2782 otio
650 2722 810 2783 senectus
825 2737 832 2794 ;
850 2713 1001 2806 profecto
1018 2721 1134 2783 autem
1151 2735 1198 2783 ex
1215 2712 1326 2784 omni-

241 2830 308 2903 bus
342 2833 480 2925 optimis
508 2854 549 2903 ao
579 2832 810 2903 sanctissimis
836 2837 930 2904 curis
958 2833 1027 2905 tuis
1057 2836 1151 2906 nulla
1183 2823 1326 2926 ¹gravior

241 2975 345 3045 quam
368 2963 406 3024 ut
429 2954 581 3024 italicum
602 2953 732 3039 orbem,
752 2957 936 3047 tranquilla
953 2977 1037 3048 pace
1056 2977 1255 3048 componas.
1273 2958 1325 3029 Ea

243 3074 379 3144 sarcina
396 3073 500 3145 huius
521 3075 590 3146 aevi
607 3099 669 3169 par
686 3087 755 3160 est,
776 3085 905 3148 caetera
921 3079 1052 3148 leviora
1068 3082 1173 3170 quam
1193 3085 1231 3149 ut
1248 3089 1324 3148 tan-

243 3203 313 3262 tum
327 3202 361 3263 et
371 3200 440 3263 tam
454 3216 663 3284 generosum
678 3197 830 3268 animum
839 3219 1009 3290 occupare
1021 3206 1160 3288 queant.
1171 3199 1244 3268 Hoc
1257 3199 1324 3289 igi-

241 3325 297 3386 tur
317 3315 467 3408 primum
484 3317 546 3400 fac,
562 3319 693 3411 reliqua
711 3341 814 3390 suum
832 3329 969 3412 tempus
990 3319 1176 3404 invenient,
1199 3341 1323 3413 quam-

241 3460 346 3530 quam
366 3438 502 3530 placata
523 3437 568 3508 ad
588 3442 727 3531 plenum
749 3450 784 3511 et
803 3441 993 3536 composita
1014 3440 1124 3526 ltalia,
1147 3441 1233 3512 nihil
1259 3453 1322 3514 aut

240 3561 415 3633 modicum
434 3569 550 3653 putem
577 3561 707 3652 negotii
733 3563 913 3655 supererit.
939 3564 1047 3654 Finge
1072 3587 1163 3634 nunc
1188 3563 1318 3651 anim0,

240 3689 366 3757 almam
386 3694 419 3756 te
436 3686 603 3756 Romanae
620 3685 717 3756 urbis
734 3685 881 3776 effigiem
900 3685 1043 3768 videre;
1062 3686 1174 3776 cogita
1192 3697 1322 3759 matro-

240 3831 319 3879 nam
340 3829 418 3880 aevo
440 3829 595 3900 gravem,
615 3803 737 3902 sparsa
755 3806 887 3886 canitie,
907 3807 1035 3878 amictu
1053 3809 1175 3891 lacem,
1191 3810 1319 3899 pallore

240 3931 437 4017 miserabili,
454 3931 516 4002 sed
529 3933 673 4003 infracto
694 3929 822 4014 animo,
836 3941 870 4002 et
883 3932 1034 4002 excelsae
1051 3929 1208 4021 pristinae
1224 3930 1321 4002 baud

239 4051 476 4124 immemorem
494 4053 701 4137 maiestatis,
724 4053 772 4124 ita
790 4061 904 4123 tecum
925 4051 1033 4144 loqui:
1055 4079 1070 4114 u
1092 4052 1169 4141 Ego
1183 4052 1317 4137 Caesar,

242 4197 256 4234 n
287 4193 332 4241 ne
357 4171 561 4266 despexeris
587 4175 697 4246 iratus
730 4198 799 4259 me,
827 4178 934 4248 multa
960 4175 1039 4246 olim
1073 4173 1182 4266 potui,
1211 4175 1319 4246 multa
