3078 4798
284 336 342 395 :tna
623 349 663 394 ou
686 349 786 396 nunus
808 347 1029 399 urrrrnrramus
1082 327 1086 336 '

282 486 327 555 illi
350 461 524 576 podagrici
546 493 746 553 constantes
771 481 880 554 videri
903 481 1048 563 debent3
1072 482 1135 553 sed
1155 484 1368 556 coustantio

282 627 338 678 res
364 603 504 688 mortui,
527 603 800 674 constantissimi
826 612 943 675 antem
972 611 1119 676 montes.
1141 603 1226 676 Haec
1251 601 1369 676 bacte-

282 749 359 800 nus.
394 727 496 798 Dicar
529 728 617 798 forte
647 725 692 796 ad
721 726 986 797 excusationem
1020 725 1239 816 aegritudiuis
1264 750 1369 821 argu,-

283 860 397 922 meuta
431 850 645 942 conquirere.
673 847 749 941 Ego
774 870 860 920 vero
882 870 937 920 me
964 867 1098 940 aegrum
1133 871 1203 922 non
1236 848 1369 924 inficior

282 971 490 1064 aegritudine
519 970 639 1054 animi,
667 993 736 1044 non
762 993 885 1066 parva,
922 980 1027 1065 atque
1056 971 1188 1044 utinam
1223 995 1292 1045 non
1325 974 1369 1046 ad

197 1093 200 1100 “
282 1105 441 1165 mortem:
464 1115 577 1184 neque
597 1093 685 1166 adeo
703 1093 738 1164 in
760 1103 906 1166 stratum
929 1115 1044 1166 mcum
1067 1117 1203 1168 omnem
1226 1098 1368 1189 aegritu-

281 1214 372 1287 dinis
407 1215 581 1286 infamiam
616 1225 716 1289 verto
744 1227 781 1288 ut
806 1238 863 1287 me
889 1217 1080 1290 absolvam.
1109 1219 1237 1290 lterum
1269 1218 1366 1302 dico,

283 1338 377 1438 quod
400 1337 502 1410 tacito
522 1360 578 1408 me
599 1351 755 1432 apparet,
779 1361 875 1432 aeger
897 1363 990 1412 sum:
1013 1341 1067 1411 fac
1093 1363 1148 1412 me
1174 1350 1292 1412 autem
1313 1363 1369 1414 sa-

284 1485 380 1546 num,
410 1463 517 1532 feram
544 1459 679 1544 fortine,
709 1463 772 1534 scd
806 1485 874 1535 non
908 1463 986 1536 ideo
1019 1463 1133 1536 mollis
1159 1474 1221 1536 aut
1245 1485 1386 1556 aequus

283 1588 430 1658 lectulus
446 1601 551 1658 meus
571 1585 653 1668 crit;
675 1588 823 1658 lectulus
844 1585 928 1657 vitae
954 1586 1075 1668 buius,
1098 1588 1133 1656 in
1158 1609 1229 1680 quo
1252 1590 1368 1658 fessus

283 1709 391 1790 iacco;
408 1706 493 1800 quin
506 1708 622 1801 potius
635 1729 748 1801 asper,
764 1707 970 1788 inamoenus,
990 1707 1199 1793 immundus,
1218 1708 1366 1802 iniquus,

284 1831 525 1922 scrupulosus
548 1837 584 1898 ct
604 1829 662 1920 qni
686 1818 892 1902 sanissimos
913 1829 1019 1901 eliam
1040 1829 1265 1901 vehementer
1285 1852 1368 1900 exa-

286 1951 381 2043 gitet.
406 1951 477 2021 Cur
498 1961 614 2022 tamen
632 1951 665 2020 in
683 1951 809 2024 eodem
825 1952 933 2045 aliqui
952 1953 1136 2045 quiescant
1155 1952 1283 2036 nescio,
1302 1951 1367 2022 nisi

283 2073 365 2166 quia
386 2077 535 2146 fortasse
549 2073 754 2166 profundius
770 2072 941 2167 consopiti
959 2057 1027 2145 non
1047 2074 1200 2146 sentiunt
1216 2094 1298 2167 quae
1315 2094 1367 2144 me

287 2207 460 2291 premunt,
483 2207 544 2268 aut
563 2196 650 2269 inter
676 2199 885 2290 asperitates
911 2218 1008 2268 meas
1034 2194 1165 2289 aliquid
1190 2196 1276 2268 mibi
1301 2198 1368 2266 for-

285 2342 347 2390 san
383 2321 570 2412 incognitae
602 2321 790 2415 voluptatis
824 2320 1017 2391 inveniunt.
1039 2320 1259 2412 Quamquam
1284 2317 1367 2413 quid

284 2443 444 2537 probibet
464 2444 572 2516 libere
593 2443 724 2539 opinari
748 2454 880 2516 tentum
903 2464 959 2514 me
980 2441 1136 2514 febribus
1158 2442 1272 2526 animi,
1294 2442 1368 2514 illos

284 2574 400 2638 autem
434 2588 556 2650 sanos;
583 2566 680 2659 quod
714 2566 759 2638 de
791 2565 1004 2640 doctioribus
1031 2566 1129 2638 facile
1148 2563 1367 2646 crediderim

285 2691 463 2784 populum,
486 2710 638 2781 namque
660 2711 785 2760 sanum
811 2687 934 2772 animi,
969 2709 1032 2758 uec
1065 2686 1149 2758 mibi
1182 2708 1247 2758 nec
1271 2685 1369 2758 alteri

284 2810 480 2884 crediturus
503 2811 583 2896 sim,
607 2811 672 2882 sed
693 2809 928 2881 insensibilem
954 2808 1070 2902 potius
1096 2831 1137 2880 ac
1162 2816 1368 2901 torpentem.

285 2933 441 3024 Denique
473 2930 530 3002 alii
562 2931 691 3024 quietis
716 2952 793 3004 suae
812 2954 939 3004 causas
966 2932 1095 3016 norint;
1117 2940 1234 3012 tamen
1254 2940 1369 3002 motus

287 3053 354 3124 mei
386 3073 511 3124 causas
545 3053 706 3159 attulisse
740 3055 898 3127 sufficiat.
933 3053 1003 3127 Aut
1035 3076 1102 3144 ego
1135 3055 1233 3126 fallor
1262 3053 1366 3136 enim,

286 3184 346 3246 aut
370 3194 467 3266 aeger
491 3195 603 3270 usque
630 3176 717 3250 adeo
740 3198 810 3248 non
839 3199 929 3262 sum,
957 3176 1119 3272 quamvis
1147 3197 1243 3269 aeger
1269 3176 1370 3248 valde

288 3296 374 3381 sim,
412 3297 496 3391 quin
529 3297 762 3404 quiescerem,
798 3299 865 3372 uisi
904 3317 960 3372 me
994 3322 1110 3372 rerum
1144 3321 1185 3372 ac
1216 3287 1369 3372 locorum

287 3419 458 3513 asperitas
485 3419 644 3512 agitaret.
666 3421 778 3494 Unum
805 3444 833 3493 a
853 3444 908 3494 me
931 3421 1098 3494 dictatum
1124 3422 1202 3494 aliis
1227 3419 1370 3494 remedii

287 3563 399 3634 genus
426 3540 461 3611 in
491 3562 587 3612 meos
622 3564 708 3614 usus
742 3554 882 3615 vertere
915 3542 944 3614 si
977 3545 1148 3638 potuerim
1176 3542 1367 3626 hauserit,

289 3675 328 3736 nt
359 3686 479 3760 pacem
513 3687 618 3757 quam
652 3665 809 3738 exterius
844 3687 913 3738 non
945 3667 1119 3736 inveniam
1151 3665 1245 3737 intus
1273 3684 1371 3757 quae-

289 3811 377 3872 ram,
403 3795 439 3860 et
466 3786 561 3879 quod
590 3787 624 3857 in
658 3787 743 3859 locis
770 3809 1025 3884 nonpossnm,
1051 3786 1239 3872 inanimo,
1268 3786 1371 3856 immo

287 3918 390 3981 certe
417 3906 452 3979 iu
488 3908 634 3981 Domino
670 3919 775 4004 atque
813 3910 1022 3984 illustratore
1062 3908 1168 3982 animi
1209 3907 1372 4001 conquie-

289 4054 394 4104 scam.
429 4034 477 4104 Dc
514 4033 581 4104 hoc
613 4035 712 4127 plura
750 4033 847 4106 alias.
882 4031 955 4104 Tibi
987 4053 1085 4116 vcro,
1124 4031 1253 4103 ducum
1291 4050 1372 4122 prn-

286 4152 510 4235 dentissime,
550 4175 652 4245 quem
692 4154 765 4224 sola
802 4152 953 4225 charitas
992 4150 1146 4243 cogitare
1183 4150 1228 4223 de
1266 4147 1371 4220 rebus
1437 4143 1442 4152 ’
