3062 4798
393 363 486 413 uranu
508 363 1022 417 sunrrnosonoruos——nnrsroun
1044 369 1063 416 1.
1205 357 1263 416 tta

186 527 202 563 u
231 499 396 596 virtutem
415 498 543 582 vivere,
564 508 599 570 et
615 501 647 570 ei
666 501 727 571 soii
746 502 889 572 evenire
907 523 1011 596 posse
1029 504 1087 597 qui
1107 503 1262 575 notitiam

188 649 202 684 a
232 620 294 691 Dei
312 619 440 691 habeat
455 631 489 691 et
507 622 741 708 imitationem,
763 643 826 694 nec
843 645 922 695 esse
941 625 1041 696 aliam
1060 625 1105 696 oh
1121 648 1263 700 causam

189 771 204 807 a
233 743 383 814 beatum.
411 743 561 836 ideoque
587 765 654 814 non
676 744 811 816 dubitat
831 746 896 816 hcc
916 767 997 816 esse
1019 746 1262 839 phitosophari,
1376 739 1379 746 ⁴

188 891 202 926 u
234 886 350 936 amare
375 867 507 947 Deum3
543 866 642 938 cuius
668 875 792 938 natura
826 867 871 938 sit
901 868 1145 962 incorporalis;
1175 869 1265 940 unde
1321 852 1325 860 ¹

191 1013 205 1049 r
234 988 351 1080 utique
371 987 543 1080 colligitur
563 1000 644 1060 tunc
661 991 732 1060 fore
754 990 892 1062 beatum
912 991 1107 1064 studiosum
1130 992 1266 1084 sapien·
1329 1063 1334 1074 ,

191 1134 205 1172 a
236 1107 293 1179 tiae
315 1107 362 1204 (id
389 1108 479 1179 enim
506 1119 561 1179 est
588 1109 838 1204 philosophus),
861 1133 940 1182 cum
969 1113 1034 1182 frui
1052 1114 1124 1182 Deo
1150 1112 1263 1205 coepit.

191 1258 206 1294 r
236 1230 403 1313 Quamvis
425 1231 516 1302 euim
535 1252 601 1301 non
622 1231 783 1303 continuo
805 1232 926 1303 beatus
945 1233 990 1303 sit
1006 1233 1065 1325 qui
1082 1253 1125 1303 eo
1142 1234 1267 1304 fruitur

190 1382 205 1418 a
235 1355 329 1446 quod
350 1366 443 1426 amat
461 1353 571 1448 (multi
592 1354 683 1426 enim
703 1354 851 1425 amando
872 1375 913 1424 aa
931 1375 1011 1447 quae
1031 1355 1179 1426 amanda
1198 1376 1265 1426 non

190 1504 205 1538 r
236 1485 325 1560 sunt,
345 1475 463 1546 miseri
482 1485 571 1560 sunt,
591 1485 625 1547 et
643 1475 841 1546 miseriores
859 1496 939 1546 cum
956 1475 1143 1570 fruuntur),
1164 1497 1265 1548 nemo

192 1629 206 1662 u
234 1607 357 1668 tamen
375 1595 564 1682 beatusest‚
574 1599 639 1692 qui
654 1620 696 1669 co
717 1599 813 1691 quod
831 1609 924 1669 amat
942 1621 1010 1669 non
1027 1600 1163 1668 fruitur.
1178 1599 1264 1670 Nam

191 1747 206 1783 a
234 1729 269 1790 ct
294 1718 358 1811 ipsi
384 1718 444 1811 qui
470 1739 527 1790 res
553 1741 621 1790 non
648 1720 816 1792 amandas
838 1730 969 1804 amant,
993 1742 1061 1791 nou
1085 1741 1123 1790 se
1146 1719 1266 1790 beatos

191 1869 205 1904 r
235 1863 316 1912 esse
329 1851 450 1933 putant
463 1842 620 1925 amando,
639 1842 702 1913 sed
717 1843 884 1914 fruendo:
905 1842 1065 1936 quisquis
1085 1864 1169 1933 ergo
1185 1842 1267 1913 frui-

190 1991 205 2026 »
236 1973 291 2032 tur
320 1983 363 2032 eo
389 1960 481 2054 quod
508 1973 611 2045 amat,
646 1985 841 2056 verumque
871 1975 906 2034 et
939 1987 1114 2036 summum
1137 1966 1265 2037 bonum

190 2113 205 2148 »
234 2091 336 2165 amat,
352 2081 524 2174 quiscum
538 2082 678 2156 beatum
693 2085 760 2155 nisi
777 2085 995 2155 miserrimus
1013 2089 1139 2176 neget?
1152 2085 1267 2178 ipsum

191 2235 207 2271 s
235 2217 350 2276 autem
372 2225 494 2275 verum
516 2215 551 2276 et
572 2227 744 2277 summum
769 2205 897 2275 bonum
923 2208 1019 2276 Plato
1040 2207 1123 2278 dicit
1142 2209 1265 2289 Deum,

191 2359 206 2395 s
237 2329 329 2401 unde
350 2331 426 2399 vult
445 2349 525 2400 esse
546 2328 786 2421 philosophum
808 2337 995 2400 amatorem
1017 2329 1091 2413 Dei,
1121 2337 1158 2400 ut
1182 2348 1270 2420 quo-

195 2452 330 2523 sniam
365 2451 583 2546 philosophia
613 2450 658 2521 ad
691 2450 827 2520 beatam
861 2451 967 2523 vitam
1002 2452 1121 2535 tendit,
1151 2454 1269 2523 fruens

193 2601 209 2638 r>
237 2577 308 2646 Deo
347 2573 392 2644 sit
424 2573 547 2645 beatus
580 2571 639 2666 qui
672 2576 782 2644 Deum
808 2574 987 2647 amaverit.
1018 2602 1034 2637 r>
1070 2575 1152 2646 Haec
1177 2577 1269 2668 apud
1300 2650 1304 2660 ,

188 2695 421 2787 angustinum
450 2696 621 2767 sententia
652 2695 803 2767 Platonis
825 2697 870 2768 ad
897 2697 1043 2767 verbum
1071 2700 1178 2794 pelato
1202 2709 1267 2780 est,

190 2816 247 2908 qui
275 2839 365 2888 unus
398 2839 443 2887 ex
474 2817 568 2888 omni
603 2817 888 2913 philosophorum
918 2827 1011 2888 coctu
1046 2817 1271 2910 propinquior

189 2939 335 3010 accessit
348 2940 392 3010 ad
406 2961 524 3012 veram
538 2937 642 3009 fidem
657 2966 664 3008 :
682 2962 787 3032 quem
806 2939 840 3009 in
859 2940 925 3010 hoc
944 2951 981 3010 ut
1001 2939 1033 3008 in
1056 2939 1133 3010 aliis
1152 2938 1270 3010 multis

189 3058 619 3152 complexushugustinus
632 3062 756 3133 eodem
768 3062 871 3134 libro:
886 3061 1268 3155 «Philosophiaeipsum

195 3209 210 3247 a
239 3201 374 3263 nomen,
405 3180 530 3270 inquit,
556 3182 585 3250 si
611 3183 716 3252 latine
742 3183 1009 3276 interpretemur
1035 3206 1188 3255 amorem
1216 3207 1272 3258 sa-

195 3331 211 3367 »
239 3301 379 3395 pientiae
406 3298 594 3394 profitetur.
621 3303 728 3372 Porro
755 3304 785 3372 si
812 3305 979 3397 sapientia
1005 3305 1100 3374 Deus
1120 3315 1187 3388 est,
1210 3328 1272 3398 per

121 3517 123 3524 Ι
195 3453 210 3487 n
239 3445 342 3517 quem
365 3425 453 3494 sacta
474 3431 556 3492 sunt
576 3422 704 3506 omnia,
729 3423 818 3493 sicut
835 3423 951 3494 divina
971 3425 1158 3495 auctoritas
1180 3428 1272 3496 veri-

102 3605 103 3613 ,
197 3573 212 3611 a
241 3555 366 3640 tasquc
401 3543 616 3628 monstravit,
652 3565 758 3614 verus
792 3543 1019 3637 philosophus
1051 3553 1106 3615 est
1139 3555 1271 3616 amator

197 3697 212 3734 »
240 3669 311 3740 Dei.
334 3695 349 3732 i>
374 3667 509 3753 Quibus
527 3666 610 3738 ittud
630 3667 867 3738 incunctanter
888 3664 1078 3737 addiderim
1098 3666 1190 3759 apud
1207 3687 1270 3738 nos

193 3793 251 3885 qui
271 3791 425 3883 quotidie
445 3793 594 3860 fatemur
615 3789 789 3861 Christum
815 3790 925 3878 Deum
952 3797 1121 3871 nostrum,
1149 3793 1272 3858 conse-

192 3922 338 4006 quenter
377 3911 616 4004 veraciterque
657 3910 813 3982 concludi
854 3931 978 3980 verum
1025 3908 1270 4001 philosophum

192 4032 328 4104 nonnisi
353 4055 477 4104 verum
503 4053 583 4103 esse
610 4031 847 4104 christianum.
874 4028 965 4114 Quid
991 4051 1076 4101 vcro
1102 4029 1184 4100 mihi
1212 4029 1271 4099 tri-

193 4153 291 4225 buo?
317 4154 400 4224 nihil
424 4162 479 4226 cst
504 4154 660 4226 additum
687 4175 706 4224 a
731 4175 786 4224 me
816 4162 942 4247 praeter
972 4151 1100 4225 Christi
1132 4172 1268 4223 nomen.
