<?xml version="1.0" encoding="UTF-8"?>
<!DOCTYPE html PUBLIC "-//W3C//DTD XHTML 1.0 Transitional//EN"
    "http://www.w3.org/TR/xhtml1/DTD/xhtml1-transitional.dtd">
<html xmlns="http://www.w3.org/1999/xhtml" xml:lang="en" lang="en">
 <head>
  <title>
</title>
<meta http-equiv="Content-Type" content="text/html;charset=utf-8" />
  <meta name='ocr-system' content='tesseract 3.04.00' />
  <meta name='ocr-capabilities' content='ocr_page ocr_carea ocr_par ocr_line ocrx_word'/>
</head>
<body>
  <div class='ocr_page' id='page_1' title='image "./franciscipetrar01fracgoog_0151.png"; bbox 0 0 2988 4800; ppageno 0'>
   <div class='ocr_carea' id='block_1_1' title="bbox 568 373 974 434">
    <p class='ocr_par' dir='ltr' id='par_1_1' title="bbox 568 373 974 434">
     <span class='ocr_line' id='line_1_1' title="bbox 568 373 974 434; baseline -0.01 -12"><span class='ocrx_word' id='word_1_1' title='bbox 568 377 608 422; x_wconf 79' lang='lat' dir='ltr'>bl:</span> <span class='ocrx_word' id='word_1_2' title='bbox 630 375 731 422; x_wconf 87' lang='lat' dir='ltr'>REBUS</span> <span class='ocrx_word' id='word_1_3' title='bbox 753 373 974 434; x_wconf 61' lang='lat' dir='ltr'>annumeramus</span> 
     </span>
    </p>
   </div>
   <div class='ocr_carea' id='block_1_2' title="bbox 638 669 904 734">
    <p class='ocr_par' dir='ltr' id='par_1_2' title="bbox 638 669 904 734">
     <span class='ocr_line' id='line_1_2' title="bbox 638 669 904 734; baseline -0.008 -2"><span class='ocrx_word' id='word_1_4' title='bbox 638 670 816 734; x_wconf 72' lang='lat' dir='ltr'>epistota</span> <span class='ocrx_word' id='word_1_5' title='bbox 837 669 904 731; x_wconf 89' lang='lat' dir='ltr'>Xlll.</span> 
     </span>
    </p>
   </div>
   <div class='ocr_carea' id='block_1_3' title="bbox 284 833 1261 1023">
    <p class='ocr_par' dir='ltr' id='par_1_3' title="bbox 284 833 1261 1023">
     <span class='ocr_line' id='line_1_3' title="bbox 284 833 1261 919; baseline -0.003 0"><span class='ocrx_word' id='word_1_6' title='bbox 284 871 476 919; x_wconf 77' lang='lat' dir='ltr'>FRANCISCUS</span> <span class='ocrx_word' id='word_1_7' title='bbox 498 871 667 919; x_wconf 73' lang='lat' dir='ltr'>perannat</span> <span class='ocrx_word' id='word_1_8' title='bbox 689 868 826 917; x_wconf 75' lang='lat' dir='ltr'>Nicotto</span> <span class='ocrx_word' id='word_1_9' title='bbox 849 868 1016 916; x_wconf 76' lang='lat' dir='ltr'>lucilloto</span> <span class='ocrx_word' id='word_1_10' title='bbox 1038 833 1146 917; x_wconf 79' lang='lat' dir='ltr'>MAGNO</span> <span class='ocrx_word' id='word_1_11' title='bbox 1170 869 1261 918; x_wconf 79' lang='lat' dir='ltr'>REGIS</span> 
     </span>
     <span class='ocr_line' id='line_1_4' title="bbox 398 969 1006 1023; baseline -0.007 0"><span class='ocrx_word' id='word_1_12' title='bbox 398 969 402 976; x_wconf 76' lang='grc'><strong>’</strong></span> <span class='ocrx_word' id='word_1_13' title='bbox 529 975 649 1023; x_wconf 85' lang='lat' dir='ltr'>SlClLlAE</span> <span class='ocrx_word' id='word_1_14' title='bbox 672 973 856 1021; x_wconf 80' lang='lat' dir='ltr'>SINISCALCO</span> <span class='ocrx_word' id='word_1_15' title='bbox 878 974 903 1020; x_wconf 91' lang='lat' dir='ltr'>S.</span> <span class='ocrx_word' id='word_1_16' title='bbox 926 974 953 1020; x_wconf 89' lang='lat' dir='ltr'>P.</span> <span class='ocrx_word' id='word_1_17' title='bbox 976 973 1006 1020; x_wconf 88' lang='lat' dir='ltr'>D.</span> 
     </span>
    </p>
   </div>
   <div class='ocr_carea' id='block_1_4' title="bbox 341 1165 1200 1310">
    <p class='ocr_par' dir='ltr' id='par_1_4' title="bbox 341 1165 1200 1310">
     <span class='ocr_line' id='line_1_5' title="bbox 341 1165 1200 1237; baseline -0.001 -16"><span class='ocrx_word' id='word_1_18' title='bbox 341 1168 508 1221; x_wconf 88' lang='lat' dir='ltr'>Diuturnum</span> <span class='ocrx_word' id='word_1_19' title='bbox 526 1181 608 1220; x_wconf 90' lang='lat' dir='ltr'>suum</span> <span class='ocrx_word' id='word_1_20' title='bbox 623 1165 763 1218; x_wconf 89' lang='lat' dir='ltr'>silentium</span> <span class='ocrx_word' id='word_1_21' title='bbox 778 1169 904 1233; x_wconf 85' lang='lat' dir='ltr'>excusat,</span> <span class='ocrx_word' id='word_1_22' title='bbox 921 1165 1035 1236; x_wconf 86' lang='lat' dir='ltr'>eiusque</span> <span class='ocrx_word' id='word_1_23' title='bbox 1050 1182 1095 1220; x_wconf 88' lang='lat' dir='ltr'>res</span> <span class='ocrx_word' id='word_1_24' title='bbox 1109 1171 1200 1237; x_wconf 86' lang='lat' dir='ltr'>gestas</span> 
     </span>
     <span class='ocr_line' id='line_1_6' title="bbox 652 1256 882 1310; baseline 0 -1"><span class='ocrx_word' id='word_1_25' title='bbox 652 1256 780 1310; x_wconf 82' lang='lat' dir='ltr'>laudibus</span> <span class='ocrx_word' id='word_1_26' title='bbox 794 1257 882 1310; x_wconf 85' lang='lat' dir='ltr'>effert.</span> 
     </span>
    </p>
   </div>
   <div class='ocr_carea' id='block_1_5' title="bbox 228 1505 1310 2342">
    <p class='ocr_par' dir='ltr' id='par_1_5' title="bbox 228 1505 1310 2342">
     <span class='ocr_line' id='line_1_7' title="bbox 328 1505 1309 1602; baseline -0.001 -25"><span class='ocrx_word' id='word_1_27' title='bbox 328 1509 403 1577; x_wconf 91' lang='lat' dir='ltr'>Non</span> <span class='ocrx_word' id='word_1_28' title='bbox 424 1529 583 1600; x_wconf 89' lang='lat' dir='ltr'>possum,</span> <span class='ocrx_word' id='word_1_29' title='bbox 603 1507 658 1576; x_wconf 91' lang='lat' dir='ltr'>vir</span> <span class='ocrx_word' id='word_1_30' title='bbox 675 1506 829 1598; x_wconf 80' lang='lat' dir='ltr'>egregie,</span> <span class='ocrx_word' id='word_1_31' title='bbox 846 1505 1042 1576; x_wconf 79' lang='lat' dir='ltr'>tarditatem</span> <span class='ocrx_word' id='word_1_32' title='bbox 1057 1529 1170 1578; x_wconf 90' lang='lat' dir='ltr'>meam</span> <span class='ocrx_word' id='word_1_33' title='bbox 1184 1529 1226 1579; x_wconf 87' lang='lat' dir='ltr'>eo</span> <span class='ocrx_word' id='word_1_34' title='bbox 1238 1509 1309 1602; x_wconf 79' lang='lat' dir='ltr'>olp-</span> 
     </span>
     <span class='ocr_line' id='line_1_8' title="bbox 230 1629 1309 1726; baseline -0.002 -24"><span class='ocrx_word' id='word_1_35' title='bbox 230 1654 295 1726; x_wconf 94' lang='lat' dir='ltr'>peo</span> <span class='ocrx_word' id='word_1_36' title='bbox 316 1641 498 1724; x_wconf 78' lang='lat' dir='ltr'>protegere</span> <span class='ocrx_word' id='word_1_37' title='bbox 522 1651 625 1721; x_wconf 93' lang='lat' dir='ltr'>quem</span> <span class='ocrx_word' id='word_1_38' title='bbox 654 1650 781 1719; x_wconf 83' lang='lat' dir='ltr'>magna</span> <span class='ocrx_word' id='word_1_39' title='bbox 811 1630 1016 1722; x_wconf 84' lang='lat' dir='ltr'>scriptorum</span> <span class='ocrx_word' id='word_1_40' title='bbox 1043 1629 1203 1700; x_wconf 90' lang='lat' dir='ltr'>inertium</span> <span class='ocrx_word' id='word_1_41' title='bbox 1229 1651 1309 1725; x_wconf 87' lang='lat' dir='ltr'>pars</span> 
     </span>
     <span class='ocr_line' id='line_1_9' title="bbox 229 1750 1310 1850; baseline -0.002 -26"><span class='ocrx_word' id='word_1_42' title='bbox 229 1754 428 1850; x_wconf 77' lang='lat' dir='ltr'>praetendit,</span> <span class='ocrx_word' id='word_1_43' title='bbox 452 1774 507 1822; x_wconf 88' lang='lat' dir='ltr'>me</span> <span class='ocrx_word' id='word_1_44' title='bbox 527 1751 610 1820; x_wconf 90' lang='lat' dir='ltr'>nihil</span> <span class='ocrx_word' id='word_1_45' title='bbox 633 1750 801 1821; x_wconf 89' lang='lat' dir='ltr'>babuisse</span> <span class='ocrx_word' id='word_1_46' title='bbox 819 1751 914 1843; x_wconf 92' lang='lat' dir='ltr'>quod</span> <span class='ocrx_word' id='word_1_47' title='bbox 931 1751 1127 1823; x_wconf 90' lang='lat' dir='ltr'>scriberem.</span> <span class='ocrx_word' id='word_1_48' title='bbox 1150 1751 1310 1822; x_wconf 89' lang='lat' dir='ltr'>Scriben-</span> 
     </span>
     <span class='ocr_line' id='line_1_10' title="bbox 229 1874 1308 1968; baseline -0.001 -19"><span class='ocrx_word' id='word_1_49' title='bbox 229 1879 265 1950; x_wconf 93' lang='lat' dir='ltr'>di</span> <span class='ocrx_word' id='word_1_50' title='bbox 291 1899 413 1968; x_wconf 90' lang='lat' dir='ltr'>nempe</span> <span class='ocrx_word' id='word_1_51' title='bbox 440 1874 649 1945; x_wconf 88' lang='lat' dir='ltr'>latissimum</span> <span class='ocrx_word' id='word_1_52' title='bbox 673 1874 756 1943; x_wconf 90' lang='lat' dir='ltr'>mihi</span> <span class='ocrx_word' id='word_1_53' title='bbox 776 1896 936 1965; x_wconf 88' lang='lat' dir='ltr'>campum</span> <span class='ocrx_word' id='word_1_54' title='bbox 968 1874 1078 1966; x_wconf 89' lang='lat' dir='ltr'>aperit</span> <span class='ocrx_word' id='word_1_55' title='bbox 1112 1875 1224 1946; x_wconf 90' lang='lat' dir='ltr'>virtus</span> <span class='ocrx_word' id='word_1_56' title='bbox 1250 1884 1308 1948; x_wconf 89' lang='lat' dir='ltr'>tua</span> 
     </span>
     <span class='ocr_line' id='line_1_11' title="bbox 228 1997 1310 2090; baseline 0 -20"><span class='ocrx_word' id='word_1_57' title='bbox 228 2024 298 2072; x_wconf 92' lang='lat' dir='ltr'>non</span> <span class='ocrx_word' id='word_1_58' title='bbox 318 1999 504 2071; x_wconf 84' lang='lat' dir='ltr'>familiares</span> <span class='ocrx_word' id='word_1_59' title='bbox 523 2007 656 2068; x_wconf 90' lang='lat' dir='ltr'>tantum</span> <span class='ocrx_word' id='word_1_60' title='bbox 677 1997 844 2090; x_wconf 79' lang='lat' dir='ltr'>epistolas</span> <span class='ocrx_word' id='word_1_61' title='bbox 864 1998 927 2068; x_wconf 89' lang='lat' dir='ltr'>sed</span> <span class='ocrx_word' id='word_1_62' title='bbox 943 1997 1061 2068; x_wconf 91' lang='lat' dir='ltr'>libros.</span> <span class='ocrx_word' id='word_1_63' title='bbox 1079 1998 1163 2078; x_wconf 89' lang='lat' dir='ltr'>Tam</span> <span class='ocrx_word' id='word_1_64' title='bbox 1181 2021 1310 2089; x_wconf 82' lang='lat' dir='ltr'>magno</span> 
     </span>
     <span class='ocr_line' id='line_1_12' title="bbox 229 2121 1309 2215; baseline -0.004 -21"><span class='ocrx_word' id='word_1_65' title='bbox 229 2123 321 2194; x_wconf 91' lang='lat' dir='ltr'>enim</span> <span class='ocrx_word' id='word_1_66' title='bbox 342 2134 481 2215; x_wconf 92' lang='lat' dir='ltr'>tamque</span> <span class='ocrx_word' id='word_1_67' title='bbox 501 2122 630 2192; x_wconf 89' lang='lat' dir='ltr'>invicto</span> <span class='ocrx_word' id='word_1_68' title='bbox 649 2121 764 2191; x_wconf 92' lang='lat' dir='ltr'>animo</span> <span class='ocrx_word' id='word_1_69' title='bbox 784 2130 815 2190; x_wconf 91' lang='lat' dir='ltr'>te</span> <span class='ocrx_word' id='word_1_70' title='bbox 834 2122 983 2193; x_wconf 81' lang='lat' dir='ltr'>fortunae</span> <span class='ocrx_word' id='word_1_71' title='bbox 999 2123 1237 2192; x_wconf 87' lang='lat' dir='ltr'>colluctantem</span> <span class='ocrx_word' id='word_1_72' title='bbox 1256 2121 1309 2192; x_wconf 88' lang='lat' dir='ltr'>vi-</span> 
     </span>
     <span class='ocr_line' id='line_1_13' title="bbox 228 2243 1307 2342; baseline -0.005 -23"><span class='ocrx_word' id='word_1_73' title='bbox 228 2249 303 2330; x_wconf 88' lang='lat' dir='ltr'>deo,</span> <span class='ocrx_word' id='word_1_74' title='bbox 327 2258 365 2318; x_wconf 91' lang='lat' dir='ltr'>ut</span> <span class='ocrx_word' id='word_1_75' title='bbox 386 2269 479 2342; x_wconf 86' lang='lat' dir='ltr'>saepe</span> <span class='ocrx_word' id='word_1_76' title='bbox 500 2246 650 2340; x_wconf 90' lang='lat' dir='ltr'>impetus</span> <span class='ocrx_word' id='word_1_77' title='bbox 672 2243 861 2316; x_wconf 88' lang='lat' dir='ltr'>incenderit</span> <span class='ocrx_word' id='word_1_78' title='bbox 883 2244 950 2315; x_wconf 91' lang='lat' dir='ltr'>sub</span> <span class='ocrx_word' id='word_1_79' title='bbox 968 2255 1026 2315; x_wconf 92' lang='lat' dir='ltr'>tuo</span> <span class='ocrx_word' id='word_1_80' title='bbox 1043 2243 1183 2314; x_wconf 91' lang='lat' dir='ltr'>nomine</span> <span class='ocrx_word' id='word_1_81' title='bbox 1203 2266 1307 2336; x_wconf 83' lang='lat' dir='ltr'>gran-</span> 
     </span>
    </p>
   </div>
   <div class='ocr_carea' id='block_1_6' title="bbox 183 2366 1310 4302">
    <p class='ocr_par' dir='ltr' id='par_1_6' title="bbox 229 2366 1310 4045">
     <span class='ocr_line' id='line_1_14' title="bbox 229 2366 1309 2460; baseline -0.005 -17"><span class='ocrx_word' id='word_1_82' title='bbox 229 2371 425 2443; x_wconf 85' lang='lat' dir='ltr'>diusculum</span> <span class='ocrx_word' id='word_1_83' title='bbox 451 2367 579 2460; x_wconf 87' lang='lat' dir='ltr'>aliquid</span> <span class='ocrx_word' id='word_1_84' title='bbox 609 2368 728 2450; x_wconf 92' lang='lat' dir='ltr'>ordiri,</span> <span class='ocrx_word' id='word_1_85' title='bbox 764 2377 799 2438; x_wconf 93' lang='lat' dir='ltr'>et</span> <span class='ocrx_word' id='word_1_86' title='bbox 832 2367 892 2437; x_wconf 92' lang='lat' dir='ltr'>tibi</span> <span class='ocrx_word' id='word_1_87' title='bbox 925 2376 961 2439; x_wconf 91' lang='lat' dir='ltr'>et</span> <span class='ocrx_word' id='word_1_88' title='bbox 993 2366 1076 2436; x_wconf 92' lang='lat' dir='ltr'>mihi</span> <span class='ocrx_word' id='word_1_89' title='bbox 1098 2366 1253 2438; x_wconf 91' lang='lat' dir='ltr'>debitum</span> <span class='ocrx_word' id='word_1_90' title='bbox 1274 2379 1309 2438; x_wconf 85' lang='lat' dir='ltr'>et</span> 
     </span>
     <span class='ocr_line' id='line_1_15' title="bbox 229 2488 1310 2584; baseline -0.006 -20"><span class='ocrx_word' id='word_1_91' title='bbox 229 2491 403 2564; x_wconf 88' lang='lat' dir='ltr'>communi</span> <span class='ocrx_word' id='word_1_92' title='bbox 424 2491 546 2584; x_wconf 89' lang='lat' dir='ltr'>patriae</span> <span class='ocrx_word' id='word_1_93' title='bbox 567 2514 636 2562; x_wconf 94' lang='lat' dir='ltr'>non</span> <span class='ocrx_word' id='word_1_94' title='bbox 657 2490 865 2571; x_wconf 91' lang='lat' dir='ltr'>indebitum,</span> <span class='ocrx_word' id='word_1_95' title='bbox 889 2510 969 2581; x_wconf 90' lang='lat' dir='ltr'>quae</span> <span class='ocrx_word' id='word_1_96' title='bbox 993 2510 1056 2559; x_wconf 87' lang='lat' dir='ltr'>nos</span> <span class='ocrx_word' id='word_1_97' title='bbox 1077 2492 1221 2560; x_wconf 92' lang='lat' dir='ltr'>multum</span> <span class='ocrx_word' id='word_1_98' title='bbox 1248 2488 1310 2561; x_wconf 88' lang='lat' dir='ltr'>di-</span> 
     </span>
     <span class='ocr_line' id='line_1_16' title="bbox 229 2610 1308 2705; baseline -0.003 -20"><span class='ocrx_word' id='word_1_99' title='bbox 229 2635 334 2685; x_wconf 91' lang='lat' dir='ltr'>verso</span> <span class='ocrx_word' id='word_1_100' title='bbox 357 2614 486 2695; x_wconf 90' lang='lat' dir='ltr'>sidere,</span> <span class='ocrx_word' id='word_1_101' title='bbox 511 2613 706 2704; x_wconf 87' lang='lat' dir='ltr'>tequidem</span> <span class='ocrx_word' id='word_1_102' title='bbox 728 2611 900 2704; x_wconf 84' lang='lat' dir='ltr'>gloriosos</span> <span class='ocrx_word' id='word_1_103' title='bbox 922 2621 1026 2705; x_wconf 91' lang='lat' dir='ltr'>atque</span> <span class='ocrx_word' id='word_1_104' title='bbox 1044 2610 1247 2702; x_wconf 82' lang='lat' dir='ltr'>magnificos</span> <span class='ocrx_word' id='word_1_105' title='bbox 1264 2611 1308 2682; x_wconf 91' lang='lat' dir='ltr'>ad</span> 
     </span>
     <span class='ocr_line' id='line_1_17' title="bbox 229 2737 1306 2842; baseline -0.004 -34"><span class='ocrx_word' id='word_1_106' title='bbox 229 2747 340 2821; x_wconf 89' lang='lat' dir='ltr'>actus,</span> <span class='ocrx_word' id='word_1_107' title='bbox 374 2759 428 2807; x_wconf 91' lang='lat' dir='ltr'>me</span> <span class='ocrx_word' id='word_1_108' title='bbox 454 2737 499 2808; x_wconf 95' lang='lat' dir='ltr'>ad</span> <span class='ocrx_word' id='word_1_109' title='bbox 524 2737 670 2842; x_wconf 82' lang='lat' dir='ltr'>yerbula</span> <span class='ocrx_word' id='word_1_110' title='bbox 704 2737 781 2807; x_wconf 81' lang='lat' dir='ltr'>baec</span> <span class='ocrx_word' id='word_1_111' title='bbox 813 2737 1080 2829; x_wconf 85' lang='lat' dir='ltr'>qualiacumque</span> <span class='ocrx_word' id='word_1_112' title='bbox 1113 2737 1306 2830; x_wconf 82' lang='lat' dir='ltr'>progenuit.</span> 
     </span>
     <span class='ocr_line' id='line_1_18' title="bbox 229 2858 1308 2952; baseline -0.001 -21"><span class='ocrx_word' id='word_1_113' title='bbox 229 2860 385 2933; x_wconf 84' lang='lat' dir='ltr'>Accessit</span> <span class='ocrx_word' id='word_1_114' title='bbox 405 2860 451 2930; x_wconf 91' lang='lat' dir='ltr'>ad</span> <span class='ocrx_word' id='word_1_115' title='bbox 468 2858 663 2930; x_wconf 91' lang='lat' dir='ltr'>uberiorem</span> <span class='ocrx_word' id='word_1_116' title='bbox 686 2858 754 2928; x_wconf 89' lang='lat' dir='ltr'>stili</span> <span class='ocrx_word' id='word_1_117' title='bbox 775 2859 954 2930; x_wconf 88' lang='lat' dir='ltr'>materiam</span> <span class='ocrx_word' id='word_1_118' title='bbox 981 2882 1102 2932; x_wconf 86' lang='lat' dir='ltr'>recens</span> <span class='ocrx_word' id='word_1_119' title='bbox 1127 2861 1223 2952; x_wconf 84' lang='lat' dir='ltr'>regia</span> <span class='ocrx_word' id='word_1_120' title='bbox 1240 2863 1308 2931; x_wconf 83' lang='lat' dir='ltr'>lor·</span> 
     </span>
     <span class='ocr_line' id='line_1_19' title="bbox 230 2981 1306 3076; baseline 0 -24"><span class='ocrx_word' id='word_1_121' title='bbox 230 2992 312 3054; x_wconf 90' lang='lat' dir='ltr'>tuna</span> <span class='ocrx_word' id='word_1_122' title='bbox 345 2982 413 3052; x_wconf 91' lang='lat' dir='ltr'>tuis</span> <span class='ocrx_word' id='word_1_123' title='bbox 449 3003 588 3076; x_wconf 91' lang='lat' dir='ltr'>semper</span> <span class='ocrx_word' id='word_1_124' title='bbox 621 2982 739 3051; x_wconf 90' lang='lat' dir='ltr'>adiuta</span> <span class='ocrx_word' id='word_1_125' title='bbox 772 2981 939 3066; x_wconf 83' lang='lat' dir='ltr'>consiliis,</span> <span class='ocrx_word' id='word_1_126' title='bbox 963 3004 1043 3074; x_wconf 84' lang='lat' dir='ltr'>quae</span> <span class='ocrx_word' id='word_1_127' title='bbox 1075 2983 1159 3054; x_wconf 92' lang='lat' dir='ltr'>mihi</span> <span class='ocrx_word' id='word_1_128' title='bbox 1191 2985 1306 3054; x_wconf 84' lang='lat' dir='ltr'>laetam</span> 
     </span>
     <span class='ocr_line' id='line_1_20' title="bbox 232 3102 1307 3199; baseline 0.004 -24"><span class='ocrx_word' id='word_1_129' title='bbox 232 3127 330 3199; x_wconf 90' lang='lat' dir='ltr'>spem</span> <span class='ocrx_word' id='word_1_130' title='bbox 345 3102 504 3186; x_wconf 90' lang='lat' dir='ltr'>restituit,</span> <span class='ocrx_word' id='word_1_131' title='bbox 523 3102 580 3174; x_wconf 93' lang='lat' dir='ltr'>illo</span> <span class='ocrx_word' id='word_1_132' title='bbox 598 3103 767 3188; x_wconf 88' lang='lat' dir='ltr'>incolumi,</span> <span class='ocrx_word' id='word_1_133' title='bbox 784 3127 962 3196; x_wconf 90' lang='lat' dir='ltr'>nunquam</span> <span class='ocrx_word' id='word_1_134' title='bbox 975 3106 1148 3178; x_wconf 88' lang='lat' dir='ltr'>Barbaros</span> <span class='ocrx_word' id='word_1_135' title='bbox 1162 3107 1197 3175; x_wconf 91' lang='lat' dir='ltr'>in</span> <span class='ocrx_word' id='word_1_136' title='bbox 1212 3106 1307 3179; x_wconf 88' lang='lat' dir='ltr'>ltalia</span> 
     </span>
     <span class='ocr_line' id='line_1_21' title="bbox 230 3225 1307 3318; baseline 0 -21"><span class='ocrx_word' id='word_1_137' title='bbox 230 3235 447 3318; x_wconf 81' lang='lat' dir='ltr'>regnaturos.</span> <span class='ocrx_word' id='word_1_138' title='bbox 469 3225 618 3296; x_wconf 91' lang='lat' dir='ltr'>Proinde</span> <span class='ocrx_word' id='word_1_139' title='bbox 637 3248 752 3314; x_wconf 86' lang='lat' dir='ltr'>rerum</span> <span class='ocrx_word' id='word_1_140' title='bbox 775 3238 954 3318; x_wconf 83' lang='lat' dir='ltr'>gestarum</span> <span class='ocrx_word' id='word_1_141' title='bbox 977 3230 1061 3300; x_wconf 89' lang='lat' dir='ltr'>satis</span> <span class='ocrx_word' id='word_1_142' title='bbox 1086 3241 1141 3300; x_wconf 88' lang='lat' dir='ltr'>est</span> <span class='ocrx_word' id='word_1_143' title='bbox 1166 3253 1230 3302; x_wconf 89' lang='lat' dir='ltr'>seu</span> <span class='ocrx_word' id='word_1_144' title='bbox 1254 3229 1307 3298; x_wconf 90' lang='lat' dir='ltr'>hi-</span> 
     </span>
     <span class='ocr_line' id='line_1_22' title="bbox 231 3348 1308 3446; baseline -0.001 -25"><span class='ocrx_word' id='word_1_145' title='bbox 231 3352 370 3422; x_wconf 88' lang='lat' dir='ltr'>storiam</span> <span class='ocrx_word' id='word_1_146' title='bbox 393 3348 642 3422; x_wconf 89' lang='lat' dir='ltr'>meditantibus</span> <span class='ocrx_word' id='word_1_147' title='bbox 661 3372 722 3421; x_wconf 90' lang='lat' dir='ltr'>seu</span> <span class='ocrx_word' id='word_1_148' title='bbox 740 3371 879 3444; x_wconf 90' lang='lat' dir='ltr'>poema,</span> <span class='ocrx_word' id='word_1_149' title='bbox 901 3360 937 3420; x_wconf 93' lang='lat' dir='ltr'>ut</span> <span class='ocrx_word' id='word_1_150' title='bbox 953 3351 1049 3446; x_wconf 82' lang='lat' dir='ltr'>lyrici</span> <span class='ocrx_word' id='word_1_151' title='bbox 1068 3351 1229 3422; x_wconf 88' lang='lat' dir='ltr'>carminis</span> <span class='ocrx_word' id='word_1_152' title='bbox 1248 3373 1308 3422; x_wconf 91' lang='lat' dir='ltr'>su-</span> 
     </span>
     <span class='ocr_line' id='line_1_23' title="bbox 230 3472 1309 3566; baseline -0.001 -21"><span class='ocrx_word' id='word_1_153' title='bbox 230 3474 389 3557; x_wconf 92' lang='lat' dir='ltr'>biectum,</span> <span class='ocrx_word' id='word_1_154' title='bbox 413 3473 495 3545; x_wconf 87' lang='lat' dir='ltr'>vitae</span> <span class='ocrx_word' id='word_1_155' title='bbox 518 3472 703 3543; x_wconf 90' lang='lat' dir='ltr'>serenioris</span> <span class='ocrx_word' id='word_1_156' title='bbox 725 3496 930 3565; x_wconf 91' lang='lat' dir='ltr'>morumque</span> <span class='ocrx_word' id='word_1_157' title='bbox 950 3473 1176 3557; x_wconf 89' lang='lat' dir='ltr'>dulcedinem,</span> <span class='ocrx_word' id='word_1_158' title='bbox 1204 3481 1309 3566; x_wconf 89' lang='lat' dir='ltr'>atque</span> 
     </span>
     <span class='ocr_line' id='line_1_24' title="bbox 230 3595 1309 3688; baseline -0.001 -22"><span class='ocrx_word' id='word_1_159' title='bbox 230 3596 409 3667; x_wconf 88' lang='lat' dir='ltr'>altissimae</span> <span class='ocrx_word' id='word_1_160' title='bbox 438 3607 508 3666; x_wconf 91' lang='lat' dir='ltr'>tuae</span> <span class='ocrx_word' id='word_1_161' title='bbox 534 3595 660 3666; x_wconf 92' lang='lat' dir='ltr'>mentis</span> <span class='ocrx_word' id='word_1_162' title='bbox 684 3595 960 3688; x_wconf 87' lang='lat' dir='ltr'>tranquillitatem</span> <span class='ocrx_word' id='word_1_163' title='bbox 987 3595 1309 3667; x_wconf 90' lang='lat' dir='ltr'>mansuetudinem-</span> 
     </span>
     <span class='ocr_line' id='line_1_25' title="bbox 230 3717 1308 3813; baseline -0.003 -24"><span class='ocrx_word' id='word_1_164' title='bbox 230 3742 298 3811; x_wconf 93' lang='lat' dir='ltr'>que</span> <span class='ocrx_word' id='word_1_165' title='bbox 324 3729 542 3813; x_wconf 90' lang='lat' dir='ltr'>praeteream.</span> <span class='ocrx_word' id='word_1_166' title='bbox 563 3719 812 3788; x_wconf 84' lang='lat' dir='ltr'>Verumtamen</span> <span class='ocrx_word' id='word_1_167' title='bbox 837 3718 893 3790; x_wconf 89' lang='lat' dir='ltr'>hic</span> <span class='ocrx_word' id='word_1_168' title='bbox 918 3720 1071 3790; x_wconf 84' lang='lat' dir='ltr'>calamus</span> <span class='ocrx_word' id='word_1_169' title='bbox 1092 3717 1219 3788; x_wconf 89' lang='lat' dir='ltr'>virium</span> <span class='ocrx_word' id='word_1_170' title='bbox 1241 3717 1308 3788; x_wconf 91' lang='lat' dir='ltr'>sibi</span> 
     </span>
     <span class='ocr_line' id='line_1_26' title="bbox 231 3842 1307 3936; baseline 0 -26"><span class='ocrx_word' id='word_1_171' title='bbox 231 3842 393 3913; x_wconf 88' lang='lat' dir='ltr'>conscius</span> <span class='ocrx_word' id='word_1_172' title='bbox 423 3863 578 3926; x_wconf 91' lang='lat' dir='ltr'>suarum,</span> <span class='ocrx_word' id='word_1_173' title='bbox 610 3864 717 3936; x_wconf 91' lang='lat' dir='ltr'>prope</span> <span class='ocrx_word' id='word_1_174' title='bbox 755 3843 824 3912; x_wconf 92' lang='lat' dir='ltr'>iam</span> <span class='ocrx_word' id='word_1_175' title='bbox 856 3843 974 3914; x_wconf 89' lang='lat' dir='ltr'>fessus</span> <span class='ocrx_word' id='word_1_176' title='bbox 1008 3851 1182 3925; x_wconf 89' lang='lat' dir='ltr'>veterum,</span> <span class='ocrx_word' id='word_1_177' title='bbox 1215 3861 1307 3911; x_wconf 88' lang='lat' dir='ltr'>nova</span> 
     </span>
     <span class='ocr_line' id='line_1_27' title="bbox 231 3963 1305 4045; baseline -0.001 -11"><span class='ocrx_word' id='word_1_178' title='bbox 231 3975 353 4035; x_wconf 89' lang='lat' dir='ltr'>cuncta</span> <span class='ocrx_word' id='word_1_179' title='bbox 374 3966 544 4035; x_wconf 90' lang='lat' dir='ltr'>formidat.</span> <span class='ocrx_word' id='word_1_180' title='bbox 567 3966 650 4036; x_wconf 83' lang='lat' dir='ltr'>llaec</span> <span class='ocrx_word' id='word_1_181' title='bbox 683 3988 767 4036; x_wconf 92' lang='lat' dir='ltr'>vera</span> <span class='ocrx_word' id='word_1_182' title='bbox 801 3965 926 4036; x_wconf 90' lang='lat' dir='ltr'>silentii</span> <span class='ocrx_word' id='word_1_183' title='bbox 959 3986 1066 4035; x_wconf 85' lang='lat' dir='ltr'>causa</span> <span class='ocrx_word' id='word_1_184' title='bbox 1086 3973 1150 4034; x_wconf 88' lang='lat' dir='ltr'>est.</span> <span class='ocrx_word' id='word_1_185' title='bbox 1173 3963 1305 4045; x_wconf 84' lang='lat' dir='ltr'>Habeo,</span> 
     </span>
    </p>

    <p class='ocr_par' dir='ltr' id='par_1_7' title="bbox 183 4082 1308 4302">
     <span class='ocr_line' id='line_1_28' title="bbox 230 4082 1308 4178; baseline -0.001 -23"><span class='ocrx_word' id='word_1_186' title='bbox 230 4087 354 4168; x_wconf 88' lang='lat' dir='ltr'>fateor,</span> <span class='ocrx_word' id='word_1_187' title='bbox 377 4087 462 4158; x_wconf 87' lang='lat' dir='ltr'>etsi</span> <span class='ocrx_word' id='word_1_188' title='bbox 485 4087 578 4158; x_wconf 90' lang='lat' dir='ltr'>aliud</span> <span class='ocrx_word' id='word_1_189' title='bbox 599 4109 667 4157; x_wconf 93' lang='lat' dir='ltr'>non</span> <span class='ocrx_word' id='word_1_190' title='bbox 689 4087 866 4173; x_wconf 89' lang='lat' dir='ltr'>haberem,</span> <span class='ocrx_word' id='word_1_191' title='bbox 899 4096 935 4157; x_wconf 92' lang='lat' dir='ltr'>tu</span> <span class='ocrx_word' id='word_1_192' title='bbox 965 4087 1029 4159; x_wconf 89' lang='lat' dir='ltr'>das</span> <span class='ocrx_word' id='word_1_193' title='bbox 1051 4085 1189 4156; x_wconf 86' lang='lat' dir='ltr'>abunde</span> <span class='ocrx_word' id='word_1_194' title='bbox 1214 4082 1308 4178; x_wconf 91' lang='lat' dir='ltr'>quod</span> 
     </span>
     <span class='ocr_line' id='line_1_29' title="bbox 183 4189 1308 4302; baseline 0 -24"><span class='ocrx_word' id='word_1_195' title='bbox 183 4189 185 4192; x_wconf 32' lang='lat'>⁵</span> <span class='ocrx_word' id='word_1_196' title='bbox 232 4206 402 4278; x_wconf 86' lang='lat' dir='ltr'>scribam:</span> <span class='ocrx_word' id='word_1_197' title='bbox 427 4217 563 4302; x_wconf 90' lang='lat' dir='ltr'>tempus</span> <span class='ocrx_word' id='word_1_198' title='bbox 585 4208 716 4280; x_wconf 88' lang='lat' dir='ltr'>utinam</span> <span class='ocrx_word' id='word_1_199' title='bbox 737 4209 822 4280; x_wconf 90' lang='lat' dir='ltr'>dare</span> <span class='ocrx_word' id='word_1_200' title='bbox 841 4231 979 4302; x_wconf 82' lang='lat' dir='ltr'>posses3</span> <span class='ocrx_word' id='word_1_201' title='bbox 1001 4207 1086 4279; x_wconf 94' lang='lat' dir='ltr'>illud</span> <span class='ocrx_word' id='word_1_202' title='bbox 1105 4208 1197 4279; x_wconf 89' lang='lat' dir='ltr'>enim</span> <span class='ocrx_word' id='word_1_203' title='bbox 1215 4216 1308 4279; x_wconf 85' lang='lat' dir='ltr'>certe</span> 
     </span>
    </p>
   </div>
   <div class='ocr_carea' id='block_1_7' title="bbox 0 0 1498 4800">
    <p class='ocr_par' dir='ltr' id='par_1_8' title="bbox 0 0 1498 4800">
     <span class='ocr_line' id='line_1_30' title="bbox 0 0 1498 4800; baseline 0 0"><span class='ocrx_word' id='word_1_204' title='bbox 0 0 1498 4800; x_wconf 95' lang='lat' dir='ltr'> </span> 
     </span>
    </p>
   </div>
  </div>
 </body>
</html>
