2958 4804
596 322 637 368 DE
659 321 760 368 aluus
782 319 1003 367 l'sllllllllllsst's
1075 345 1084 353 κ

681 593 857 658 Epistula
879 595 921 655 lll.

277 805 470 854 FllrlNClSCUS
488 802 656 851 Porclaca
673 801 763 850 LUCAE
781 799 959 848 sacunnoll
980 797 1181 847 Pulcnullllo
1195 797 1225 870 RS.
1243 798 1270 845 P.
1287 790 1315 845 ll·

362 988 442 1048 Dolet
456 987 490 1040 de
505 986 601 1040 sunere
616 983 697 1038 amici
712 982 904 1050 adolescentis
922 987 949 1036 et
962 982 1097 1036 iacentem
1112 981 1238 1036 animum

674 1073 781 1143 erigere
797 1077 922 1126 conatur.
997 1109 1000 1114 -

353 1315 427 1386 Nisi
448 1309 650 1408 iampridem
672 1314 900 1385 detersissem
923 1315 1040 1384 oculos
1062 1324 1097 1384 et
1116 1315 1211 1384 viam
1231 1314 1333 1404 gemi-

256 1440 348 1510 tibus
366 1439 641 1524 obstruxissem,
661 1437 929 1530 firmassemque
951 1438 1066 1509 animo
1083 1448 1230 1509 mortem
1249 1461 1333 1508 mor-

256 1561 374 1632 talium
409 1584 478 1632 non
510 1564 644 1652 lugere,
679 1560 715 1630 in
746 1563 874 1630 multas
900 1581 956 1630 me
983 1561 1141 1630 lacrimas
1174 1559 1335 1630 traxisset

255 1685 413 1778 epistolae
439 1693 510 1753 tuae
537 1692 649 1765 tenor,
677 1703 766 1772 quas
794 1691 909 1752 tamen
934 1703 1030 1770 aegre
1058 1680 1226 1763 continui,
1254 1702 1336 1773 quo

255 1805 371 1875 minus
406 1803 617 1875 suavissime
649 1801 858 1894 obrepentes
893 1812 1074 1874 assuetum
1102 1802 1148 1872 ad
1173 1801 1279 1871 limen
1304 1801 1337 1868 in

257 1926 394 1998 silentio
415 1925 653 2017 pervenirent:
675 1925 722 1995 ita
744 1925 825 1994 mihi
848 1925 1017 2004 mirabilis
1037 1947 1078 1995 ac
1100 1924 1286 2017 stupenda,
1310 1924 1337 1992 si

256 2049 341 2142 quid
366 2048 506 2120 omnino
532 2047 743 2140 stupendum
774 2056 872 2118 esset
899 2048 994 2140 quod
1025 2055 1159 2118 naturae
1183 2045 1339 2138 omnipa-

256 2173 365 2244 rentis
379 2170 525 2265 imperio
539 2170 675 2253 accidit,
691 2170 739 2241 ita
756 2147 1003 2264 intempestiva
1018 2180 1053 2240 et
1070 2169 1208 2253 acerba,
1226 2170 1255 2240 si
1273 2191 1340 2261 qua

257 2297 333 2368 dies
356 2295 485 2367 tributo
506 2294 626 2364 mortis
648 2302 744 2365 esset
769 2293 941 2386 apposita,
968 2292 1015 2364 ita
1041 2291 1193 2383 denique
1220 2312 1340 2383 repen-

257 2422 327 2490 tina
350 2430 385 2488 et
404 2438 561 2512 praeceps
583 2416 685 2487 amici
706 2416 815 2487 nostri
838 2415 937 2486 ruina
957 2416 1033 2486 visa
1054 2425 1129 2495 est;
1151 2425 1221 2484 tam
1241 2434 1340 2504 egre-

257 2543 353 2632 gium
387 2541 539 2609 iuventae
572 2538 710 2621 florem,
747 2548 816 2608 tam
843 2538 989 2609 nitidum
1015 2540 1137 2607 formae
1162 2538 1339 2618 lumen,e

258 2681 404 2742 summo,
421 2669 460 2730 ut
472 2657 674 2752 apparebat,
690 2656 960 2749 firmissimeque
972 2657 1158 2728 virentium
1172 2676 1338 2727 annorum

257 2792 363 2873 atque
384 2781 523 2874 optimae
543 2779 754 2850 valetudinis
782 2800 856 2850 suae
878 2788 986 2864 statu,
1009 2801 1078 2850 non
1101 2787 1185 2860 ιοιο,
1208 2786 1247 2847 ut
1267 2778 1340 2871 ipse

258 2903 323 2986 ais,
340 2903 441 2972 trium
461 2901 626 2972 horarum
649 2901 759 2995 spatio
779 2902 994 2984 concidisse;
1015 2924 1085 2994 quo
1107 2901 1233 2973 recenti
1252 2901 1340 2973 scili-

258 3034 312 3095 cet
327 3033 363 3095 ct
379 3027 472 3094 claro
490 3023 742 3114 notissimaque
760 3025 843 3094 mihi
860 3023 1159 3096 commonefierem
1181 3026 1340 3116 exemplo

258 3168 380 3218 verum
397 3167 479 3216 esse
496 3146 590 3238 quod
608 3147 762 3238 quotidie
779 3146 889 3217 verbo
906 3146 1070 3230 dicimus,
1090 3146 1247 3218 moribus
1265 3147 1341 3218 licet

258 3291 299 3339 ac
320 3267 444 3339 studiis
468 3290 536 3339 non
559 3269 763 3361 probemus,
785 3271 913 3339 nullam
940 3269 975 3338 in
1001 3268 1107 3340 rebus
1134 3270 1340 3341 transitoriis

258 3411 357 3483 spem
372 3389 585 3476 habendam,
604 3400 640 3462 et
660 3391 833 3462 adversus
853 3402 1006 3476 mortem,
1024 3403 1152 3484 praeter
1169 3392 1252 3463 vitae
1269 3416 1340 3465 me

258 3513 362 3583 ritum
380 3535 422 3583 ac
439 3512 661 3584 conscientiae
673 3514 871 3605 puritatem,
887 3515 1019 3584 nullum
1033 3515 1171 3605 penitus
1187 3537 1270 3586 esse
1287 3537 1340 3586 re-

256 3634 422 3706 medium.
444 3634 536 3717 Quid
556 3634 647 3703 enim
670 3635 752 3703 mihi
775 3634 898 3706 medici
918 3635 1137 3729 pollicentur,
1153 3658 1242 3728 quos
1260 3659 1339 3732 pas·

257 3757 322 3826 sim
337 3757 424 3826 mori
438 3755 628 3840 cernimus,
644 3777 861 3850 semperque,
874 3757 969 3850 quod
982 3758 1049 3829 iam
1063 3758 1098 3827 in
1115 3759 1338 3850 proverbium

258 3877 357 3963 abiit,
379 3881 526 3973 pallere,
550 3900 612 3948 nec
633 3878 745 3949 rarius
759 3888 936 3970 aegrotare
952 3901 1056 3972 quam
1075 3883 1245 3952 caeteros?
1262 3881 1339 3952 Sola

257 4000 369 4070 virtus
391 4000 503 4070 nescit
523 3999 710 4070 interitum.
733 4000 823 4084 Quid
844 4011 973 4086 autem,
991 4021 1127 4094 quaeso,
1146 4002 1258 4074 amico
1279 4025 1338 4074 no

259 4129 330 4188 stro
363 4119 506 4190 deerat?
537 4130 573 4190 et
606 4132 722 4193 tamen
754 4123 839 4216 quid
870 4123 936 4194 sibi
966 4133 1053 4196 actas
1083 4125 1224 4217 profuit,
1256 4124 1339 4217 quid
