2988 4800
269 370 327 429 lll
609 381 648 426 ns
671 379 770 427 nunus
791 378 1011 426 rnurnunmus

269 519 354 590 tanti
375 519 474 588 amici
495 517 631 602 litteris
655 519 802 588 alterum
821 517 903 585 mihi
920 517 1065 602 dictum,
1086 520 1231 588 alterum
1251 520 1295 590 ad
1313 529 1342 589 te

268 641 434 734 praesenti
455 642 600 723 calam0,
623 639 679 708 oui
701 640 764 710 bac
791 639 824 709 in
851 662 888 709 re
914 640 1098 733 plurimum
1121 640 1210 725 fidit,
1232 645 1344 737 perle-

270 764 414 834 rendum
435 763 512 854 legi.
535 765 585 832 De
606 784 686 855 quo,
710 763 788 833 licet
807 764 843 832 in
864 763 969 833 rebus
996 763 1157 834 humanis
1183 765 1232 834 nil
1257 765 1345 835 diffi-

268 884 367 954 cilius
402 884 507 954 sciam
541 907 645 976 quarn
678 884 964 956 consuetudinem
999 885 1184 956 radicatam
1207 895 1346 980 repente

270 1009 477 1092 convellere,
501 1007 709 1092 sententiam
727 1017 842 1078 tamen
864 1031 973 1079 meam
993 1017 1052 1079 tuo
1068 1010 1233 1081 utendam
1257 1010 1348 1080 arbi-

269 1129 334 1200 trio
355 1131 472 1221 paucis
504 1130 629 1221 accipe.
665 1131 794 1213 Sentis,
830 1130 1030 1202 acutissime
1061 1132 1116 1202 vir
1138 1131 1233 1224 (quis
1255 1133 1347 1202 enim

270 1283 338 1330 non
360 1257 484 1327 sentiat
504 1279 573 1348 quo
593 1255 734 1326 assidue
755 1254 958 1349 premiturll
984 1255 1091 1325 sentis
1112 1255 1195 1326 illud
1216 1256 1348 1346 grande

269 1379 468 1461 discrimen,
509 1377 591 1449 illud
629 1400 739 1468 grave
772 1379 968 1468 negocium,
1009 1378 1104 1470 quod
1139 1378 1347 1449 intrantibus

270 1504 363 1574 viam
384 1502 466 1571 vitae
486 1501 591 1571 huius
613 1500 783 1571 obiicitur.
814 1501 974 1592 Longum
1001 1500 1066 1571 iter
1091 1523 1347 1593 asperumque,

270 1625 379 1695 breve
400 1633 539 1716 tempus
561 1624 763 1706 adversum,
786 1624 964 1694 dexterior
982 1635 1110 1694 trames
1129 1625 1271 1708 arduus
1291 1646 1350 1694 an-

270 1757 405 1836 gustus,
430 1743 645 1837 vepricosus‚
670 1766 848 1836 scrupeus.
868 1745 919 1813 Ea
936 1744 1035 1817 nobis
1049 1745 1094 1816 ad
1108 1766 1226 1816 veram
1241 1744 1348 1816 vitam

271 1868 396 1938 semita
416 1874 486 1936 est:
509 1874 544 1934 at
563 1868 653 1936 laeva
675 1869 839 1936 mulorum
860 1878 992 1936 emarcet
1016 1891 1146 1959 paenos,
1169 1879 1200 1936 et
1221 1867 1264 1937 ud
1288 1871 1350 1938 im-

270 1995 330 2085 pia
351 2003 477 2061 tortura
498 1991 606 2074 mittit,
633 1992 728 2084 quod
753 2014 816 2062 nec
841 1993 937 2062 llaro
964 2002 1084 2063 noster
1109 1993 1258 2082 ignorat,
1286 2013 1349 2062 nec

270 2117 488 2212 Pythagoras
509 2115 705 2206 ignorabat,
728 2114 812 2185 dum
834 2114 953 2187 Cadmi
979 2115 1138 2205 vestigiis
1171 2115 1347 2194 insistens,

273 2239 454 2335 scripturae
489 2259 753 2331 supervacuam,
785 2239 848 2308 sed
881 2237 964 2309 vitae
990 2236 1109 2308 utilem
1134 2237 1284 2307 litteram
1317 2237 1349 2305 in

232 2409 234 2414 -
271 2361 397 2432 incude
417 2361 546 2452 ingenii
569 2360 932 2454 marlanenaicornis
953 2370 988 2431 et
1008 2360 1219 2453 exemplaris
1237 2361 1349 2429 littera

273 2485 398 2554 dextro
419 2505 527 2554 cornu
552 2486 678 2554 arctior
711 2483 820 2555 tendit
851 2485 895 2554 ad
932 2482 1061 2554 sidera:
1083 2485 1173 2552 laevo
1193 2483 1294 2554 latior
1318 2483 1351 2552 in

274 2619 400 2678 terram
422 2616 568 2677 curvata
588 2606 792 2689 reflectitur;
814 2628 867 2691 ea,
891 2607 1060 2686 ululant,
1084 2606 1128 2676 ad
1149 2606 1277 2690 inferos
1299 2616 1353 2675 est

275 2730 346 2812 via,
369 2737 404 2798 et
429 2729 483 2798 illa
519 2729 659 2822 quidem
694 2729 833 2800 incessu
866 2729 977 2800 laetior
1010 2751 1049 2799 ac
1082 2728 1232 2810 dulcior,
1255 2727 1352 2798 exitu

275 2852 501 2942 moestissima
528 2862 634 2944 atque
667 2851 887 2923 amarissima
911 2861 980 2936 est,
1009 2851 1109 2923 cuius
1124 2881 1127 2886 ’
1142 2852 1282 2922 omnino
1307 2851 1354 2920 uil

274 2976 385 3068 possit
407 2974 557 3044 miseriae
581 2973 777 3066 superaddi.
801 2975 968 3045 Dextrum
987 2997 1072 3046 vero
1089 2974 1155 3044 iter
1172 2974 1352 3065 ingressis

275 3104 313 3163 ut
334 3095 431 3164 labor
451 3095 586 3186 ingens,
611 3096 660 3166 sic
681 3093 760 3166 linis
779 3096 940 3190 optimus.
960 3097 1029 3167 Sed
1046 3097 1109 3166 vix
1127 3119 1279 3188 uuquam
1300 3119 1356 3167 sa-

276 3217 319 3286 tis
339 3227 463 3287 exacta
484 3219 642 3288 custodia
662 3241 741 3289 esse
762 3227 890 3315 potest,
907 3229 948 3304 ¹et
967 3241 1066 3312 paene
1087 3218 1257 3311 quidquid
1273 3241 1356 3288 cau-

277 3339 379 3410 tionis
401 3353 461 3409 aut
478 3340 668 3431 diligentiae
689 3341 882 3425 adhibetur,
905 3341 1020 3412 minus
1034 3353 1087 3412 est
1102 3363 1205 3432 quam
1220 3350 1356 3433 oportet

277 3486 339 3557 pro
359 3464 523 3557 qualitate
540 3466 690 3556 periculi.
714 3467 777 3536 Tot
796 3487 965 3559 passuum
994 3464 1180 3545 horrenda,
1205 3472 1253 3534 tot
1279 3486 1357 3554 per-

276 3588 392 3681 plexa,
417 3596 466 3659 tot
482 3586 624 3670 lubrica,
641 3596 710 3658 tam
724 3590 842 3658 multae
860 3586 1128 3667 dehortantium,
1149 3594 1217 3655 tam
1236 3587 1356 3655 multae

278 3710 506 3781 detinentium
528 3733 567 3780 ac
589 3712 838 3782 retrahentium
861 3733 975 3782 rerum
997 3707 1135 3782 formael
1159 3708 1273 3800 Atque
1292 3709 1359 3782 uti-

279 3822 359 3904 nam
380 3836 437 3906 vel
458 3857 594 3904 summa
620 3834 785 3927 temporis
811 3833 990 3928 parcitate,
1018 3844 1053 3904 et
1079 3832 1256 3902 inutilibus
1284 3853 1359 3904 sar-

280 3956 365 4027 cinis
383 3957 536 4041 abiectis‚
559 3959 647 4028 inter
665 3969 714 4030 tot
732 3957 880 4030 adversa
899 3957 981 4028 nudi
1002 3955 1233 4048 expeditique,
1252 3976 1357 4046 quem

280 4077 533 4150 destinavimus
555 4057 740 4151 terminum
762 4080 1075 4176 apprehendamus.
1102 4076 1238 4151 bliraris
1264 4077 1360 4170 quod

281 4196 327 4270 ita
347 4201 452 4270 velim
486 4212 519 4270 te
551 4202 809 4272 notissimorum
831 4176 1101 4293 exaggeratione
1121 4201 1358 4272 discriminum
