3002 4794
255 303 273 362 ⁹2
591 317 631 364 ns
652 317 753 365 annus
775 316 995 366 rnuurnnrnus

255 461 452 552 lmportuna
474 467 589 531 tamen
606 462 684 531 haec
704 457 831 531 nuncia
852 457 887 526 in
907 461 972 531 hoc
992 480 1062 530 uno
1082 458 1166 528 mihi
1187 480 1226 531 se
1238 481 1335 553 prae-

241 577 329 653 ¹buit
349 580 529 666 mitiorem,
549 584 643 676 quod
660 607 728 654 non
741 584 838 679 prius
856 581 1072 675 aegritudinis
1085 604 1189 674 quam
1202 605 1336 655 conva-

254 705 430 776 lescentiae
451 713 521 776 tuae
542 706 697 778 notitiam
715 707 870 797 ingessit.
893 705 1098 776 Surrexisse
1109 704 1214 776 didici
1226 729 1334 799 quem

253 827 422 899 cecidisse
442 828 668 900 nesciveram.
691 830 742 899 lta
761 830 806 900 de
823 827 986 921 praesenti
1006 830 1122 912 laetuS‚
1141 826 1184 899 de
1204 840 1335 923 praete-

253 951 320 1021 rito
339 950 409 1022 iam
428 973 571 1022 securus
596 950 727 1045 (nullus
746 960 801 1021 est
820 950 911 1020 eninr
934 959 1063 1034 metus,
1086 953 1180 1022 nulla
1206 953 1333 1022 sollici-

254 1073 338 1144 tudo
358 1073 552 1167 praeteriti),
577 1084 722 1167 stupens
744 1084 858 1144 tamen
875 1083 910 1142 et
930 1072 1040 1143 veluti
1059 1073 1117 1164 qui
1136 1086 1334 1169 praeruptas

253 1197 433 1286 angustias
454 1197 614 1267 incautus
636 1196 803 1280 evaserit,
826 1196 991 1267 attonitus
1013 1194 1142 1279 haere0,
1165 1207 1200 1266 et
1218 1197 1334 1266 oonsi-

254 1319 430 1389 deratione
450 1319 548 1390 vitati
565 1319 775 1391 discriminis
793 1319 959 1411 gaudens,
979 1329 1099 1389 tremo.
1117 1318 1169 1387 llli
1189 1319 1330 1410 gratias

253 1441 314 1534 qui
333 1451 368 1513 et
386 1443 588 1536 sospitatem
611 1451 706 1513 tuam
723 1463 851 1537 passus
871 1452 926 1512 est
946 1441 1083 1524 tentari,
1103 1462 1167 1510 nec
1183 1450 1239 1511 est
1250 1463 1333 1535 pas-

254 1587 316 1636 sus
329 1565 442 1651 obrui,
463 1588 507 1637 ne
524 1565 624 1658 gravi
639 1587 704 1636 nos
718 1565 926 1658 opprimeret
941 1585 1104 1646 moerore,
1121 1562 1184 1633 sed
1197 1572 1235 1632 ut
1246 1585 1334 1655 gau-

253 1688 349 1761 dium
368 1691 550 1760 cumulans
576 1689 743 1781 periculo,
776 1698 811 1758 et
842 1709 906 1759 nos
934 1687 1078 1782 posthac
1112 1686 1163 1755 tui
1196 1709 1334 1781 semper

254 1809 442 1895 avidiores
464 1821 499 1882 et
524 1822 558 1882 te
582 1811 682 1883 nobis
709 1811 862 1882 efficeret
882 1811 1059 1881 cariorem.
1080 1810 1226 1881 Nostras
1248 1832 1332 1882 sane

252 1933 419 2018 Pierides,
444 1936 473 2005 si
494 1933 569 2004 fieri
589 1935 714 2028 possit,
736 1932 930 2029 optaverim
956 1932 1125 2026 tantisper
1145 1934 1331 2006 herbarum

254 2057 374 2127 notitia
392 2068 623 2152 permutasse,
646 2078 716 2148 quo
735 2054 796 2126 tibi
817 2056 948 2149 aliquid
967 2057 1003 2127 in
1028 2055 1095 2127 hoc
1120 2068 1214 2129 statu
1239 2059 1333 2129 salu-

254 2181 363 2252 tilerae
376 2180 452 2274 opis
465 2165 668 2274 impertirer.
680 2181 860 2265 Caeterum,
869 2180 962 2274 quod
971 2203 1037 2272 ego
1050 2204 1156 2276 posse
1168 2205 1332 2275 cuperem

188 2317 190 2322 '
254 2305 284 2374 is
304 2303 364 2396 qui
384 2303 429 2374 ad
449 2313 483 2374 te
502 2303 648 2374 mittitur
673 2303 820 2395 insignis
853 2303 1034 2399 physicus
1056 2306 1129 2395 Deo
1146 2306 1330 2397 aspirante,

254 2423 447 2518 praestabit,
470 2434 516 2508 et,
539 2422 632 2516 quod
653 2423 718 2494 hoc
742 2445 880 2517 quoque
906 2426 941 2492 in
966 2426 1132 2497 remediis
1158 2446 1228 2494 non
1253 2426 1333 2495 ulti-

253 2569 349 2618 mum
362 2544 472 2639 ponis
486 2565 553 2635 ego
566 2545 650 2637 ipse,
665 2565 743 2614 curn
758 2545 906 2637 primum
919 2543 1067 2629 dabitur,
1090 2566 1227 2636 sequar.
1247 2545 1332 2615 Uni-

255 2692 334 2742 cum
356 2668 492 2739 interim
510 2667 715 2752 antidotum,
738 2668 831 2760 quod
853 2670 949 2763 apud
960 2657 1113 2739 medicos
1126 2679 1265 2740 nostros
1280 2669 1332 2752 in-

254 2793 366 2876 venio,
390 2789 585 2890 hisulitteris
606 2790 830 2862 inserendum
847 2791 948 2875 duxi,
973 2792 1067 2884 quod
1092 2791 1124 2863 si
1145 2791 1237 2876 bona
1262 2791 1332 2864 fide

255 2915 426 2999 hauseris,
450 2913 570 2985 sanius
591 2935 612 2984 a
637 2934 812 3006 quoquam
845 2912 1050 3008 Hippocrate
1079 2914 1262 2986 consilium
1287 2935 1331 2984 ne

256 3060 387 3134 speres.
410 3039 475 3108 Est
491 3047 608 3108 autem
628 3057 675 3106 ex
695 3036 750 3107 his
768 3039 876 3107 ferme
898 3039 1092 3110 conlectum
1107 3037 1227 3108 rebus:
1247 3037 1331 3108 utin

255 3161 376 3255 primis
402 3169 436 3232 te
454 3160 569 3254 ipsum
586 3171 622 3231 et
634 3182 691 3231 res
707 3169 784 3231 tuas
799 3159 917 3232 divino
930 3162 1053 3230 volens
1067 3159 1262 3231 committas
1276 3181 1332 3230 ar-

256 3283 372 3355 bitrio:
393 3284 547 3355 animum
568 3284 613 3355 ad
629 3285 756 3356 coelum
780 3283 910 3375 erigas
938 3294 974 3354 et
998 3283 1033 3352 in
1059 3282 1116 3354 illo
1141 3281 1230 3374 figas
1256 3283 1331 3378 spei

256 3429 417 3478 ancoram
448 3429 469 3477 a
500 3429 570 3500 quo
589 3430 660 3479 uno
680 3429 749 3478 non
776 3407 887 3477 solum
912 3405 1068 3498 accipere
1094 3416 1193 3499 potes
1219 3417 1259 3477 ut
1283 3406 1331 3478 sis

258 3532 392 3614 salvus,
416 3529 479 3600 sed
498 3539 537 3600 ut
557 3551 657 3600 esses
683 3528 814 3622 aliquid
846 3528 1026 3621 accepisti3
1056 3552 1169 3624 neque
1194 3528 1330 3602 diffidas

257 3665 416 3726 extrema
433 3661 491 3724 tua
512 3650 696 3743 magnifiee
722 3663 937 3737 curaturum,
965 3652 1024 3745 qui
1046 3662 1178 3724 tantam
1199 3650 1242 3720 de
1261 3646 1331 3742 pri-

258 3777 402 3848 mordiis
423 3798 541 3848 curam
576 3774 700 3866 gessit;
735 3776 908 3868 simulque
941 3786 980 3846 nt
1012 3775 1182 3864 intelligas
1207 3769 1331 3843 decere

258 3895 373 3966 virum
399 3900 522 3970 fortem
549 3909 584 3970 et
608 3901 755 3970 fortunae
775 3897 905 3993 praeliis
927 3899 1168 3978 assuefactum,
1190 3893 1331 3965 morbos

259 4039 300 4091 ac
320 4028 464 4090 mortem
485 4031 520 4092 et
539 4022 696 4092 mortalia
716 4031 839 4094 cuncta
860 4020 1051 4112 despicere,
1080 4038 1186 4110 supra
1210 4017 1332 4090 huma-

260 4163 322 4214 nos
344 4163 422 4212 sese
442 4162 546 4212 casus
568 4142 670 4213 animi
692 4142 755 4214 alis
782 4144 1007 4224 attollentem,
1035 4139 1094 4231 qui
1115 4161 1217 4233 saepe,
1236 4161 1332 4232 aegro
