2958 4804
360 380 453 428 unum
475 373 980 438 uulnrusunornus.·-urlsronu
1001 376 1021 427 r.
1170 365 1230 430 265

157 516 199 586 lis
220 509 384 608 loquitur,
404 535 506 586 nemo
524 535 591 584 nnn
609 535 730 609 parum
749 515 889 606 cogital3
908 513 1000 586 unde
1017 511 1056 585 fil
1073 521 1110 586 ut
1122 515 1232 588 verba

155 635 345 731 composita
361 637 608 709 dissimilitudo
625 637 747 730 ingens
761 645 899 708 actuum
913 648 1158 731 consequatur,
1178 650 1232 711 ut-

156 783 238 853 que,
260 762 308 832 alt
333 761 463 846 Cicero,
498 784 577 832 eum
609 761 680 833 vita
712 760 917 832 mirabiliter
950 773 1081 855 pugnet
1110 766 1230 837 oratio.

156 882 255 953 Unde
283 892 398 954 autem
430 882 560 968 ordiar,
592 881 736 971 nisiab
764 882 807 954 iis
840 903 921 976 quae
950 884 1103 971 maxime
1123 885 1230 956 vitam

157 1014 264 1089 tuam,
287 1005 539 1098 gloriosissime
559 1015 668 1100 pater,
690 1027 875 1099 meamque
901 1007 1171 1092 circumsonant,
1195 1015 1233 1079 ut

156 1129 338 1221 intelligas,
353 1151 417 1214 me,
431 1130 511 1201 licet
528 1129 644 1202 multis
661 1129 860 1224 implicitum
878 1139 913 1202 el
929 1129 1115 1202 obsessum
1128 1130 1231 1216 curis,

158 1269 253 1343 saepe
270 1261 385 1322 tamen
398 1249 442 1322 ad
457 1261 490 1322 te
502 1253 620 1324 oculos
638 1251 826 1338 reflectere,
841 1253 1093 1347 interdumque,
1110 1275 1234 1347 quam-

157 1374 210 1445 vis
238 1376 346 1466 vulgo
377 1375 526 1447 fortasse
552 1375 662 1448 durus
683 1375 819 1461 videar,
850 1387 885 1447 et
918 1377 1073 1448 laborem
1100 1377 1233 1452 itineris

158 1497 285 1569 sentire
318 1509 353 1570 et
386 1499 572 1572 terminum
606 1499 783 1591 cogitare?
803 1500 931 1571 Sumus
956 1499 1117 1593 quidem,
1139 1503 1234 1598 quod

156 1641 258 1695 nemo
278 1623 405 1694 elarius
426 1645 531 1716 quam
565 1632 603 1694 lu
635 1623 744 1708 videt,
767 1641 890 1695 omnes
920 1623 981 1717 qui
1010 1624 1100 1696 hanc
1125 1624 1233 1698 vium

157 1747 294 1840 agimus
322 1749 487 1831 viatores,
513 1746 558 1819 de
583 1747 715 1818 itineris
745 1746 931 1844 asperitate
955 1747 1162 1834 certissimi,
1189 1750 1234 1822 de

157 1871 307 1965 hospitio
327 1870 463 1942 incerti:
490 1879 525 1940 et
551 1870 631 1941 huic
655 1870 840 1942 conditioni
865 1892 968 1943 nemo
989 1893 1133 1965 prorsus
1159 1871 1235 1944 exi-

157 1993 275 2078 mitur,
302 2013 365 2065 seu
387 1993 442 2064 ille
467 1990 625 2087 hispidus
646 1992 809 2086 agricola,
833 2013 895 2065 seu
916 2003 1036 2086 pastor
1060 1994 1233 2079 hirsutuS,

158 2138 221 2188 seu
254 2126 424 2188 mercator
460 2115 643 2200 instabilis,
680 2137 743 2187 seu
770 2114 954 2187 immobilis
984 2117 1142 2202 eremita,
1172 2089 1249 2191 seu

157 2237 338 2310 mendicus
361 2241 524 2334 supplex,
552 2261 616 2311 seu
639 2237 740 2310 dives
770 2238 938 2322 insolenS,
967 2260 1033 2310 seu
1060 2239 1235 2312 Gallorum

158 2382 236 2446 rex,
261 2383 325 2434 seu
346 2382 511 2434 romanus
529 2360 718 2455 imperator
738 2360 853 2432 luerit:
876 2369 911 2432 et
936 2382 1074 2431 rursum
1097 2382 1159 2432 seu
1179 2361 1236 2434 ille

157 2483 298 2556 humilis
320 2481 496 2568 sacerdos
517 2505 580 2555 seu
603 2481 867 2554 archidiaconus
888 2483 1145 2570 intumescens,
1173 2505 1236 2556 seu

160 2607 291 2699 praesul
307 2606 445 2691 elatior,
462 2627 525 2678 seu
543 2614 653 2692 tuum,
669 2606 735 2677 hoc
753 2613 808 2676 esl
825 2604 959 2676 romani
977 2605 1141 2692 cardinis
1156 2627 1237 2700 gra-

159 2728 241 2800 dum
260 2740 398 2814 nactuS,
421 2751 485 2801 seu
505 2729 656 2822 denique
677 2727 877 2828 pontificum
898 2727 1085 2813 maximus,
1103 2728 1158 2799 cui
1175 2751 1239 2822 po-

159 2855 319 2948 pulorum
338 2853 519 2925 admiratio
536 2854 639 2946 Papae
656 2873 784 2924 nomen
800 2850 905 2923 dedit.
924 2851 1066 2937 Omnes,
1085 2849 1236 2943 inquam,

160 2976 289 3070 pariter
309 2976 462 3048 viatores
484 2997 625 3061 sumus,
655 2975 723 3046 nisi
749 2975 844 3068 quod
877 2995 941 3046 vos
973 2977 1068 3047 celso
1100 2975 1239 3067 lateque

160 3108 358 3192 conspecto,
380 3119 444 3169 nos
469 3095 644 3168 humiliori
663 3098 750 3169 calle
780 3107 906 3169 metam
928 3097 1093 3190 petimus,
1115 3097 1163 3168 ita
1189 3106 1241 3168 ta-

161 3243 240 3293 men
263 3230 302 3293 ut
318 3221 433 3294 adhuc
453 3224 555 3314 longe
573 3219 640 3292 sub
657 3221 804 3314 pedibus
823 3218 952 3292 nostris
970 3222 1093 3314 ingens
1113 3230 1149 3293 et
1168 3219 1241 3290 ine-

161 3345 345 3416 narrabilis
379 3344 424 3416 sit
455 3343 689 3416 itinerantium
722 3342 919 3428 multitudo,
956 3353 994 3413 ut
1022 3343 1071 3413 illi
1099 3341 1239 3436 quidem

163 3467 239 3540 imis
268 3477 304 3541 et
336 3467 493 3540 obscuris
519 3467 683 3551 vallibus,
705 3489 769 3538 vos
796 3489 858 3559 per
879 3467 967 3536 altos
988 3485 1028 3535 ac
1047 3463 1239 3536 laboriosos

163 3591 326 3676 vertices
347 3611 411 3663 nos
432 3592 467 3662 in
488 3591 603 3662 medio
627 3593 723 3663 velut
753 3590 842 3660 inter
870 3587 1037 3660 montium
1059 3605 1238 3672 convexa,

165 3716 314 3788 diversis
336 3737 460 3809 nempe
483 3713 695 3796 tramitibus
715 3713 779 3786 sed
796 3712 870 3805 pari
888 3711 1052 3805 perieul0,
1072 3709 1116 3781 ad
1134 3714 1240 3781 uuum

165 3858 285 3910 omnes
303 3837 488 3908 terminum
508 3837 736 3930 suspiremus.
759 3834 880 3927 Cogita
900 3834 1023 3906 acriter
1040 3841 1075 3903 et
1091 3830 1240 3913 intende,

165 3979 277 4052 neque
295 3959 421 4031 iudicio
438 3967 534 4030 recto
551 3961 697 4030 lortunae
716 3966 785 4027 luae
804 3956 967 4050 splendor
983 3950 1119 4026 officiat.
1137 3949 1243 4024 Vide-

166 4078 218 4151 bis
249 4093 283 4153 te
313 4080 364 4176 (ut
392 4083 487 4175 quod
508 4083 552 4155 de
573 4103 642 4152 uno
662 4079 823 4165 dixerim,
846 4080 890 4152 de
911 4076 1071 4148 omnibus
1093 4073 1242 4168 accipias
1279 4155 1287 4167 ,

167 4203 323 4277 eiusdem
346 4213 458 4279 status
480 4228 523 4278 ae
538 4203 698 4298 fortunae)
725 4202 875 4290 videbis,
902 4202 1059 4295 inquam,
1081 4212 1114 4274 te
1137 4201 1244 4272 multa
