2988 4800
436 381 529 430 mnua
550 379 940 432 uuoucruus-nrrsrom
963 385 990 432 v.
1193 371 1246 432 lll

175 539 236 588 scu
257 526 384 588 natura
405 517 488 588 mihi
509 516 679 588 conflante
700 517 781 600 alas,
802 539 864 587 seu
882 519 1025 600 fortuna,
1047 519 1163 590 volare
1176 520 1250 589 lon-

174 639 251 730 gius
261 638 399 711 edidici.
415 641 521 724 Nunc,
539 639 638 711 vobis
654 638 861 722 auctoribus
879 641 1068 731 primaevus
1082 642 1165 710 mibi
1177 651 1251 713 tan·

174 765 252 836 dem
267 762 373 834 nidus
388 762 548 856 panditur
561 785 631 854 quo
644 765 801 834 revolare
817 785 950 856 queam,
970 763 1081 855 longis
1101 765 1169 834 iam
1182 768 1253 836 fes-

176 907 234 956 sus
249 883 440 955 erroribus.
456 885 581 975 Magna
594 885 670 954 baec
687 906 849 955 essenon
867 882 1006 967 inficior,
1028 885 1092 956 sed
1104 885 1158 956 illa
1173 908 1252 978 per-

174 1007 340 1090 maxima,
350 1007 443 1099 quod
457 1007 587 1077 donum
600 1006 776 1101 publicum
786 1015 878 1077 tanto
893 1005 958 1076 mei
971 1007 1130 1090 nominis,
1145 1008 1251 1100 digno

174 1131 316 1213 utinam,
325 1129 506 1221 praeconio,
520 1137 614 1200 tanta
627 1152 767 1222 precum
777 1129 947 1214 instantia,
961 1139 1053 1202 tanta
1063 1130 1250 1202 verborum

176 1252 349 1325 suavitate
358 1252 533 1323 conditum
544 1261 607 1338 est,
618 1263 663 1338 ut,
679 1254 745 1323 nisi
759 1253 823 1324 sim
840 1264 1153 1339 saxeus,aeternum
1168 1256 1252 1326 mibi

175 1377 239 1448 boo
258 1386 382 1446 vestro
403 1375 569 1447 beneficio
589 1387 624 1446 et
643 1377 759 1446 lumen
779 1375 824 1448 ad
845 1378 989 1468 gloriam
1009 1388 1044 1448 et
1065 1382 1176 1451 calcar
1196 1402 1253 1451 ac-

173 1500 323 1570 cesserit
343 1499 388 1570 ad
407 1499 582 1570 virtutem.
611 1498 745 1582 Quibus
771 1500 875 1571 rebus
903 1500 932 1571 si
957 1501 1108 1594 impares
1136 1513 1252 1593 grates

175 1644 291 1712 agam,
314 1643 384 1692 non
406 1643 494 1692 meae
514 1620 641 1690 mentis
662 1620 872 1711 ingratitudo
892 1623 1009 1708 luerit,
1033 1625 1097 1695 sed
1124 1635 1253 1696 vestrae

175 1743 420 1815 munificentiae
441 1743 653 1834 magnitudo.
671 1741 747 1834 Ago
765 1753 877 1815 tamen
898 1767 985 1836 quas
1006 1768 1157 1840 possum,
1179 1747 1251 1830 sed,

176 1875 212 1937 ut
245 1868 294 1939 ait
330 1867 463 1951 Cicero,
487 1871 634 1937 maiores
656 1866 783 1951 habeo,
806 1867 933 1960 quibus
959 1869 1194 1962 exprimendis
1219 1879 1254 1941 et

112 2065 115 2073 ,
177 1989 380 2061 accuratiori
409 1990 487 2060 stilo
514 1997 549 2059 et
569 1989 709 2060 feliciori
730 2011 817 2084 opus
837 2000 934 2061 esset
957 1993 1103 2084 eloquio.
1126 1994 1177 2063 lta
1198 2017 1253 2064 me

176 2110 305 2184 vestris
328 2110 505 2182 beneficiis
526 2110 687 2183 obrutum
714 2135 753 2184 ac
778 2111 1044 2184 circumclusum
1067 2116 1192 2200 sentio,
1216 2128 1254 2187 ut

175 2235 291 2306 minus
315 2233 360 2304 sit
380 2255 481 2304 omne
493 2232 587 2325 quod
603 2232 739 2315 dixero,
760 2254 863 2324 quam
882 2231 976 2325 quod
993 2233 1108 2305 dicere
1121 2237 1253 2306 voluis-

127 2419 129 2430 .
178 2381 263 2431 sem.
284 2358 400 2428 Unum
420 2356 486 2426 hoc
506 2355 541 2424 in
562 2354 665 2426 finem
683 2376 752 2425 non
769 2353 961 2439 omiserim,
982 2356 1075 2447 quod
1096 2378 1187 2428 anno
1204 2361 1255 2428 al-

178 2491 264 2565 tero,
287 2483 399 2552 Roma
419 2480 594 2563 reducem,
617 2479 705 2550 inter
730 2478 942 2550 clarissimos
969 2481 1045 2551 illos
1072 2480 1167 2553 viros
1193 2484 1252 2576 qui

178 2615 250 2677 tum
273 2609 370 2676 frena
389 2602 600 2696 Reipublicae
621 2601 868 2693 gubernabant,
891 2602 1026 2676 dixisse
1047 2628 1101 2676 me
1128 2611 1251 2680 recolo.

179 2727 356 2822 Siquidem
370 2749 419 2798 eo
441 2747 551 2818 usque
571 2725 691 2818 patriae
711 2747 800 2796 meae
821 2748 877 2797 me
897 2727 1020 2797 attollit
1041 2727 1250 2815 humanitas,

179 2861 216 2923 ut
240 2851 325 2922 illud
346 2848 522 2944 quondam
554 2870 616 2943 pro
650 2849 736 2941 parti
769 2849 857 2920 tituli
887 2849 1015 2940 gaudio
1036 2848 1251 2943 imperatoris

177 2972 329 3065 Augusti
355 2993 564 3065 responsum
592 2993 671 3042 cum
700 2971 850 3042 lacrimis
884 2973 1057 3044 redditum
1088 2973 1250 3060 Senatui,

179 3096 262 3168 mihi
280 3117 372 3168 nunc
390 3096 541 3166 tantillus
558 3094 755 3179 homuncio,
775 3096 867 3188 apud
888 3116 967 3181 voa,
990 3117 1054 3188 pro
1076 3097 1177 3168 tantis
1199 3121 1254 3169 re-

178 3243 255 3290 rum
293 3241 333 3289 ac
366 3217 555 3290 verborum
589 3217 793 3304 honoribus,
830 3239 999 3311 usurpare
1023 3241 1093 3290 non
1119 3243 1251 3293 verear.

181 3341 320 3436 Compos
340 3345 428 3412 enim
443 3346 548 3433 [actus
565 3353 716 3411 uotorum
737 3363 896 3424 meorum,
915 3339 1031 3410 Patres
1052 3339 1251 3437 Conscriptr‘,

178 3463 257 3556 quid
272 3467 373 3536 dobeo
388 3463 479 3534 uliud
495 3464 601 3534 Deum
614 3467 830 3534 immortalem
838 3466 987 3556 precari,
1004 3487 1102 3555 quom
1115 3477 1152 3536 ut
1167 3468 1254 3535 bunc

180 3609 375 3659 consensum
396 3599 540 3658 oestrum
565 3585 608 3656 ud
628 3589 780 3658 ultimum
797 3589 875 3657 oitoe
888 3589 987 3680 finem
1009 3590 1091 3658 milri
1106 3593 1254 3681 perferre

179 3712 297 3782 liccat?
313 3709 462 3782 Proinde
480 3709 564 3802 qnid
581 3711 685 3781 animi
704 3711 851 3783 habeam
871 3711 916 3781 ad
935 3709 1097 3794 reditum,
1115 3712 1144 3780 si
1161 3713 1253 3784 Deus

179 3833 316 3919 laverit,
339 3843 554 3926 quantumve
578 3834 748 3905 mandatis
774 3834 902 3905 vestris
929 3833 1169 3925 obtemperare
1195 3857 1255 3907 eu·

180 3956 282 4048 piam,
293 3979 335 4028 ne
349 3958 463 4029 omnia
477 3957 613 4051 scripto,
628 3957 690 4028 scd
703 3956 833 4049 aliquid
846 3956 937 4027 vivis
951 3956 1056 4047 legati
1069 3957 1179 4028 vestri
1192 3980 1255 4030 voe

178 4079 276 4150 cibus
295 4081 520 4167 committam,
545 4081 598 4152 vir
618 4079 782 4174 egregius
808 4079 979 4152 lohannes
1004 4081 1165 4166 Boccatii,
1193 4104 1256 4176 per

180 4225 283 4296 quem
301 4203 434 4276 litteras
452 4215 486 4276 et
503 4204 650 4277 monitus
672 4213 811 4278 vestms
829 4225 868 4276 ac
886 4203 983 4275 iussa
996 4203 1152 4298 percepi,
1167 4225 1256 4298 prae-
