3024 4802
400 305 494 354 nrnnu
515 303 982 356 Nouusuuelltus-Erlsuotu
1003 305 1089 355 xvrn.
1227 291 1286 356 569

200 441 426 540 magnificum
462 444 579 530 duola,
610 442 705 536 quod
739 456 773 516 te
805 465 902 514 more
934 443 1081 538 aucupis
1116 443 1287 516 mulcente

199 589 313 654 aures,
332 568 515 641 credulum
536 569 666 660 vulgus
683 566 719 636 in
737 564 932 639 tendiculas
949 573 1026 636 tuas
1045 565 1160 650 cadat,
1176 563 1288 657 quod-

199 715 268 786 que
288 690 419 784 aliquid
440 711 678 764 aerumnarum
698 709 942 781 novarumque
959 688 995 759 in
1012 688 1090 760 dies
1107 689 1286 759 ruinarum

199 813 309 888 titulis
331 813 399 886 tuis
420 821 612 896 accrescat,
632 810 762 905 quibus
783 810 852 882 iam
873 832 963 906 pene
984 809 1069 882 nihil
1089 830 1287 883 accrescere

198 937 289 1011 intra
309 936 519 1010 miserabilis
538 937 662 1028 patriae
683 933 772 1006 fines
793 940 924 1028 potest,
941 954 1025 1026 quae
1046 931 1204 1004 exterius
1225 955 1288 1006 va-

200 1060 352 1132 stitatem
372 1044 546 1144 miseram,
580 1074 616 1131 et
649 1057 812 1130 hostilem
839 1057 909 1128 tuis
936 1065 1138 1142 attractum,
1166 1068 1205 1128 ut
1236 1055 1287 1127 sic

199 1183 329 1268 dican,
364 1179 525 1254 manibus
560 1181 773 1266 exercitum,
807 1181 901 1252 intus
935 1201 1020 1251 vero
1053 1181 1184 1271 linguae
1217 1187 1287 1252 tuae

199 1305 344 1381 arietem
359 1303 518 1396 duraque
535 1303 667 1395 patitur
684 1301 840 1394 imperia.
859 1300 995 1372 Dircaeo
1013 1301 1185 1395 siquidem
1202 1300 1287 1372 Am-

198 1427 317 1523 phioni
337 1449 399 1522 per
419 1427 632 1498 contrarium
657 1423 853 1497 simillimus
878 1424 1034 1498 evasisti.
1062 1424 1123 1498 llle
1148 1424 1286 1498 Thebas

200 1568 265 1623 suo
299 1549 430 1622 struxit
461 1549 612 1642 eloquio,
648 1557 686 1619 tu
718 1546 874 1620 Ticinum
902 1549 1030 1620 sternis
1058 1557 1135 1634 tuo,
1161 1570 1286 1650 perve-

199 1683 343 1758 tustam,
360 1682 397 1744 ut
414 1674 506 1744 lama
522 1681 590 1754 est,
613 1669 937 1765 nobilissimamque
957 1669 1091 1756 urbem,
1110 1682 1145 1743 et
1164 1671 1285 1747 uisite
1363 1682 1367 1690 '

199 1819 307 1869 unum
338 1797 452 1880 civem
477 1797 570 1867 laevo
597 1795 713 1868 sidere
739 1795 937 1886 genuisset,
968 1793 1224 1880 felicissimam
1251 1806 1285 1868 te

198 1927 315 1988 autem
332 1916 411 1988 cive
432 1919 611 2001 miseram,
628 1928 660 1988 te
680 1917 770 1989 duce
790 1917 1038 1990 miserrimam:
1057 1917 1125 1990 nisi
1147 1928 1180 1990 te
1200 1919 1286 1991 illud

197 2050 360 2124 excusat,
377 2040 475 2131 quod
494 2039 679 2112 obsessam
699 2039 847 2130 patriam
867 2059 1006 2130 magnae
1026 2041 1136 2134 partis
1155 2040 1286 2112 civium

198 2163 304 2236 exilio
324 2174 360 2236 et
379 2163 487 2234 multa
512 2161 697 2233 domorum
723 2170 842 2251 strage
867 2161 1057 2246 laxaveris
1085 2172 1190 2256 atque
1215 2185 1286 2238 una

198 2295 396 2359 contentam
414 2283 548 2356 crebris
567 2283 729 2356 muniens
746 2283 881 2377 plateis
897 2282 1090 2356 obsidionis
1110 2284 1285 2360 horrenda

199 2409 319 2484 solatia
343 2409 496 2479 inustam
519 2417 589 2478 tota
608 2407 645 2476 in
665 2405 754 2478 urhe
781 2406 1003 2480 solitudinem
1029 2415 1065 2478 et
1089 2407 1285 2480 diversoria

198 2555 284 2614 sane
309 2531 410 2604 honis
440 2530 616 2602 inamoena
641 2529 836 2623 paraveris.
869 2530 943 2602 Hoc
974 2551 1020 2602 ne
1052 2542 1184 2616 autem,
1220 2553 1285 2602 seu

197 2654 282 2748 quid
303 2653 413 2740 aliud,
440 2673 572 2746 quaeso,
595 2659 651 2724 est
671 2653 929 2746 propterquod
951 2661 989 2724 ut
1010 2652 1103 2724 labia
1125 2664 1183 2726 tua
1202 2675 1285 2748 ape-

198 2777 279 2862 riat,
301 2776 457 2870 quotidie
482 2777 593 2846 Deum
618 2778 748 2868 rogas?
773 2775 871 2861 vide,
898 2797 972 2861 oro,
1000 2775 1087 2869 quid
1110 2778 1282 2870 postules,

197 2899 283 2994 quid
302 2899 505 2995 promittas?
524 2898 617 2973 Petis
635 2910 673 2971 ut
689 2899 838 2994 aperiat,
857 2910 943 2994 puto
959 2919 1030 2976 nou
1047 2910 1086 2973 ut
1103 2900 1285 2972 hominum

198 3018 345 3102 cladem,
374 3020 437 3090 sed
463 3032 501 3092 ut
526 3021 589 3092 Dei
617 3019 756 3092 laudem
789 3020 932 3092 nunciet
963 3041 1004 3094 os
1038 3033 1148 3094 tuum.
1182 3021 1284 3106 Quod

197 3161 303 3235 quam
324 3136 471 3212 fideliter
495 3141 648 3233 impleas
665 3153 701 3213 tu
721 3143 846 3234 cogita.
876 3144 977 3216 Certe
1003 3145 1060 3216 ille
1085 3168 1222 3240 pacem,
1245 3157 1284 3218 tu

198 3263 410 3337 contrarium
435 3262 623 3357 praedicas,
651 3263 696 3334 ad
723 3265 874 3336 litteram
902 3267 1060 3338 fortassis
1083 3267 1282 3360 intelligens

197 3384 448 3476 Evangelicum
466 3384 568 3456 illud:
590 3406 659 3454 nou
676 3386 756 3453 oeni
771 3405 888 3478 pacem
905 3388 1034 3456 mittere
1051 3385 1108 3456 scd
1122 3387 1280 3478 pladium.

198 3509 267 3580 Cur
287 3528 356 3578 non
377 3507 493 3600 potius
514 3507 559 3578 ad
579 3507 615 3578 id
635 3507 799 3602 respicis,
818 3508 913 3600 quod
931 3508 1007 3580 sine
1029 3510 1214 3601 allegorico
1232 3518 1283 3582 te-

198 3631 315 3724 gmine
338 3631 433 3702 nuda
457 3630 590 3702 veritas
617 3631 764 3701 clamat:
791 3631 849 3700 boc
875 3641 922 3700 cst
943 3642 1147 3724 preceptum
1172 3653 1281 3703 meum
1316 3703 1321 3712 ,

196 3765 233 3824 ut
253 3751 395 3844 diligatis
421 3752 581 3835 invicem
601 3751 737 3840 Dilt'pite
757 3751 908 3822 inimicos
929 3763 1068 3836 oestron
1093 3754 1281 3845 Bencsccite

197 3877 322 3966 hirqui
336 3897 393 3946 cos
412 3873 566 3958 odardum
581 3873 703 3946 Pacem
719 3876 832 3948 latete
849 3878 938 3946 iuter
954 3899 1028 3960 oos;
1041 3877 1101 3970 qui
1118 3878 1280 3971 quotiens

197 3998 349 4091 aliquem
382 4000 555 4070 salvasset
588 3997 655 4070 hoc
687 4002 758 4072 lere
785 4023 865 4072 cum
891 4000 1041 4094 alloquio
1066 3999 1277 4074 dimittebat:

198 4119 279 4193 code
300 4123 337 4195 iu
358 4144 454 4216 porc
475 4133 509 4193 et
532 4122 576 4194 ad
596 4121 786 4216 discipulos
807 4125 990 4214 ingressus
1014 4123 1079 4196 hoc
1100 4125 1279 4197 salutatio-
