3024 4802
380 391 473 440 LIBER
496 385 1008 442 ourtvusnbclllus.-sl²lsuobl
1031 389 1071 438 lll.
1210 376 1267 438 497

62 553 67 564 ·
184 526 359 622 quondam
390 537 424 598 te
462 536 637 620 praesente
679 525 834 618 susoepi,
872 523 917 595 nd
958 521 1117 594 eumdem
1164 541 1269 614 quam

185 652 336 746 primum
363 650 558 745 perveniat.
587 648 664 741 Ego
688 647 780 718 enim
806 667 924 718 rerum
947 643 1077 717 dubius
1102 646 1195 718 huno
1224 644 1270 716 ad

185 779 218 844 ts
251 773 473 866 potissimum
494 772 674 843 destinare
694 769 811 852 statui,
840 777 957 840 certus
991 766 1053 851 tui,
1082 767 1175 860 quod
1199 789 1270 840 non

185 906 315 968 temere
351 892 468 966 nidum
510 892 659 984 linquis,
699 892 951 987 epistolamque
990 889 1109 963 addidi
1148 911 1268 962 seemn

184 1019 435 1114 profecturam,
469 1015 553 1110 quia
579 1037 641 1108 per
673 1035 848 1087 armorum
876 1012 1055 1106 strepitum
1081 1012 1270 1084 minantes·

184 1161 253 1232 que
286 1137 420 1232 gladios
459 1157 529 1210 non
562 1144 637 1208 tuto
669 1144 839 1208 venturus
876 1132 1062 1207 videbatur
1091 1133 1270 1206 incomita-

185 1270 241 1334 tus
272 1271 307 1332 et
335 1259 477 1331 inermis
508 1259 640 1343 Cicero,
668 1257 808 1343 vir,-ut
832 1255 974 1348 quidam
1006 1255 1067 1338 ait,
1095 1254 1181 1326 nibil
1206 1253 1270 1326 mi-

184 1404 250 1458 nus
274 1405 380 1477 quam
404 1382 451 1454 ad
475 1381 603 1454 bellurn
628 1390 745 1464 natus3
766 1399 978 1472 quamquam
998 1375 1041 1470 (si
1065 1377 1172 1451 iocari
1188 1399 1269 1449 cunr

160 1523 167 1538 '
184 1510 356 1582 defunctis
377 1507 469 1602 lieet)
489 1507 546 1578 ille
568 1508 685 1580 forsan
710 1505 787 1577 baec
806 1505 925 1578 audiat
943 1504 1087 1589 invitus,
1109 1525 1213 1598 quem
1233 1504 1270 1576 in

184 1632 339 1726 epistolis
360 1631 406 1706 ad
425 1627 578 1706 Atticum
601 1627 739 1723 (mirum
765 1627 870 1722 dictu)
899 1636 994 1700 tanta
1016 1625 1156 1700 tenebat
1173 1626 1269 1719 nupi-

185 1751 539 1848 ditastriumpbandi.
561 1752 659 1837 Vale,
681 1751 792 1824 nostri
813 1772 954 1824 memor.

329 1899 486 1968 Mediolani,
504 1897 603 1954 XVIII.
621 1898 682 1954 Kal.
699 1899 871 1956 Decembris,

603 2359 781 2424 EPISTOLA
804 2361 860 2426 XII.

278 2545 472 2598 unlnclsuus
494 2546 664 2596 ullusulius
685 2545 801 2595 lncouo
824 2545 1027 2596 FLORENTINO
1049 2548 1074 2598 S.
1097 2550 1125 2598 P.
1146 2549 1176 2597 1).

230 2725 346 2780 Librum
362 2723 502 2780 Ciceronis
516 2722 551 2780 ab
565 2740 599 2780 eo
613 2727 756 2795 acceptum
771 2730 798 2780 et
813 2741 829 2779 a
842 2739 872 2780 se
886 2724 1085 2796 transcriptum
1100 2724 1224 2780 remittit.

280 2966 400 3039 Cioero
422 2977 505 3040 tuus
525 2966 755 3060 quadriennio
789 2973 825 3036 et
857 2963 1005 3058 amplius
1031 2985 1168 3039 mecum
1193 2964 1268 3037 fuit.

183 3089 303 3160 Tantae
324 3097 440 3162 autem
469 3088 644 3161 dilationis
675 3109 781 3160 causa
810 3087 1018 3180 scriptorum
1049 3089 1126 3160 haeo
1145 3087 1271 3160 intelli-

183 3209 337 3302 gentium
370 3209 495 3300 ingens
529 3209 653 3281 raritas
686 3219 791 3304 atque
823 3211 981 3304 penuria;
1004 3233 1109 3304 quam
1136 3196 1269 3284 iactura

184 3330 377 3402 studiorum
398 3327 608 3401 incredibilis
634 3339 820 3401 consecuta
839 3340 908 3413 est,
931 3331 1014 3401 dum
1042 3351 1123 3423 quae
1143 3341 1269 3404 natura

183 3453 335 3526 obseura
355 3461 466 3537 erant,
489 3450 714 3544 intelligibilia
736 3451 918 3523 desierunt
942 3471 1036 3538 esse,
1060 3452 1269 3525 novissime-

183 3598 251 3670 que
271 3577 428 3668 negleota
446 3596 590 3670 prorsus
604 3574 649 3648 ab
663 3573 834 3660 omnibus,
850 3574 996 3668 periere.
1011 3574 1061 3647 lta
1075 3575 1267 3648 litterarum

174 3697 367 3770 wuberrimis
388 3709 492 3791 atque
514 3696 726 3768 dulcissimis
747 3696 917 3786 fructibus
935 3707 971 3768 et
988 3696 1206 3788 ingeniorum
1227 3695 1269 3766 il-

182 3819 343 3892 lustrium
364 3819 494 3912 vigiliis
506 3830 612 3913 atque
631 3817 808 3890 laboribus
823 3826 944 3892 nostra
956 3817 1123 3913 paulatim
1138 3819 1268 3890 saecula

182 3951 382 4026 caruerunt,
406 3942 534 4036 quibus
551 3964 597 4012 an
614 3941 842 4014 excellentius
857 3940 988 4034 aliquid
1002 3940 1035 4010 in
1052 3940 1154 4012 terris
1172 3940 1267 4012 baud

183 4075 311 4138 tenere
331 4064 538 4138 diffinierim.
561 4063 648 4136 lllud
675 4061 904 4136 fidentissime
925 4061 1073 4135 dixerim
1101 4062 1267 4134 maiorem

182 4188 271 4260 hano
291 4189 401 4260 nostri
423 4189 587 4285 temporis
610 4187 776 4260 iacturam
796 4187 1041 4280 aliquantoque
1061 4185 1187 4260 iustius
1205 4186 1268 4257 de-

313 4320 337 4358 u.
1080 4305 1109 4355 32
