3024 4802
382 387 475 437 mena
494 385 962 439 ucuusnncmus.-ne1srcnu
983 387 1025 437 ur.
1185 376 1241 438 537

162 525 257 596 enim
279 524 407 595 bellum
425 523 579 596 defuisse
596 543 773 616 nunquam
792 521 901 618 puto),
921 523 1010 596 intra
1030 524 1137 598 breve
1158 534 1246 596 tem·

161 669 229 741 pus
250 649 399 741 primum
420 647 516 732 victi,
539 669 623 718 mox
643 645 810 731 victores,
835 667 971 719 rursum
994 647 1124 719 maiore
1153 667 1245 742 prae-

160 769 209 841 lio
224 769 308 842 victi
332 781 427 855 sunt,
459 771 494 840 in
513 792 584 862 quc
604 770 671 840 illis
692 769 832 862 quidem
855 779 892 840 ut
913 768 1111 841 hominibus
1139 781 1243 863 atque
1301 862 1304 870 Ι

161 891 260 964 italis
277 891 477 987 compatior,
500 891 583 962 mihi
610 901 724 966 autem
759 894 927 984 gratulor,
959 892 1054 985 quod
1085 891 1161 964 haec
1192 893 1269 964 eis

161 1018 253 1086 mala
272 1013 389 1088 omnia
407 1024 556 1086 ventura
573 1013 734 1110 praevidi,
764 1013 997 1108 praedixique,
1032 1035 1100 1086 non
1132 1024 1245 1088 astro·

159 1159 239 1210 rum
257 1136 397 1222 iudicio,
420 1147 481 1211 aut
502 1141 571 1210 ullo
588 1137 741 1211 vaticinii
762 1159 907 1230 genere,
927 1137 1023 1230 quod
1044 1147 1154 1209 totum
1183 1138 1244 1210 de-

159 1261 271 1355 spicio
313 1262 518 1356 rciicioque,
559 1261 621 1334 sed
658 1261 833 1357 praesagio
865 1259 1018 1354 quodam
1051 1261 1177 1332 mentis
1208 1269 1244 1332 et

145 1383 367 1476 urgentibus
386 1384 606 1469 coniecturis,
630 1383 756 1478 quibus
778 1384 813 1452 in
834 1405 910 1456 eam
934 1384 1140 1455 sententiam
1174 1392 1244 1456 tra-

157 1505 271 1577 hebar
291 1515 330 1577 ut
348 1505 468 1577 videre
486 1504 570 1576 mibi
596 1517 676 1578 tunc
708 1505 849 1578 viderer
881 1505 976 1598 quod
1005 1527 1097 1576 nunc
1128 1505 1242 1578 video.

156 1627 275 1721 Atque
296 1628 427 1700 utinam
452 1628 527 1700 dux
552 1627 722 1714 Andreas,
749 1628 810 1722 qui
842 1649 961 1701 rerum
990 1647 1138 1700 summae
1160 1637 1242 1700 tunc

157 1760 322 1845 praeerat,
358 1751 461 1824 hodie
497 1753 658 1825 viveret:
691 1751 910 1844 exagitarem
942 1771 1022 1822 eum
1057 1750 1178 1822 litteris
1206 1760 1243 1824 et

156 1895 282 1945 omnes
296 1878 435 1946 aculeos
449 1875 647 1961 incuterem,
658 1897 699 1947 ac
713 1884 783 1946 tota
798 1887 916 1946 uterer
925 1873 1095 1946 libertate.
1107 1874 1242 1946 Bonum

156 1996 251 2067 enim
272 1995 387 2066 virum
400 2007 505 2088 atque
525 1997 696 2087 integrum
719 2017 864 2089 suaeque
884 1998 1096 2091 Reipublicae
1121 2019 1242 2070 aman-

157 2117 334 2190 tissimum
355 2117 521 2203 sciebam,
557 2119 695 2190 doctum
729 2129 900 2212 praeterea
926 2129 961 2189 et
992 2118 1177 2190 facundum
1207 2129 1242 2190 et

156 2241 446 2334 circumspectum
468 2250 504 2312 et
523 2239 696 2312 affabilem
717 2252 752 2313 et
773 2241 902 2311 mitem.
916 2240 993 2311 Uno
1007 2249 1122 2312 tamen
1134 2243 1241 2312 offen-

155 2360 276 2447 debar,
298 2363 393 2456 quod
413 2363 494 2435 belli
516 2364 631 2436 studio
664 2363 839 2436 ardentior
864 2373 940 2434 erat
972 2385 1076 2458 quam
1103 2374 1238 2436 naturae

156 2506 199 2557 ac
214 2485 288 2557 suis
307 2485 462 2557 moribus
479 2486 692 2558 conveniret.
706 2486 846 2557 Viventi
858 2485 1020 2580 equidem
1036 2509 1104 2558 uon
1117 2509 1241 2582 peper-

156 2607 203 2692 ci,
226 2614 262 2680 et
282 2629 439 2700 praesens
459 2606 567 2680 verbo
587 2617 623 2679 et
643 2606 773 2680 absens
793 2608 917 2679 litteris
937 2611 1111 2680 lacessere
1130 2630 1240 2681 ausus

156 2738 291 2802 tantum
312 2729 443 2812 virum;
464 2750 545 2822 quae
565 2731 622 2802 ille
640 2729 685 2802 de
706 2729 822 2802 auimo
843 2751 920 2801 mec
937 2740 1054 2802 certus
1072 2730 1241 2823 patienter

155 2851 303 2934 ferebat3
327 2851 391 2924 sed
416 2855 544 2925 recenti
564 2852 711 2924 victoria
735 2856 848 2926 elatus
878 2853 1062 2924 consilium
1096 2873 1241 2947 respuc-

155 2974 226 3046 bat.
248 2975 428 3048 Consuluit
448 2977 495 3046 illi
513 2997 622 3062 mors,
647 2984 684 3047 ut
703 2983 740 3048 et
752 2975 1016 3047 acerbissimum
1029 2975 1239 3068 patriaesuae

155 3099 286 3167 luctum
307 3109 345 3181 et
362 3097 596 3170 mordaciores
618 3119 714 3170 meas
737 3098 869 3171 litteras
901 3119 970 3169 non
1003 3097 1149 3170 videret.
1184 3098 1239 3170 Uti

154 3217 249 3290 enim
269 3220 417 3289 fortunae
438 3217 635 3289 testimonio
669 3220 813 3302 solebat,
848 3241 912 3292 nec
944 3218 1119 3306 dubitare,
1153 3221 1239 3315 quin

156 3341 247 3412 sicut
268 3340 325 3412 illa
345 3337 544 3432 prosperior
563 3338 755 3423 videretur,
791 3341 842 3411 sic
875 3342 1001 3411 iustior
1032 3363 1139 3412 causa
1173 3363 1237 3414 sua

154 3472 260 3535 esset.
280 3463 400 3554 ltaque
421 3481 514 3553 saepe
536 3481 672 3531 mecum
694 3461 778 3532 illud
805 3460 974 3557 Scipionis
1006 3460 1158 3534 Africani
1184 3463 1238 3536 di-

154 3595 248 3656 ctum
267 3581 473 3678 usurpabat,
489 3582 548 3675 qui
563 3585 709 3676 loquens
724 3605 804 3654 cum
818 3582 1024 3656 Hannibale:
1039 3584 1100 3668 Dii,
1115 3584 1235 3677 inquit,

156 3719 265 3780 testes
287 3707 356 3778 sint
375 3707 435 3799 qui
456 3715 491 3777 et
510 3705 601 3776 illius
632 3703 713 3775 belli
734 3705 867 3775 exitum
891 3706 1081 3778 secundum
1095 3706 1151 3778 ius
1167 3710 1236 3778 ias·

153 3851 223 3923 que
244 3829 428 3917 dederunt,
451 3839 486 3900 et
511 3829 615 3900 huius
641 3827 727 3900 dant
751 3839 785 3900 et
809 3827 952 3900 dabunt.
978 3828 1065 3899 lllud
1094 3849 1234 3923 quoque

156 3949 371 4022 Caesareum:

315 4114 384 4178 llaec
402 4082 462 4178 ia'to
480 4132 549 4194 quae
567 4121 641 4178 teste
657 4116 778 4195 probet,
797 4116 867 4194 quis
884 4116 995 4178 iustius
1012 4131 1096 4180 arma

314 4213 427 4293 Induit,
445 4215 509 4279 baec
526 4212 604 4278 acics
623 4213 738 4279 victum
754 4215 867 4278 lactura
886 4221 1054 4280 nocentem.
