3078 4798
257 353 314 416 :352
593 365 633 411 on
656 363 755 410 annus
778 361 999 410 saurnmnmus

167 579 175 599 ,
258 503 365 595 patris
387 500 496 572 nostri
518 499 668 591 vestigia
688 495 899 568 veniendum
920 507 996 568 est:
1019 497 1254 591 praemisimus
1280 499 1339 593 qui

258 625 356 697 nobis
383 631 556 718 praeparet
581 621 680 713 regni
705 619 859 692 coelestis
886 618 1136 704 babitaculum,
1160 629 1195 692 et
1220 642 1341 714 regem

256 750 385 823 nostris
411 745 522 839 culpis
549 743 720 816 offensum
746 742 907 836 precibus
934 743 1008 813 suis
1033 733 1156 837 placet.
1191 743 1260 816 lvit
1285 745 1341 816 ille

257 873 349 955 lelix,
364 868 498 964 etquid
514 866 649 939 dicam‘l
665 866 781 938 Minus
796 875 851 937 est
867 886 970 937 omne
986 866 1082 959 quod
1094 867 1219 958 cogito,
1234 891 1340 962 quam

256 992 351 1087 quod
370 992 461 1064 illius
481 989 656 1085 praeconio
680 989 840 1061 debetur.
863 988 1000 1073 Dicam,
1027 987 1185 1063 deseruit
1206 997 1342 1065 terras?

257 1126 292 1186 at
312 1115 369 1186 ille
389 1135 567 1206 nunquam
584 1112 641 1183 bic
656 1113 774 1184 -fuerat
794 1109 861 1182 nisi
881 1123 1035 1206 corpore,
1056 1114 1123 1186 boc
1142 1123 1199 1186 est
1220 1138 1289 1188 una
1306 1127 1341 1189 et

258 1237 377 1308 ultima
396 1242 496 1327 parte
518 1234 583 1305 sui.
604 1233 734 1317 Dicam,
757 1232 917 1305 destituit
936 1237 1087 1327 corpus?
1109 1235 1173 1307 sed
1193 1259 1264 1332 non
1280 1238 1342 1310 ali·

257 1368 311 1429 ter
328 1357 385 1428 ille
405 1378 510 1450 quam
530 1376 707 1428 carcerem
727 1376 856 1450 corpus
877 1355 1028 1428 incoluit.
1046 1358 1167 1431 Dicam
1187 1361 1303 1432 evasit
1321 1385 1341 1434 e

256 1482 423 1573 corpore?
442 1479 509 1550 boc
525 1480 613 1551 forte
629 1477 736 1549 rebus
755 1477 1052 1550 accommodatius
1069 1481 1137 1553 dici
1154 1481 1339 1569 videbitur,

256 1599 391 1673 dicetur
412 1609 528 1672 temen
549 1599 743 1693 improprie.
763 1599 945 1684 Quomodo
965 1600 1062 1680 enim·
1080 1600 1161 1677 inde
1180 1604 1340 1678 evasisse

257 1725 427 1799 dicendus
452 1733 515 1809 est,
544 1723 603 1820 qui
625 1725 709 1796 dum
731 1734 828 1797 esset
848 1724 882 1793 in
904 1745 1058 1820 corpore,
1081 1733 1121 1795 nt
1141 1727 1190 1797 ait
1210 1726 1339 1811 Cicero,

256 1847 402 1919 eminuit
420 1848 522 1932 foras,
541 1855 577 1918 et
593 1869 635 1917 ea
651 1867 734 1940 quae
750 1856 853 1917 extra
870 1854 953 1917 sunt
968 1848 1217 1941 contemplans
1235 1869 1340 1941 quam

259 1969 410 2040 maxime
435 1991 474 2040 se
499 1991 520 2039 a
540 1989 683 2062 corpore
710 1989 847 2064 semper
867 1967 1065 2039 abstraxit?
1084 1969 1218 2051 Dicam,
1245 1970 1341 2063 petiit

256 2094 406 2164 coeluml
430 2102 465 2164 et
492 2113 633 2185 semper
658 2091 693 2162 in
717 2090 944 2172 coe10,etiam
966 2090 1050 2162 dum
1077 2091 1134 2163 bic
1158 2091 1340 2164 nobiscum

257 2235 338 2286 esse
360 2215 552 2301 videretur,
576 2212 685 2286 sacris
706 2213 973 2305 cogitationibus
995 2213 1183 2287 habitabat.
1207 2216 1339 2301 Dicam,

257 2337 321 2408 ivit
345 2338 390 2409 ad
412 2337 549 2410 sidera?
576 2357 699 2409 verum
720 2336 777 2406 ille
801 2335 836 2405 in
858 2335 960 2407 terris
981 2337 1216 2408 clarissimum
1242 2337 1341 2410 sidus

257 2471 343 2533 erat.
363 2460 495 2545 Dicam,
531 2460 595 2531 ivit
627 2457 672 2530 ad
703 2459 840 2530 Deum?
865 2458 941 2530 sine
966 2460 1038 2529 Deo
1064 2460 1229 2552 equidem
1253 2483 1342 2532 nun-

257 2605 361 2678 quam
382 2582 460 2654 lult:
479 2581 607 2676 quippe
632 2581 716 2653 iusti
740 2583 854 2653 anima
881 2581 985 2653 sedes
1011 2597 1068 2654 est
1093 2583 1168 2669 Dei,
1191 2592 1227 2655 et
1246 2583 1341 2676 quod

257 2703 449 2775 mirabilius
468 2714 569 2776 sonat
589 2725 636 2774 ex
657 2726 718 2776 ore
738 2703 890 2795 gentilis,
915 2704 1003 2775 Deos
1015 2703 1059 2775 od
1074 2705 1221 2776 homines
1237 2708 1340 2791 venit,

257 2825 369 2920 inquit
389 2827 535 2910 Seneca,
557 2828 652 2895 rtulla
684 2828 755 2896 siae
788 2827 857 2896 Deo
891 2848 983 2896 meas
1012 2829 1098 2898 bona
1123 2839 1179 2898 est.
1202 2828 1290 2912 Qnae
1310 2827 1341 2898 si

257 2970 342 3020 vera
364 2929 461 3031 sunt,
484 2948 625 3041 quando
650 2948 728 3019 sine
747 2950 821 3020 Deo
847 2971 1000 3043 unquam
1028 2950 1092 3022 luit
1116 2952 1171 3024 ille
1197 2950 1339 3022 mitissi-

257 3090 336 3140 mus
362 3069 557 3140 animarum
588 3078 788 3142 nostrarum
818 3074 938 3164 pater?
970 3072 1062 3156 Quid
1088 3073 1201 3146 dicam
1232 3075 1341 3164 ergo?

257 3190 324 3260 lvit
343 3191 389 3262 ad
408 3213 490 3262 eum
509 3191 754 3285 proculdubio
779 3193 839 3287 qui
865 3214 985 3266 secum
1006 3204 1098 3280 erat,
1119 3208 1155 3267 et
1179 3194 1240 3288 qui
1266 3194 1341 3266 ubi·
1424 3249 1428 3256 .

256 3337 326 3410 que
345 3325 414 3400 est,
437 3312 482 3386 ed
501 3314 595 3387 illum
617 3316 692 3400 ivit,
715 3337 843 3410 eorpus
862 3338 965 3389 snum
988 3317 1054 3390 sibi
1070 3317 1285 3411 despectum,
1305 3326 1341 3389 et

257 3459 323 3511 nos
340 3437 455 3510 animo
477 3459 541 3511 suo
560 3460 675 3525 caros,
697 3461 777 3511 cum
794 3439 923 3533 quibus
944 3439 991 3532 ad
1011 3450 1150 3534 tempus
1175 3438 1342 3512 exulabat

256 3558 480 3654 corporaliter
500 3560 754 3654 derelinquens.
768 3561 812 3632 Et
824 3559 952 3654 quibus
970 3561 1106 3647 verbiS,
1122 3560 1341 3634 sanctissime

258 3661 401 3777 praesul,
435 3683 600 3776 quodque
632 3705 735 3755 nemo
767 3683 985 3776 gravabitur,
1018 3684 1212 3779 praesulum
1232 3683 1341 3756 decus

258 3805 425 3876 eximium
459 3805 568 3877 nostri
601 3806 685 3890 aevi,
718 3805 846 3899 quibus
877 3805 996 3879 verbis
1029 3815 1065 3879 et
1097 3805 1246 3880 felicitati
1272 3793 1341 3875 tirae

258 3929 410 4019 gratuler
429 3938 464 3998 et
484 3927 704 4000 solitudinem
726 3938 879 4000 nostram
900 3928 1026 4001 fleam‘l
1043 3929 1107 4015 Tu,
1123 3951 1261 4024 precor,
1280 3928 1342 3998 sti-

259 4049 330 4117 lum
358 4046 464 4119 rebus
494 4049 662 4143 imparem
692 4059 728 4122 et
756 4051 914 4124 materiae
937 4050 1238 4136 succumbentem,
1261 4071 1340 4120 nam

259 4173 372 4259 poles,
395 4168 610 4241 orationibus
637 4170 705 4244 tuis
726 4172 818 4244 iuva.
846 4173 912 4244 lvit
936 4172 1041 4264 igitur
1066 4175 1199 4267 praesul
1225 4181 1342 4246 noster
