3002 4794
478 598 665 664 FRANClSCl
685 599 891 664 PETRARCAE

296 835 366 912 DE
415 832 600 913 REBUS
650 829 1080 911 FAMILIARIBUS

473 1059 627 1130 trusa
664 1055 903 1156 nucgruus.

662 1303 741 1317 Q

581 1564 758 1629 artsrutt
778 1567 798 1630 Ι.

197 1759 398 1812 rntnclscus
420 1757 589 1808 Parnasus
610 1758 736 1808 abacto
757 1759 789 1807 lv
811 1757 955 1808 AUGUSTO
976 1755 1172 1806 lupualdum

515 1863 715 1912 adalbodum
735 1861 761 1912 S.
784 1864 812 1912 P.
835 1864 866 1911 D.

288 2027 377 2082 Enixe
392 2027 520 2081 bortatur
532 2031 564 2080 ut
576 2025 685 2081 ltaliam
700 2026 828 2081 adventet
843 2025 962 2081 Romani
976 2024 1089 2098 Imperii

402 2110 408 2120 ’
531 2117 647 2188 gloriam
659 2117 848 2172 restituturus.

244 2359 481 2454 praecipitium
515 2359 634 2431 horret
662 2357 819 2454 epistola,
854 2355 1076 2428 serenissime
1105 2354 1234 2438 Caesar,

147 2481 304 2554 auctoris
328 2480 395 2553 sibi
412 2481 560 2566 conscia,
580 2481 664 2552 dum
680 2481 810 2572 cogitat
827 2480 919 2551 unde
937 2477 1146 2571 digrediens,
1166 2499 1236 2570 quo

148 2615 300 2676 ventura
329 2603 383 2673 sit.
411 2602 449 2671 ln
476 2601 628 2673 tenebris
654 2601 746 2672 enim
773 2609 849 2672 orta
877 2600 961 2695 quid
987 2601 1111 2671 mirum
1138 2601 1168 2672 si
1200 2599 1236 2670 in

148 2721 336 2794 clarissimi
357 2721 408 2792 tui
424 2720 574 2792 nominis
597 2721 781 2813 splendore
799 2722 1040 2794 contunditur?
1060 2722 1129 2793 Sed
1150 2743 1237 2813 quo-

148 2846 243 2916 niam
267 2865 406 2916 omnem
427 2863 592 2936 pavorem
615 2863 712 2913 amor
737 2842 883 2923 excutit,
910 2843 945 2912 in
970 2845 1082 2914 lucem
1103 2843 1234 2926 veniet,

119 2951 122 2958 ¹
149 2975 184 3038 et
205 2967 237 3037 si
258 2965 345 3035 nihil
362 2963 470 3047 aliud,
498 2973 534 3034 at
555 2964 679 3033 saltem
703 2961 816 3035 fidelis
842 2965 984 3037 affectus
1010 2965 1078 3035 mei
1099 2964 1235 3035 nuncia.

148 3088 305 3177 Perlege,
329 3106 404 3169 oro,
426 3084 536 3167 decus
556 3092 729 3169 nostrum,
754 3087 916 3177 perlege3
938 3108 1007 3156 neu
1027 3107 1115 3179 quas
1141 3085 1239 3156 odio-

151 3229 209 3280 sas
242 3205 305 3277 tibi
330 3227 372 3276 ao
397 3207 560 3276 molestas
588 3205 676 3277 adeo
695 3228 743 3277 ex
774 3229 830 3277 me
850 3205 1035 3280 blanditias
1065 3209 1235 3296 verearis,

151 3327 326 3420 publicam
352 3348 474 3418 regum
489 3336 635 3419 pestem.
654 3326 722 3398 Ars
739 3349 781 3399 ea
799 3331 917 3421 procul
935 3351 956 3400 a
973 3330 1128 3402 moribus
1148 3331 1237 3402 meis

151 3449 274 3534 abest;
307 3449 467 3520 lamentis
494 3449 608 3542 potius
635 3471 756 3522 aurem
780 3473 886 3544 para;
914 3476 982 3524 non
1014 3463 1083 3525 tam
1111 3452 1238 3526 blanda

152 3593 256 3666 quam
278 3571 425 3662 querula
445 3570 600 3642 oratione
620 3571 827 3666 pulsaberis.
847 3573 938 3658 Quid
955 3576 1046 3646 enim
1065 3576 1183 3657 nostri,
1204 3585 1239 3645 ct

154 3694 183 3764 si
203 3693 272 3765 dici
288 3694 341 3764 las
356 3703 419 3776 est,
435 3693 540 3763 immo
554 3693 603 3764 tui
616 3693 728 3788 ipsius
741 3695 922 3767 immemor
938 3699 1050 3768 factus
1072 3701 1135 3768 esi
1150 3719 1239 3790 quo-

153 3837 232 3886 nam
255 3813 341 3887 abiit
361 3813 469 3886 ltaliae
494 3823 564 3885 tuae
590 3819 701 3887 cura?
723 3817 794 3887 Nos
820 3816 981 3909 equidem
1011 3817 1239 3911 sperabamus

155 3948 197 4024 te,
219 3941 359 4012 coelitus
379 3938 481 4011 nubis
504 3938 661 4025 missum,
680 3940 850 4012 libertatis
871 3949 1000 4013 nostrae
1021 3941 1240 4035 promptissi-

156 4083 249 4133 mum
268 4069 493 4132 assertorem.
514 4061 565 4132 Tu
583 4061 724 4156 refugis,
744 4069 779 4133 et
796 4061 854 4132 ubi
871 4061 969 4134 sactis
987 4084 1073 4157 opus
1087 4077 1150 4151 est,
1165 4066 1240 4135 lon-

156 4181 310 4273 gissimis
335 4179 648 4258 consultationibus
675 4192 810 4278 tempus
837 4183 957 4257 trahis.
985 4185 1084 4272 Vide,
1105 4188 1235 4269 Caesar,
