3062 4798
373 377 465 426 uranu
486 375 1003 428 snrrluusnneluus-nrrsronl
1025 379 1066 426 ur.
1205 368 1264 428 las

165 523 274 588 esset
298 537 390 588 unus
425 516 478 586 vir
505 515 709 586 universum
735 516 899 612 populum
922 536 988 587 non
1011 515 1150 600 andero,
1174 516 1265 588 Mar-

165 659 236 710 cus
263 637 434 710 Claudius
452 637 635 708 Marcellus
654 637 687 706 in
703 638 856 709 medinm
877 635 1092 722 trahebatur,
1113 639 1263 733 quicum

165 760 229 832 die
255 781 331 830 uno
351 758 524 830 adversus
545 757 682 828 hostem
709 757 978 860 bellacissimum
1005 777 1109 850 aeqno
1133 772 1265 832 certas-

166 892 228 956 set
249 890 402 965 eventu,
424 890 459 952 et
480 880 570 952 idem
591 877 648 950 die
670 881 831 973 proximo
852 879 967 950 victus
989 889 1099 964 esset,
1119 880 1175 952 dic
1196 892 1265 954 ter-

165 1005 217 1078 tio
240 1025 415 1078 reversus
438 1003 471 1073 ln
492 1004 600 1076 aciem
624 1003 791 1076 victorem
811 1002 894 1074 vicit
915 1003 1152 1075 Hannibalem.
1175 1003 1265 1075 Cita-

166 1126 281 1198 batur
303 1126 339 1195 in
361 1133 485 1196 testem
511 1124 630 1228 Caesar
653 1125 711 1216 qui
729 1125 774 1196 ad
794 1123 1006 1196 Duraohinm
1033 1125 1112 1195 licet
1136 1124 1265 1196 absens

166 1250 308 1333 victus,
341 1249 420 1318 fuso
444 1248 626 1331 exercitu,
665 1247 798 1320 amisso
826 1245 1028 1318 centurione
1060 1247 1262 1330 fortissimo,

167 1395 260 1444 mox
290 1371 327 1442 in
352 1370 534 1442 Thessalia
556 1391 684 1462 magno
710 1370 828 1464 praelio
855 1370 965 1442 victor
987 1370 1061 1440 suit.
1084 1370 1131 1441 Et
1155 1381 1193 1442 ut
1212 1373 1265 1442 vi—

167 1495 275 1565 rilem
298 1492 468 1587 pudorem
493 1493 667 1564 foemineae
693 1491 832 1562 virtutis
859 1489 1084 1586 exprobratio
1111 1511 1265 1585 praegra-

166 1624 293 1702 varet,
322 1614 525 1686 meminisse
552 1613 714 1686 iubebam
749 1612 891 1705 gloriosi
917 1613 1095 1698 facinoris,
1124 1613 1263 1707 quando

168 1739 351 1810 Thamiris
363 1737 513 1833 Scythiae
524 1737 652 1829 regina,
668 1758 749 1830 quae
760 1735 805 1808 ab
818 1737 875 1810 illo
887 1736 1072 1808 formidato
1085 1758 1169 1829 rege
1181 1737 1263 1808 Pcr-

169 1883 297 1934 sarum
312 1861 402 1955 Cyro
416 1859 552 1951 magnis
573 1880 742 1951 percussa
759 1858 978 1944 vulneribus
996 1880 1091 1932 caeso
1103 1881 1165 1953 per
1178 1860 1263 1930 insi-

167 1985 252 2056 dias
267 1983 435 2063 exercitu,
448 1992 483 2052 et
497 1981 598 2053 unico
611 1979 681 2050 filio
694 1982 881 2064 interfecto,
890 1999 958 2053 non
973 1991 1089 2053 tamen
1103 1981 1261 2054 muliebri

167 2103 457 2178 consternatione
479 2101 613 2172 deiecta
628 2111 692 2186 est,
709 2101 772 2172 sed
789 2103 865 2196 pari
878 2110 952 2174 arte
974 2125 1093 2194 regem
1117 2123 1262 2196 aggres-

171 2251 213 2300 sa
235 2227 416 2309 victorem,
436 2223 600 2295 virtutem
619 2222 806 2295 comitante
832 2227 978 2309 fortuna,
1006 2246 1126 2316 regem
1148 2225 1262 2320 ipsum

170 2373 255 2423 cum
275 2347 435 2419 ducentis
456 2347 641 2416 Persarum
663 2344 814 2417 millibus
833 2348 867 2418 in
889 2354 1060 2420 aeternnm
1088 2369 1260 2422 memora-

173 2472 233 2542 bili
258 2469 386 2541 ultione
409 2466 582 2539 mactarit.
605 2466 687 2538 Haec
700 2466 874 2538 ethorum
895 2468 1020 2539 similia
1044 2467 1130 2540 dnm
1150 2467 1261 2561 prima

172 2594 262 2668 facie
283 2593 413 2664 dictare
436 2610 563 2682 magno
592 2588 722 2681 impetn
743 2589 851 2660 animi
867 2590 1064 2684 coepissem,
1092 2590 1137 2663 ad
1157 2613 1261 2662 aures

174 2739 272 2790 meas
293 2716 406 2810 primo
427 2734 528 2784 mane
550 2713 720 2806 perlatum
737 2719 803 2796 est,
832 2715 964 2785 nullum
984 2711 1179 2805 magnificis
1200 2735 1262 2784 vo-

171 2838 277 2910 cibus
297 2839 410 2909 locum
440 2823 543 2908 ess'e:
577 2834 748 2907 cecidisse
778 2833 902 2906 animis
925 2836 1036 2908 victos
1068 2845 1106 2908 et
1137 2836 1261 2926 agitari

172 2959 268 3054 apud
289 2979 365 3042 eos,
389 2957 572 3029 humiliora
592 2955 704 3028 dicam
723 2977 768 3026 an
792 2955 949 3028 cautiora
974 2953 1117 3028 consilia
1144 2955 1261 3030 nescio

172 3081 316 3175 quidem
334 3079 466 3158 adnuo
488 3079 752 3171 expectabimus
778 3077 883 3152 finem
916 3079 1154 3174 iudiciumque
1179 3080 1262 3150 saci·

173 3206 255 3276 lius.
280 3201 376 3272 Tunc
401 3209 518 3270 tamen
544 3201 718 3285 intremui,
753 3203 881 3286 lateor3
913 3203 1118 3297 abiectoque
1143 3204 1262 3296 procul

173 3326 322 3404 calamo,
346 3340 481 3391 mecum
499 3319 592 3411 ipse:
615 3318 699 3412 quid
717 3324 808 3411 agol
828 3321 985 3413 inquam:
1008 3345 1052 3394 an
1074 3323 1159 3396 illud
1176 3322 1263 3395 obli-

177 3457 346 3546 tussum
384 3441 542 3512 virtutem
574 3442 675 3512 verbo
705 3463 774 3510 ooo
808 3440 949 3512 addere?
981 3443 1106 3516 Actum
1132 3459 1187 3517 est
1218 3445 1262 3516 de

176 3566 286 3658 gloria
311 3563 409 3638 urbis
439 3562 545 3647 illius,
574 3563 636 3634 sed
666 3562 858 3636 ferendum.
894 3564 1014 3636 Cuius·
1031 3567 1123 3638 enim
1146 3568 1261 3660 gentis

176 3689 379 3764 immortalis
400 3689 467 3761 erit
484 3689 597 3760 virtus
618 3709 697 3759 cum
719 3689 824 3760 luerit
846 3709 987 3761 romana
1015 3690 1196 3762 mortalis?
1219 3691 1263 3762 Et

73 3887 76 3894 ,
177 3814 324 3888 urbibus
357 3824 393 3886 et
429 3811 504 3885 orbi
538 3821 700 3884 senectus
734 3821 790 3884 est
827 3833 900 3896 sua,
940 3833 1044 3886 suum
1069 3813 1258 3897 declivum,

178 3935 262 4029 (sio),
308 3956 373 4008 sua
410 3955 515 4008 mors.
555 3931 609 4006 lu
647 3933 753 4005 finem
792 3943 916 4008 cuncta
954 3937 1135 4009 festinant:
1178 3935 1261 4009 snb-

178 4057 293 4130 eun'da
323 4077 450 4149 magno
478 4053 594 4128 animo
627 4064 822 4126 creatarum
860 4077 976 4128 rerum
1003 4058 1156 4130 omnium
1184 4079 1260 4132 sors
1305 4131 1309 4140 ,

179 4181 390 4252 communis:
425 4176 539 4250 omnia
567 4189 642 4250 orta
671 4177 850 4262 occidunt,
879 4191 915 4252 et
935 4189 1035 4254 aucte
1062 4193 1257 4256 senescunt.

309 4312 333 4346 u.
1073 4300 1104 4351 28
