2958 4804
250 353 308 412 208
589 362 629 408 NE
652 361 750 408 bubus
772 360 991 408 annihilamus

249 508 342 603 quod
363 507 468 578 miror
488 515 522 576 et
542 505 659 586 laudm
685 527 809 575 verum
841 529 889 576 ex
908 528 950 576 ea
975 506 1157 590 charitate,
1186 529 1269 600 quae
1294 519 1327 582 te

249 629 334 700 mihi
354 650 479 721 meque
505 627 565 698 tibi
585 626 750 710 conciliat,
773 628 807 696 in
828 627 948 720 primis
969 628 1137 700 admoneo
1157 639 1210 713 ut,
1229 631 1326 723 prius

248 774 353 846 quam
370 750 415 822 ad
436 750 565 822 alienas
586 751 705 819 veniat
722 770 859 833 manus,
878 748 1037 822 intendas
1057 750 1116 821 uhi
1137 751 1197 821 uni
1217 755 1327 824 versi-

248 879 339 960 culo,
358 896 462 967 quem
483 873 738 964 longiusculum
758 871 896 955 offendi,
919 871 1174 945 incumbentem
1187 873 1326 946 obelum

246 999 442 1094 inspexeris
463 995 544 1068 fidei
564 1018 652 1067 meae
678 994 838 1074 indicem,
868 993 1124 1089 abscindasque
1148 995 1243 1088 quod
1268 1019 1327 1068 su-

247 1121 395 1216 perfluit.
409 1121 529 1211 Neque
541 1117 602 1188 tibi
615 1119 732 1189 forsan
749 1117 877 1189 ideirco
894 1118 1095 1212 displiceas:
1115 1119 1184 1190 scis
1201 1125 1236 1189 in
1254 1131 1326 1191 arte

247 1245 380 1338 poetica
399 1241 563 1336 scriptum
590 1262 685 1325 esse,
714 1239 807 1333 quod
830 1239 1021 1331 quandoque
1047 1243 1149 1312 bonos
1174 1241 1328 1313 dormitat

248 1367 419 1436 Homeros.
442 1367 532 1435 Saue
558 1364 653 1458 quod
676 1362 738 1433 tibi
765 1385 926 1439 curarum
952 1373 1088 1434 tuarum
1115 1365 1326 1458 ponderibus

246 1491 387 1581 fatigato
407 1510 496 1582 opus
516 1487 646 1558 auxilio
667 1507 746 1556 meo
765 1485 866 1569 dicis,
888 1486 973 1558 lacis
994 1487 1171 1558 humiliter
1189 1497 1229 1558 ut
1248 1487 1326 1558 reli-

247 1635 325 1707 qua.
348 1611 461 1705 Atque
482 1612 615 1681 utinam
641 1608 676 1677 in
702 1609 840 1699 ingenio
861 1631 946 1694 meo,
973 1609 1072 1681 cuius
1092 1618 1128 1680 et
1160 1608 1325 1702 imploras

247 1758 350 1830 opem
369 1743 405 1805 et
424 1733 566 1805 dilatam
586 1731 694 1815 doles,
714 1729 838 1822 aliquis
857 1730 926 1801 tuis
946 1730 1092 1804 idoneus
1113 1732 1326 1823 tempestati-

248 1859 315 1930 bus
337 1866 459 1949 portus
488 1865 598 1937 esset;
632 1855 783 1947 prolecto
808 1875 876 1924 non
903 1854 1052 1926 sinerem
1073 1865 1106 1925 te
1125 1854 1256 1926 diutius
1277 1854 1326 1926 ia-

250 1981 347 2053 ctari,
369 1981 478 2075 Spero
498 1985 612 2050 autem
634 1976 758 2048 nonin
778 1976 921 2049 Thetide
942 1979 1000 2049 vel
1018 1978 1191 2073 Neptuno,
1211 1977 1326 2050 sedin

252 2126 295 2176 eo
315 2103 415 2175 cuius
436 2113 482 2171 est
502 2122 593 2170 more
613 2111 643 2169 et
662 2101 731 2193 ipse
748 2101 826 2191 feeit
845 2099 940 2183 illud,
967 2101 1061 2192 quod
1084 2101 1167 2171 vitae
1196 2111 1326 2172 nostrae

250 2225 406 2297 mortalis
429 2223 578 2296 tumidos
600 2223 727 2294 fluctus
746 2233 782 2294 et
806 2223 1036 2295 humanarum
1061 2245 1177 2294 rerum
1202 2245 1327 2318 perpe-

247 2349 317 2420 tuis
337 2347 478 2420 flatibus
497 2345 647 2438 agitatos
669 2345 844 2417 salutifero
865 2344 1013 2418 tridente
1033 2355 1240 2442 compescet.
1261 2345 1326 2417 Via

248 2471 340 2543 idem
363 2492 403 2541 ac
423 2469 607 2553 terminus,
629 2470 704 2560 dux
729 2478 764 2538 et
788 2489 920 2552 comeS,
942 2467 1041 2541 labor
1063 2490 1104 2540 ac
1129 2469 1322 2562 praemium.

246 2590 433 2685 liquidem,
452 2591 546 2684 quod
563 2591 608 2663 ad
630 2613 802 2662 summam
820 2600 935 2662 status
961 2591 1010 2661 tui
1031 2592 1164 2676 attinet,
1184 2592 1269 2662 satis
1290 2593 1324 2662 in

246 2716 402 2808 epistola,
424 2723 527 2808 quam
549 2713 594 2786 ad
614 2725 647 2784 te
679 2713 799 2784 ultimo
829 2713 917 2797 misi,
952 2713 1164 2786 disseruisse
1187 2714 1321 2798 videor,

245 2839 332 2910 meis
346 2837 472 2920 verbis
492 2837 556 2908 sed
573 2835 682 2908 aliena
701 2836 879 2906 sententia.
899 2836 1027 2930 Scripsi
1044 2835 1136 2907 enim
1154 2835 1215 2906 tihi
1232 2835 1322 2907 illius

244 2959 312 3030 viri
331 2959 449 3051 optimi
481 2969 516 3029 et
547 2957 749 3029 excellentis
781 2957 963 3028 consilium
997 2969 1152 3042 secutus,
1174 2958 1270 3050 quod
1289 2967 1323 3029 te

245 3080 374 3171 legisse
400 3088 435 3149 et
459 3079 628 3173 probasse
652 3080 732 3164 iam,
761 3101 868 3173 reque
894 3081 969 3175 ipsa
992 3081 1217 3175 probaturum
1243 3102 1322 3151 esse

244 3200 391 3274 confido.
426 3202 488 3273 Cui
521 3202 597 3273 viro
626 3212 665 3272 ut
695 3211 754 3272 tuo
783 3201 920 3273 nomine
947 3211 1064 3292 grates
1090 3223 1191 3294 agam
1211 3199 1320 3284 iubeS,

245 3325 346 3417 quasi
372 3347 486 3396 meum
514 3347 640 3397 nomen
665 3323 725 3395 tibi
756 3323 790 3392 in
823 3323 914 3395 illius
948 3323 1094 3416 gratiam
1127 3322 1323 3414 assurgenti

244 3449 357 3542 aliqua
375 3457 422 3533 et,
439 3459 476 3520 ut
488 3449 564 3544 ipse
585 3447 652 3532 ais,
673 3469 742 3518 non
760 3468 870 3541 parva
887 3469 933 3517 ex
952 3456 1049 3538 parte
1069 3445 1243 3540 profuerit.
1265 3448 1323 3517 Vi-

245 3570 289 3642 de
306 3580 434 3656 antem,
454 3592 531 3654 oro,
553 3593 612 3654 ne,
636 3569 666 3640 si
683 3591 836 3664 paream,
855 3571 912 3640 vel
933 3570 1141 3661 arrogantiae
1162 3569 1246 3639 mihi
1267 3571 1323 3642 vel

245 3693 393 3766 inscitiae
415 3703 583 3777 vertatur,
607 3715 684 3764 corn
708 3701 740 3762 te
760 3692 942 3784 potiusjlli
962 3715 1024 3786 pro
1045 3716 1101 3764 me
1121 3693 1240 3785 ignoto
1259 3692 1323 3762 ho-

244 3813 336 3886 mine
357 3814 431 3886 iure
452 3826 511 3886 tuo
532 3814 663 3906 gratias
684 3834 793 3904 agere
818 3833 880 3905 par
902 3812 960 3897 sit;
981 3815 1075 3906 quod
1096 3814 1124 3884 si
1145 3815 1252 3885 nihilo
1272 3823 1323 3884 ta-

245 3957 325 4006 men
357 3937 473 4019 voles,
497 3935 778 4029 reprehensionis
805 3937 952 4029 propriae
987 3960 1144 4023 securus,
1167 3936 1322 4032 petitioni

246 4067 318 4130 tuae
337 4055 522 4150 obsequar.
545 4059 676 4153 Nempe
696 4081 788 4130 nunc
810 4059 922 4131 eidem
945 4060 992 4130 illi
1017 4061 1060 4132 de
1085 4082 1122 4132 re
1147 4060 1320 4131 maxima:

244 4177 328 4270 quid
345 4179 436 4250 enim
453 4180 547 4253 inter
566 4181 736 4265 homines⁷
757 4192 835 4275 post
852 4181 1027 4269 virtulem,
1047 4182 1193 4255 amicitia
1211 4183 1323 4252 maius
