3062 4798
278 329 336 393 lot
612 341 653 388 ns
677 339 777 388 ancus
799 325 1021 388 raururameus'

280 478 324 549 mi
347 475 454 570 patris
476 476 672 570 amplector,
691 475 777 545 etin
795 475 1009 565 ecquidem,
1029 473 1123 566 quod
1141 474 1225 545 mibi
1245 491 1360 547 secrc-

280 611 353 673 tum
373 621 454 670 esse
471 595 581 682 iubes,
602 609 715 668 tecum
735 596 865 668 sentio:
884 598 928 669 dc
947 596 1090 689 reliquis
1108 600 1245 668 fortuna
1263 598 1360 670 vidc-

254 723 324 806 ‚rit
349 719 408 793 ubi
434 719 609 804 desinant,
638 721 716 812 quis
738 719 869 804 exitus
893 718 972 811 quis
999 728 1167 804 eventus,
1195 720 1228 790 in
1256 742 1359 813 quam

281 855 413 938 partem
436 843 575 936 obliquo
593 842 688 933 vulgi
709 841 836 914 iudicio
854 841 1057 913 trahantur:
1081 844 1164 914 mibi
1185 843 1361 935 contingat

282 967 367 1037 nihil
383 988 488 1058 agere
505 965 604 1036 cuius
623 986 691 1036 non
709 965 796 1036 ratio
814 965 1001 1057 probabilis
1020 966 1120 1038 reddi
1136 967 1257 1060 possit.
1278 969 1362 1038 Sen-

283 1088 330 1158 tio
350 1088 511 1180 equidem
533 1087 628 1178 qnod
648 1096 834 1178 antequam
863 1086 1036 1157 scriberes
1057 1089 1265 1175 sentiebam,
1287 1089 1361 1161 lati-

283 1235 350 1305 que
369 1211 438 1280 mei
460 1209 622 1300 reliquias
641 1230 803 1299 agnosco.
827 1209 919 1278 lnter
939 1211 1053 1303 populi
1074 1232 1199 1282 manus
1220 1233 1361 1283 versor:

283 1355 360 1403 mea
391 1353 467 1402 sors
494 1339 607 1402 vetus
635 1331 703 1401 Sed
726 1331 806 1425 noli,
827 1351 897 1412 ore,
920 1329 1090 1402 diffidere.
1112 1333 1362 1406 Confricationc

284 1453 408 1525 clarior
430 1453 520 1524 fiam.
543 1452 634 1536 Quid
655 1452 776 1522 faciam
799 1451 896 1522 videt
914 1455 1045 1544 vulgus
1066 1455 1240 1526 interdum
1256 1484 1263 1525 :
1282 1457 1364 1550 quid

284 1578 431 1668 cogitem
459 1598 527 1647 non
551 1575 667 1645 videt:
694 1574 742 1645 ita
762 1573 896 1644 meliori
922 1575 989 1645 mci
1010 1585 1123 1667 parte,
1152 1578 1259 1650 immo
1278 1603 1363 1674 pene

284 1708 377 1772 totus
395 1699 490 1770 illum
511 1702 611 1769 lateo.
632 1696 700 1767 Sed
717 1706 815 1767 esto:
839 1696 922 1766 solis
939 1717 986 1767 ex
1008 1697 1141 1768 actibus
1162 1699 1361 1772 iudicemur.
1440 1725 1450 1735 ·

284 1820 375 1903 Quid
407 1828 522 1889 tamen
556 1819 635 1889 ideo
662 1818 727 1889 sibi
761 1820 836 1888 vult
861 1820 1014 1908 vulgus?
1042 1819 1174 1914 Nempe
1203 1822 1364 1893 omnibus

283 1921 450 2035 qnantum
471 1940 566 2012 licuit
583 1941 853 2032 circumspectis
876 1940 940 2010 leci
958 1939 1052 2032 quod
1072 1941 1197 2012 melius
1213 1969 1220 2010 :
1236 1943 1266 2013 si
1283 1943 1364 2036 quid

284 2063 340 2134 hic
373 2062 469 2134 dubii
500 2073 566 2147 est,
594 2073 628 2134 at
654 2066 774 2134 saltem
806 2062 900 2156 quod
927 2062 1041 2133 minus
1068 2065 1196 2135 malum
1223 2065 1362 2138 credidi.

285 2186 410 2257 Parum
431 2187 521 2257 enim
544 2185 645 2257 abest
669 2195 707 2256 ut
728 2196 844 2278 putem
865 2185 951 2254 nihil
976 2185 1032 2256 bic
1053 2184 1134 2256 boni
1160 2185 1236 2258 lieri
1257 2185 1363 2260 adsti-

284 2311 440 2400 pulatore
460 2309 667 2380 Psalmista:
694 2332 761 2378 coc
790 2319 836 2377 est
859 2309 916 2399 qui
932 2309 1036 2397 faciut
1062 2310 1197 2395 bonum,
1225 2334 1295 2381 non
1321 2323 1364 2382 est

283 2429 452 2520 usquead
480 2453 594 2500 renum.
622 2433 802 2502 Postremo
835 2431 909 2500 sive
942 2429 1073 2500 bunum
1108 2431 1185 2502 sive
1218 2437 1360 2540 malum,

282 2549 347 2620 feci
383 2553 503 2643 procul
539 2553 645 2624 dubio
682 2553 775 2644 quod
812 2573 955 2622 necesse
988 2551 1061 2623 luit.
1101 2553 1186 2635 Quis
1223 2556 1364 2628 audebit

283 2670 484 2767 obstrepere
504 2697 573 2746 non
594 2675 707 2746 dicam
726 2675 851 2747 iudicio
872 2698 958 2760 meo,
980 2677 1041 2746 sed
1063 2679 1284 2750 necessitatis
1302 2680 1363 2750 im-

283 2794 394 2889 peri0,
422 2798 557 2880 clavos,
581 2808 619 2867 ut
639 2799 781 2868 Flaccus
808 2804 924 2880 vocat,
948 2797 1189 2872 adamantinos
1219 2805 1362 2875 summis

283 2916 473 3012 verticibus
507 2918 695 3008 affigenlis,
730 2929 766 2986 et
798 2918 880 3008 iugo
914 2919 1047 2991 aheneo
1070 2921 1220 3014 superba
1242 2947 1362 3016 regum

230 3125 238 3134 ἱ
283 3038 369 3106 colla
390 3036 577 3105 calcantis?
593 3036 684 3118 Quid
704 3038 796 3106 enim
819 3059 972 3129 agerem,
995 3039 1124 3132 quibus
1146 3051 1264 3116 uterer
1285 3067 1363 3116 ver-

283 3156 356 3240 bis,
392 3177 481 3247 quas
516 3179 709 3248 quaererem
743 3160 868 3250 fugas?
898 3161 1032 3244 Quibus
1066 3163 1133 3234 viis
1161 3167 1360 3251 evaderem,

284 3277 411 3372 quibus
432 3278 565 3350 artibus
589 3282 673 3351 tanti
695 3283 882 3375 precatoris
903 3283 1039 3376 pondus
1066 3297 1280 3374 excuterem,
1308 3289 1363 3360 cui

283 3400 410 3472 lentius
432 3401 574 3473 obedire
596 3403 760 3475 rebellare
786 3407 882 3477 erati
902 3406 1030 3476 Scitum
1050 3420 1104 3479 est
1125 3409 1210 3481 illud
1226 3409 1363 3482 Laberii

282 3522 318 3591 iu
339 3505 460 3593 Iulium
488 3523 686 3596 Caesarem:
713 3525 848 3598 Etenim
873 3529 938 3619 ipsi
961 3526 1123 3620 decepere
1149 3532 1205 3599 cui
1228 3533 1278 3600 cil
1301 3553 1364 3622 po-

285 3655 418 3714 tueruut
447 3645 513 3730 Dii,
548 3648 712 3718 bominem
747 3673 798 3718 me
836 3648 995 3742 decepere
1029 3652 1099 3741 quis
1126 3663 1236 3743 posset
1259 3652 1363 3744 poti?

284 3766 355 3836 Hoc
388 3766 472 3836 mihi
503 3769 548 3840 ad
568 3771 714 3862 primam
740 3771 831 3842 illius
857 3771 1006 3843 occurrit
1032 3795 1164 3856 vocem,
1193 3775 1296 3846 simul
1329 3785 1364 3846 et

284 3886 368 3956 illud
388 3909 456 3959 non
478 3889 628 3980 ignobile
649 3891 789 3976 dictum,
808 3893 887 3964 licet
908 3892 952 3965 ab
972 3891 1114 3986 ignobili
1135 3896 1254 3968 Poeta:

460 4033 512 4096 list
528 4051 617 4097 orare
636 4035 744 4100 ducem
761 4023 874 4117 species
892 4037 1023 4102 violenta
1040 4039 1180 4119 iubendi,

524 4139 560 4220 Et
575 4141 663 4216 quasi
680 4143 792 4206 nudato
810 4144 955 4224 supplicat
972 4160 1044 4208 ense
1059 4150 1175 4225 potens.
