3062 4798
270 358 330 418 tto
607 366 648 413 nn
670 363 772 414 onnus
793 361 1016 412 rturnraxtsus

271 530 340 600 que
361 512 619 599 praecesserunt
639 509 699 574 aut
720 500 859 594 sequuti
879 511 961 572 sunt
981 508 1042 570 aut
1058 519 1171 592 usque
1193 499 1228 570 in
1249 498 1350 572 finem

272 629 391 701 saeculi
409 635 614 720 sequentur,
629 626 747 696 confer
763 623 824 695 uni
841 622 989 696 christo.
1003 621 1147 694 Videbis
1166 625 1256 694 elata
1267 624 1354 694 sorte

272 750 336 822 sed
350 751 417 821 iam
432 749 547 820 inania
556 747 705 832 nomina,
714 757 750 818 et
761 746 854 839 quod
869 746 973 817 valde
986 767 1202 840 suspexeras
1215 745 1353 838 cognita

271 872 418 944 veritate
438 870 621 962 despicies.
641 867 763 940 Subito
781 866 946 961 splendor
962 867 1019 938 ille
1036 848 1202 952 cessabit,
1216 867 1285 937 nisi
1301 867 1351 938 sol

272 995 413 1066 iustitiae
431 992 591 1065 Christus
605 980 774 1074 illuxeritss
792 993 838 1064 ad
855 993 950 1085 quod
962 991 1180 1064 credendum
1191 991 1353 1084 quamvis

272 1119 402 1190 nensis
418 1117 670 1202 exhortandus,
687 1126 725 1186 ut
746 1098 1039 1186 tamen'securius
1058 1115 1179 1187 maiori
1197 1115 1266 1188 fide
1279 1139 1355 1188 cre-

272 1242 337 1312 das
359 1240 462 1312 velim
484 1239 649 1330 cogitanti
670 1239 730 1310 tihi
750 1239 795 1313 de
821 1238 888 1310 hae
906 1232 1002 1310 read
1017 1241 1220 1312 memoriam
1236 1240 1355 1312 redeat

272 1365 328 1434 ille
348 1360 473 1455 psalmi
492 1339 604 1433 locus:
618 1361 741 1432 absorti
755 1373 833 1432 scot
850 1363 958 1432 isidoti
967 1361 1071 1455 pctr‘t'e
1086 1359 1209 1432 iudices
1225 1385 1354 1432 eorum:

275 1473 350 1558 sive
364 1495 402 1557 ut
422 1484 605 1557 translatio
621 1493 725 1556 vetus
742 1484 864 1556 habet:
878 1486 1001 1557 absorti
1016 1497 1093 1554 sont
1109 1486 1210 1554 tuoto
1221 1496 1353 1584 petram

272 1601 395 1676 iudices
422 1624 544 1672 eorum.
573 1604 675 1674 Petra
700 1613 816 1674 autem
843 1612 882 1672 ut
899 1597 1076 1675 'novimus
1105 1603 1267 1675 Christus
1290 1612 1353 1674 est.

273 1728 393 1820 ltaque
411 1727 523 1796 locum
542 1725 637 1796 illum
655 1746 837 1817 exponens
863 1722 1082 1817 Augustinus
1104 1751 1125 1792 c<
1149 1735 1221 1797 tota
1246 1736 1352 1810 terra,

277 1877 292 1913 n
321 1849 446 1941 inquit,
465 1871 486 1919 a
504 1849 587 1921 solis
601 1856 679 1920 ortu
694 1869 808 1939 usque
825 1848 870 1919 ad
891 1845 1052 1920 occasum
1071 1849 1212 1920 laudate
1229 1871 1355 1921 nomen

271 1998 292 2034 1ι»
322 1971 474 2042 Domini:
489 1971 580 2054 Quid
593 1970 723 2043 iaciunt
739 1970 840 2064 pauci
853 1971 953 2043 aliter
969 1970 1210 2063 disputantes?
1223 1974 1354 2045 iudices

278 2123 292 2159 r
324 2104 405 2166 sunt
425 2095 622 2190 impiorum.
643 2094 713 2165 Sed
732 2095 818 2189 quid
838 2095 883 2166 ad
905 2098 959 2167 te‘?
979 2095 1060 2167 vide
1082 2096 1166 2188 quid
1187 2098 1353 2190 sequitur.

280 2247 294 2282 n
323 2199 464 2293 Absorti
479 2219 673 2291 suntiuxta
686 2225 820 2312 petram
834 2217 967 2289 iudices
980 2240 1111 2290 eorum.
1124 2221 1227 2290 Petra
1240 2231 1354 2292 autem

280 2371 295 2406 n
325 2352 401 2414 erat
419 2343 588 2414 Christus.
607 2339 749 2411 Absorti
767 2351 849 2412 sunt
865 2339 963 2412 iuxta
982 2351 1131 2435 petram:
1150 2343 1250 2414 iuxta
1266 2344 1356 2416 idest

279 2491 294 2525 u
324 2465 513 2556 comparati
530 2463 663 2536 iudices
682 2463 814 2554 magni,
833 2473 1007 2558 polentae,
1030 2464 1133 2535 docti.
1151 2465 1221 2558 ipsi
1237 2465 1356 2538 dicun-

280 2610 295 2646 »
325 2592 381 2652 tur
393 2580 526 2652 iudices
540 2601 675 2663 eorum,
696 2590 861 2672 tanquam
878 2579 1308 2668 iudicantesdemoribus‚
1323 2595 1357 2655 et

281 2733 296 2770 »
326 2705 533 2776 sententiam
548 2703 877 2796 proferentesDixit
890 2702 957 2774 hoc
969 2700 1191 2788 Aristoteles;
1206 2707 1356 2800 adiunge

280 2849 298 2893 s
326 2829 421 2900 illurn
449 2837 560 2922 petrae
585 2838 620 2898 et
640 2826 804 2898 absortus
830 2836 896 2897 est.
924 2826 1015 2911 Quid
1041 2837 1096 2898 est
1120 2825 1355 2901 Aristoteles?

282 2981 297 3016 tt
327 2950 467 3033 Audiat,
486 2949 576 3022 dixit
596 2949 771 3032 Christus,
793 2955 828 3018 et
848 2950 941 3042 apud
961 2949 1089 3020 inferos
1110 2953 1351 3025 contremiscit.

281 3098 296 3134 n
325 3071 420 3140 Dixit
435 3068 500 3139 hoc
518 3069 752 3164 Pythagoras,
775 3069 865 3142 dixit
885 3071 952 3143 hoe
970 3074 1083 3145 Plato:
1106 3075 1259 3167 adiunge
1280 3075 1354 3146 illos

282 3221 298 3257 n
328 3201 447 3285 petrae
462 3212 625 3286 compara
638 3191 877 3266 auctoritatem
892 3196 1026 3268 illorum
1041 3197 1236 3268 auctoritati
1249 3219 1356 3269 evan-

283 3349 297 3382 „
328 3317 460 3410 geticae,
480 3336 642 3409 compara
659 3315 794 3390 inflatos
813 3317 998 3390 Crucifixo.
1017 3321 1181 3392 Dicamus
1201 3321 1269 3404 eis;
1292 3341 1355 3392 vos

283 3471 299 3508 t
327 3442 608 3514 litterasvestras
620 3442 877 3534 conscripsistis
892 3442 926 3512 in
939 3442 1102 3514 cordibus
1114 3442 1353 3537 superborum.

282 3595 298 3632 o
328 3567 389 3638 ille
409 3586 549 3636 crucem
568 3570 669 3636 suarn'
690 3563 767 3634 fixit
783 3563 818 3635 in
835 3564 999 3636 cordibus
1021 3588 1155 3658 regum.
1176 3566 1356 3637 Postremo

284 3721 300 3755 n
328 3698 487 3761 mortuus
504 3695 559 3759 est
579 3698 615 3758 et
633 3688 840 3759 resurrexit:
859 3689 985 3760 mortui
1005 3689 1092 3760 estis
1108 3697 1145 3759 et
1163 3692 1244 3760 nolo
1259 3709 1357 3782 quae-

285 3839 300 3876 »
327 3832 406 3884 rere
430 3809 727 3906 quemadmodum
754 3812 958 3901 resurgatis.
984 3813 1079 3905 Ergo
1112 3810 1243 3882 absorti
1276 3821 1357 3882 sunt

283 3963 299 3997 n
330 3935 427 4006 iuxta
448 3945 584 4028 petram
607 3932 709 4004 istam
731 3927 862 4005 iudices
884 3956 1020 4006 eorum:
1042 3935 1175 4008 tamdiu
1195 3933 1357 4006 videntur

283 4083 299 4118 n
330 4057 459 4148 aliquid
485 4057 601 4128 dicere
626 4055 735 4146 donec
760 4067 1002 4149 comparentur
1027 4068 1145 4151 petrae.
1173 4085 1187 4122 a
1208 4059 1290 4128 Haeo
1314 4055 1358 4126 ad

281 4174 429 4245 litteram
453 4177 682 4266 Augustinus.
705 4179 811 4250 Multa
833 4179 972 4271 quidem
1002 4180 1103 4254 hodie
1125 4193 1163 4251 ut
1184 4181 1283 4252 vides
1313 4182 1357 4252 de
