3078 4798
265 350 324 411 314
599 363 641 410 un
663 363 764 411 uanus
786 362 1008 412 mutuamus
1108 379 1109 386 ι

264 523 333 573 non
370 499 500 582 visum,
539 499 631 570 circa
667 498 851 570 occiduum
889 499 997 570 ltaliae
1034 497 1176 572 limitem
1216 497 1344 572 Varum

263 643 400 693 amnem
421 619 511 691 bello
525 619 591 692 iter
602 621 830 711 interruptum
850 623 975 714 reperii
992 620 1116 714 alpinis
1132 621 1344 714 quibusdam

264 743 426 836 gentibus
453 742 595 814 armatis
622 742 668 814 ad
694 741 775 813 litus
799 743 932 814 effusis.
966 743 1013 814 lis
1044 765 1112 835 ego
1145 744 1344 816 rumoribus

265 865 368 936 simul
389 875 424 936 et
444 866 633 936 amicorum
650 864 813 961 precibus
834 875 1031 956 permotus,
1054 876 1186 940 mutato
1202 868 1345 939 consitio

264 987 403 1058 flectere
432 987 498 1056 iter
530 986 678 1068 institui3
700 987 839 1078 iamque
859 985 1061 1056 Gebennam
1082 985 1267 1078 petiturus,
1291 1010 1344 1058 me

145 1107 150 1116 ’
264 1108 444 1182 vertebam
462 1109 507 1181 ad
524 1110 662 1193 laevam,
682 1106 765 1179 dum
786 1129 866 1178 ecce
884 1109 1084 1202 repentinus
1102 1108 1213 1180 imber
1229 1110 1344 1183 omnia

264 1231 462 1326 complevit:
484 1229 645 1323 quamvis
674 1240 754 1300 ante
785 1239 821 1302 et
854 1239 932 1322 post
961 1240 1055 1302 tanta
1074 1231 1150 1302 coeli
1171 1241 1344 1323 terraeqne

253 1331 401 1443 siccitas
422 1355 537 1438 suerit,
560 1363 724 1446 quantam
747 1352 914 1438 vidimus
936 1352 997 1423 vix
1015 1354 1176 1445 legimus.
1198 1353 1344 1426 Substiti

264 1478 404 1558 anxius,
427 1497 575 1569 raroque
597 1496 749 1567 unquam
770 1475 899 1546 otarius
926 1475 1013 1560 vidi,
1042 1475 1127 1579 quid
1160 1477 1206 1547 sit
1237 1476 1342 1549 illud:

264 1600 452 1668 cartonen·
472 1601 585 1668 timere
605 1620 625 1668 a
645 1597 790 1688 Virgilio
807 1599 967 1668 relatum.
986 1600 1071 1670 Erat
1088 1599 1173 1669 mibi
1190 1599 1343 1693 praedul-

264 1721 314 1791 cis
348 1719 513 1790 librorum
549 1718 738 1802 sarcinula,
770 1729 804 1790 et
838 1729 998 1790 veterum
1024 1719 1122 1792 libris
1147 1721 1343 1792 immixtum

264 1839 455 1934 pauxillum
472 1861 644 1932 nugarum
664 1862 834 1924 mearum,
851 1841 978 1934 quibus
992 1842 1067 1934 ipse
1081 1864 1221 1935 quoque
1237 1843 1345 1912 Mem-

263 1963 410 2057 phiticos
432 1983 583 2059 papyros
604 1963 742 2058 imple0,
765 1987 834 2035 non
855 1963 937 2058 quia
957 1964 1042 2036 illud
1062 1986 1166 2055 agere
1193 1965 1238 2035 sit
1258 1965 1344 2060 opti-

264 2108 372 2170 mum,
396 2086 458 2157 sed
480 2085 561 2178 quia
582 2086 666 2158 illud
686 2087 771 2158 nihil
788 2109 894 2179 agere
913 2086 1066 2171 difficile,
1082 2088 1292 2180 pessimum,
1310 2098 1344 2158 et

263 2218 430 2302 praeterea
452 2208 668 2303 impossibile
690 2209 774 2280 mibi
792 2219 827 2280 at
844 2208 1030 2280 insolitum.
1049 2210 1087 2279 ln
1105 2231 1148 2280 eo
1165 2217 1260 2280 statu
1276 2231 1343 2283 non

242 2335 362 2424 'tergo
383 2331 546 2403 timebam
574 2332 618 2404 ad
644 2331 760 2404 omnia
786 2331 926 2414 durato,
960 2339 997 2402 et
1027 2332 1118 2402 ferre
1138 2331 1343 2425 iampridem

262 2457 365 2528 docto
399 2477 467 2525 non
503 2465 638 2526 tantum
675 2455 812 2547 pluvias
842 2476 966 2538 uerum
991 2453 1139 2545 glacies,
1175 2462 1287 2526 aestns
1310 2463 1345 2526 et

262 2577 465 2669 grandinos,
488 2577 688 2670 nulliusque
706 2577 774 2647 iam
793 2576 922 2649 laboris
940 2586 1001 2649 aut
1017 2577 1158 2670 periculi
1181 2577 1344 2668 inexper-

264 2710 311 2772 to:
332 2723 402 2773 non
422 2701 588 2772 timebam
617 2702 713 2770 lateri
743 2712 774 2770 et
803 2703 899 2771 owneri
923 2711 961 2772 ut
985 2700 1128 2782 AEneaS‚
1157 2699 1221 2772 sed
1246 2699 1344 2770 oneri

262 2825 449 2897 dumtaxat
469 2833 506 2894 ut
525 2821 698 2893 Metabus:
719 2824 830 2894 fateor
849 2823 940 2894 enim
963 2841 1054 2894 oarae
1079 2820 1162 2892 mibi
1189 2820 1345 2894 sarcinu-

265 2950 309 3017 lae
331 2944 539 3017 metuebam.
558 2942 650 3027 Quid
667 2948 832 3034 agerem?
849 2944 972 3016 Omnia
990 2965 1139 3027 meeum,
1161 2954 1198 3016 ut
1214 2943 1261 3014 ait
1278 2943 1342 3027 ille,

264 3066 431 3148 versanti,
455 3065 572 3136 visum
606 3073 662 3136 est
695 3066 914 3138 manifestam
948 3063 1204 3158 quodammodo
1228 3065 1345 3158 probi-

265 3188 380 3260 bentis
401 3187 463 3258 Dei
484 3189 697 3260 voluntatem
719 3211 812 3276 esse,
834 3213 880 3262 no
900 3197 982 3262 tuno
1002 3191 1101 3260 irem:
1123 3209 1212 3282 pene
1237 3187 1345 3260 irreli-

265 3312 364 3404 giosa
382 3310 586 3405 improbitas
611 3322 665 3383 est
690 3313 776 3396 visa,
800 3311 830 3383 si
850 3312 981 3384 divinae
1004 3310 1225 3404 prohibitioni
1244 3310 1345 3404 qnasi

264 3435 332 3507 mei
346 3435 432 3506 iuris
444 3433 694 3506 incumbere-m.
707 3435 903 3506 Memorans
916 3456 1002 3526 ergo
1015 3435 1228 3506 Cleantaeum
1246 3433 1344 3508 illud:

263 3556 388 3628 ducunt
405 3559 568 3628 volentem
582 3560 666 3647 suto,
689 3559 854 3627 nolentem
872 3558 1024 3640 trabunt,
1039 3556 1132 3628 cossi
1146 3558 1283 3641 volenS,
1302 3577 1345 3628 ne

264 3679 396 3752 invitus
417 3681 596 3764 cederem,
619 3677 812 3772 praemissis
832 3678 868 3750 in
894 3679 1025 3751 ltaliam
1053 3678 1185 3770 aliquot
1207 3677 1345 3750 famulis

264 3824 334 3873 non
355 3803 466 3894 magis
491 3811 528 3872 ut
548 3801 736 3895 praesentia
756 3800 803 3873 ibi
825 3822 889 3872 sua
909 3801 958 3873 rei
980 3799 1158 3872 familiaris
1183 3819 1346 3874 necessa-

264 3927 315 3994 ria
335 3932 513 4008 curarent,
536 3945 640 4016 quam
675 3933 713 3994 ut
744 3923 802 3994 hio
833 3923 999 4016 digressu
1031 3943 1095 3993 suo
1126 3919 1346 3994 solitudinem

264 4044 349 4114 mihi
370 4047 524 4116 tacerent
541 4045 710 4116 laxiorem
725 4043 905 4138 otiumque
921 4043 1150 4137 tranquillius.
1168 4045 1238 4115 Vix
1258 4041 1347 4114 boue

264 4163 499 4236 disoesserant
521 4176 723 4258 tantumque
744 4165 889 4237 aberant
915 4175 953 4236 ut
979 4165 1045 4237 iam
1072 4187 1137 4238 nec
1163 4161 1347 4238 revocandi
