2988 4800
423 319 514 366 urnsa
537 319 1014 398 ouooucruus-srtsronau.
1196 311 1253 370 tot

180 455 259 550 quid
279 455 434 526 Caesarei
455 455 561 525 moris
583 454 705 538 hahes,
728 478 806 526 cunr
829 466 864 526 et
885 452 992 526 multa
1014 457 1199 552 supersint,
1219 470 1253 530 et

178 599 378 672 supremam
399 586 458 647 tua
479 577 625 646 celebris
648 577 756 668 gloria
782 599 922 647 manum
944 588 1071 669 poscat.
1093 579 1253 652 Vidimus

177 712 208 770 te
224 701 392 771 adversae
405 701 552 768 fortunae
570 697 911 789 magnificentissime
929 700 1167 770 reluctantem:
1186 702 1253 773 iam

175 821 350 893 cernimus
374 832 406 891 te
432 819 610 891 victorem.
639 820 707 889 Sed
732 841 775 890 en
803 820 928 890 totiens
954 821 1045 892 victa
1069 825 1254 896 revertitur

175 954 319 1039 aspectu
341 943 455 1015 mitior
467 954 502 1014 et
514 953 647 1013 auratae
662 942 818 1026 cassidis
837 951 874 1013 ut
887 941 933 1013 ita
947 943 1105 1028 dixerim,
1121 948 1254 1037 fulgore

175 1068 328 1139 suavior.
350 1067 472 1138 Vicisti
493 1066 691 1147 advcrsam;
716 1089 882 1162 prospera
911 1066 1000 1136 redit
1025 1067 1060 1137 in
1085 1069 1253 1160 praelium.

174 1193 265 1277 Quid
285 1196 421 1287 putas?
441 1193 574 1263 Mutata
597 1201 677 1260 sunt
699 1213 807 1276 arma,
822 1213 892 1261 non
905 1191 1032 1273 hostis;
1047 1203 1081 1262 et
1097 1191 1155 1262 tibi
1170 1215 1257 1285 quo-

173 1336 240 1406 que
262 1334 358 1385 novo
384 1336 559 1385 armorum
582 1336 709 1405 genere
737 1335 824 1406 opus
846 1323 910 1384 est.
938 1314 1023 1391 Nolo
1043 1315 1135 1384 enim
1162 1316 1256 1385 aesti-

172 1457 247 1505 mes
282 1435 399 1505 minus
432 1457 511 1506 esse
544 1435 672 1525 negotii
706 1413 856 1526 quando
875 1434 986 1504 hostis
1014 1446 1065 1504 est
1086 1434 1253 1507 blandior.

172 1559 314 1628 Nullum
332 1557 534 1629 insidiosius
552 1558 679 1628 bellum
698 1569 762 1641 est,
786 1580 889 1650 quam
909 1558 968 1628 ubi
989 1558 1163 1629 blanditiis
1181 1581 1256 1629 cre·
1268 1557 1304 1602 ‘s‘

172 1680 303 1750 dulitas
324 1691 553 1773 oppugnatur.
577 1683 613 1751 ln
633 1691 727 1752 arcto
748 1681 888 1773 quidem
909 1681 1051 1771 egregie
1076 1704 1150 1752 rem
1177 1705 1256 1773 ges-

173 1803 266 1873 sisti:
285 1805 423 1894 qualem
438 1816 471 1874 te
485 1803 519 1873 in
537 1814 657 1896 aperto
671 1803 850 1888 exhibeas
870 1815 1109 1899 expectamus.
1129 1807 1256 1876 lllultos

173 1927 206 1995 in
227 1926 389 2017 angustis
411 1926 606 1998 indefessos
625 1927 831 2018 campestris
850 1949 967 2018 pugna
985 1919 1146 2011 lassavit,
1169 1932 1257 1998 mul-

174 2058 227 2120 tos
248 2051 284 2119 in
306 2047 579 2121 adversitatibus
614 2051 718 2120 fortes
751 2048 847 2120 viros
885 2051 1020 2119 fortuna
1057 2047 1257 2142 prosperior

174 2173 308 2243 stravit.
331 2171 499 2243 Hannibal
522 2173 647 2242 Cannis
672 2172 793 2255 victor,
828 2171 944 2242 victus
979 2181 1035 2239 est
1056 2172 1196 2262 Capuae,
1222 2182 1258 2239 et

173 2297 346 2378 ardorem,
366 2318 469 2388 quem
492 2295 613 2367 Trebia
632 2295 785 2386 glacialis
801 2294 1015 2374 accenderat,
1032 2303 1130 2387 tepor
1142 2293 1257 2388 extin-

174 2420 235 2488 xit.
259 2419 361 2510 Saepe
381 2441 451 2511 pax
472 2416 696 2511 periculosior
717 2417 806 2487 hello
826 2416 900 2486 suit.
919 2416 1036 2486 lllultis
1058 2417 1176 2487 nocuit
1196 2415 1258 2487 ad-

174 2541 334 2611 versario
354 2539 521 2611 caruisse.
545 2541 782 2632 Quorumdam
803 2538 916 2610 virtus
938 2539 1008 2610 otio
1028 2539 1141 2621 latuit,
1170 2562 1257 2632 quo-

174 2664 335 2735 rumdam
356 2642 442 2734 vero
462 2685 606 2757 prorsus
629 2665 810 2750 emarcuit,
834 2667 945 2734 locum
974 2664 1123 2734 submoti
1145 2664 1255 2732 hostis

175 2794 368 2880 occupante
381 2785 530 2855 luxuria.
544 2786 643 2856 Nulla
657 2785 789 2856 homini
803 2784 1009 2880 pertinacior
1022 2787 1064 2854 lis
1078 2793 1133 2853 est
1149 2807 1255 2875 quant

175 2932 254 2979 cum
276 2908 392 2980 animo
412 2907 637 3001 moribusque
660 2909 744 2979 suis.
765 2911 945 3003 Nusquam
967 2907 1083 2979 minus
1103 2907 1257 2977 inducia-

177 3054 263 3101 rum.
279 3032 370 3100 Intra
384 3053 520 3101 murum
534 3053 650 3125 pugna
664 3031 872 3115 conseritur;
890 3032 955 3102 hoc
973 3054 1085 3123 genus
1104 3030 1253 3101 hostium

176 3151 266 3222 bello
299 3151 515 3244 languidum,
551 3175 637 3246 pace
669 3154 843 3225 fervidum
870 3155 1087 3246 experimur,
1121 3164 1156 3225 et
1189 3153 1256 3224 sub

179 3283 258 3366 toga
279 3277 357 3366 plus
379 3297 545 3347 ausurum
567 3299 671 3369 quam
694 3276 760 3346 sub
779 3279 887 3367 galea.
908 3277 951 3346 Ut
968 3288 1114 3348 caeteras
1133 3287 1255 3368 gentes

179 3399 309 3482 sileam,
337 3401 510 3470 Romanos
537 3398 626 3471 bello
652 3400 836 3471 indomitos
862 3411 897 3469 et
922 3400 1074 3469 omnium
1101 3401 1254 3490 gentium

181 3522 329 3592 victores
349 3543 420 3614 pax
441 3523 623 3614 tranquilla
643 3521 849 3616 perdomuit,
878 3531 913 3592 et
938 3533 976 3591 ut
1001 3520 1142 3614 quidam
1164 3519 1255 3590 illius

179 3645 244 3713 aevi
271 3644 457 3736 scriptores
483 3645 743 3737 elegantissime
769 3649 1014 3727 lamentantur,
1043 3644 1174 3713 victum
1200 3665 1256 3712 or-

181 3766 258 3836 bem
278 3767 449 3838 victorum
471 3767 597 3838 victrix
618 3769 757 3839 luxuria
776 3771 847 3839 ulta
865 3778 928 3836 est.
948 3765 1048 3848 Quod
1067 3764 1257 3858 praesagire

181 3889 363 3960 videbatur
381 3889 493 3981 Scipio
510 3889 580 3974 ille,
596 3891 651 3961 vir
669 3892 852 3983 optimusa
868 3898 991 3959 senatu
1009 3887 1158 3970 habitus,
1173 3887 1257 3956 dum

182 4021 250 4082 tam
270 4013 390 4097 enixe,
413 4013 552 4084 Catonis
576 4014 818 4107 sapientissimi
838 4013 918 4084 licet
937 4013 1030 4084 senis
1048 4012 1258 4083 adversante

184 4139 358 4220 sentent-ia,
380 4137 486 4207 deleri
508 4137 750 4229 Carthaginem
778 4137 999 4231 prohibebat,
1023 4159 1091 4207 non
1109 4137 1203 4229 quod
1221 4137 1260 4204 il-
