3078 4798
286 311 343 372 32l
625 325 665 372 mr
688 325 788 373 uenus
810 324 1033 374 riuummnus

286 481 359 531 mas
391 483 431 532 ac
465 461 594 542 munis
617 461 745 532 uberes
770 462 901 552 gratias
937 483 1018 552 ago,
1054 471 1089 533 et
1120 462 1215 557 quod
1249 486 1370 538 mones

254 649 261 664 ,
285 583 483 674 amplector.
506 581 690 654 Senseram
709 591 745 651 et
762 581 828 652 boc
845 582 960 677 ipsum
980 583 1076 677 prius
1096 584 1292 678 tacitusque
1309 608 1371 658 no-

285 713 455 787 taveram3
474 705 538 776 sed
555 706 699 774 multum
718 713 773 775 est
790 705 875 776 dum
893 704 1082 797 cognitioni
1098 705 1217 778 dubiae
1237 708 1371 782 aceedit

284 827 441 899 docentis
461 827 658 898 auctoritas.
681 826 782 910 Quod
796 827 968 920 opinabar
984 827 1072 900 scio:
1090 829 1272 923 epistolam
1294 831 1371 923 qui-

285 950 363 1019 dem
385 971 497 1020 meam
530 949 575 1021 ad
607 949 682 1020 illos
714 948 823 1020 nostri
851 948 1016 1043 temporis
1042 949 1191 1023 Gelanos
1219 973 1369 1044 quorum

285 1071 433 1163 ingenio,
448 1082 486 1141 ut
503 1070 569 1165 ipsi
584 1074 713 1152 volunt,
734 1070 896 1143 subditur
914 1070 1028 1156 salus,
1048 1075 1207 1164 languor,
1223 1095 1320 1147 mors
1336 1086 1371 1146 et

286 1196 357 1265 vita
383 1193 576 1276 bominum,
602 1193 775 1265 destinato
808 1192 921 1263 serius
956 1202 1205 1287 perventuram
1238 1194 1370 1268 invitus

286 1315 400 1388 audio.
435 1316 522 1386 Novi
556 1315 649 1385 enim
679 1337 799 1386 eorum
826 1315 1023 1386 amentiam.
1050 1315 1272 1387 Videbantur
1305 1317 1370 1388 sibi

286 1459 451 1528 magnum
470 1434 600 1527 aliquid
616 1435 765 1520 dixisse,
781 1446 816 1506 et
833 1435 930 1507 facile
949 1435 1015 1506 sibi
1032 1436 1295 1530 persuadebunt
1314 1461 1369 1510 me

286 1561 321 1629 in
341 1558 585 1653 respondendo
599 1558 661 1630 diu
680 1561 897 1650 multumque
914 1556 1121 1642 desudasse3
1136 1567 1324 1631 ventosum
1337 1573 1370 1632 et

287 1683 389 1752 inane
409 1702 520 1772 genus
541 1681 740 1751 animalium
761 1689 991 1775 paratumque
1010 1679 1076 1752 sibi
1095 1679 1140 1752 de
1158 1703 1196 1752 se
1214 1681 1366 1768 credere,

287 1805 538 1897 opinionesque
558 1801 722 1875 mirificas
739 1804 784 1875 de
800 1825 839 1874 se
857 1804 942 1897 ipsis
960 1804 1143 1899 concipere
1163 1827 1204 1878 ac
1224 1807 1368 1890 nutrire;

287 1926 372 2018 quid
392 1934 508 1996 autem
530 1948 615 1998 vere
643 1926 728 2010 sint,
758 1925 913 2018 quotidie
933 1927 1016 1996 vitae
1041 1925 1370 2018 periculobumana

286 2048 474 2120 credulitas
495 2049 687 2142 experitur.
716 2048 784 2120 Sed
818 2048 1039 2142 suspicentur
1062 2047 1214 2120 utlibet:
1241 2073 1370 2143 parvus

288 2171 379 2242 enim
398 2193 496 2243 error
513 2171 618 2243 luerit
636 2171 824 2244 maioribus
843 2172 989 2243 collatus
1006 2170 1197 2242 erroribus.
1217 2173 1267 2243 Tu
1288 2172 1370 2242 mibi

288 2315 350 2388 pro
371 2305 468 2387 parte
489 2293 649 2366 conscius
670 2316 726 2376 es,
749 2292 881 2363 veritas
899 2293 934 2362 in
953 2301 1077 2377 totum,
1098 2315 1152 2363 me
1174 2292 1283 2364 imilla
1299 2293 1372 2388 epi-

289 2419 389 2501 stola,
420 2416 556 2486 nonnisi
583 2439 690 2487 unum
720 2416 826 2499 diem,
853 2437 1005 2508 eumque
1038 2437 1107 2486 non
1141 2415 1314 2509 integrum
1338 2427 1373 2488 et

288 2536 392 2626 unius
417 2536 529 2608 noctis
562 2545 695 2632 partem
724 2520 878 2608 nltimam
905 2537 1183 2630 consumpsisse,
1209 2537 1370 2631 quamvis

268 2661 419 2752 ¹aliquot
438 2659 563 2731 diebus
584 2660 673 2730 inter
694 2659 917 2732 rescribentis
943 2682 1068 2733 manus
1095 2659 1246 2732 baeserit.
1268 2660 1304 2730 ln
1330 2681 1372 2734 eo

290 2804 374 2853 sane
397 2781 491 2875 quod
523 2781 568 2852 de
601 2782 710 2853 nostri
746 2781 845 2853 ducis
873 2792 1002 2876 tuoque
1028 2781 1132 2854 simul
1158 2794 1194 2855 et
1218 2783 1371 2856 omnium

288 2913 445 2975 nostrum
473 2901 506 2972 in
533 2903 662 2973 ltaliam
686 2903 848 2987 transitu,
871 2927 975 2996 quem
1002 2905 1200 2998 proximum
1228 2905 1372 2976 arbitra-

288 3025 366 3108 bar,
388 3025 515 3096 certior
535 3025 658 3095 litteris
685 3023 753 3096 tuis
775 3023 834 3110 fio,
857 3028 974 3097 forsan
1007 3026 1090 3097 mibi
1121 3048 1218 3120 spem
1244 3047 1371 3120 praere-

177 3219 186 3234 l
288 3153 383 3238 ptam
405 3143 557 3236 gaudeo,
582 3145 644 3216 sed
664 3145 774 3217 luisse
792 3147 914 3218 salsam
932 3132 1044 3219 doleo.
1065 3147 1261 3220 Gloriosum
1281 3148 1370 3218 enim

289 3267 355 3339 iter
375 3265 560 3338 videbatur
578 3276 614 3339 et
634 3267 731 3340 labor
751 3268 882 3340 mundo
903 3268 1012 3341 utilis:
1036 3269 1098 3340 sed
1123 3270 1192 3340 sata
1216 3268 1368 3351 obstant,

290 3398 329 3461 ut
348 3397 461 3486 poetro
481 3389 590 3462 verbo
615 3399 705 3476 utar,
728 3412 924 3484 vereorque
949 3412 994 3462 ne
1018 3391 1148 3462 Caesari
1175 3400 1295 3462 nostro
1319 3390 1371 3460 vi·

290 3535 374 3585 vere
396 3513 441 3584 sit
462 3513 559 3596 satis,
582 3521 617 3584 et
638 3535 737 3586 sacro
758 3514 879 3585 vertici
899 3511 1053 3585 debitum
1074 3513 1236 3586 diadema
1255 3514 1371 3607 despi-

289 3636 385 3708 ciens
417 3657 482 3708 uec
514 3635 649 3729 imperii
682 3657 801 3708 curam
835 3655 898 3706 nee
930 3635 1086 3706 clarioris
1113 3637 1215 3706 lamae
1246 3636 1371 3706 sentiat

291 3759 491 3855 appetitum.
514 3756 605 3841 Quid
630 3760 721 3829 cuim
747 3757 818 3848 agit
842 3755 1012 3852 seuquid
1039 3757 1193 3850 cogitat?
1216 3758 1316 3829 Certe
1341 3759 1371 3827 si

289 3883 473 3956 Germania
493 3890 612 3953 suaet
632 3881 797 3952 membris
818 3880 952 3974 imperii
973 3888 1155 3954 contentus
1177 3903 1292 3953 rerum
1313 3901 1371 3950 ca-

290 4017 352 4099 put
371 4005 495 4098 linquit
514 4004 657 4088 ltaliam,
679 4026 743 4074 rex
762 4003 983 4076 theutonicus
1001 4002 1125 4095 polerit
1142 4023 1238 4087 esse,
1258 4021 1371 4072 roma-

289 4147 356 4196 nus
377 4148 544 4196 essenon
566 4121 689 4219 poterit
708 4126 905 4219 imperator.
928 4122 1117 4216 Sperabam
1138 4123 1284 4196 demens
1311 4142 1370 4212 ge-
