2988 4800
258 356 314 416 lt8
403 430 405 434 ¹
593 369 633 415 nn
657 367 757 414 nauus
779 367 999 415 rnurnrnnmus
1076 395 1079 402 .

259 527 340 575 sens
358 512 515 598 peraget,
531 505 607 598 qui,
628 515 664 576 ut
684 506 774 576 hanc
791 506 971 598 epistolam
985 502 1055 575 lida
1072 525 1187 586 manu,
1207 503 1252 574 ad
1269 524 1338 574 vos

258 649 318 698 ore
347 626 578 698 disertissimo
603 629 753 721 perferet
773 626 916 698 affectus
941 647 1051 712 meos
1078 648 1230 718 quemve
1255 648 1338 696 cum

257 751 445 836 audieritis,
468 749 559 822 illius
580 772 639 822 ore
659 773 715 822 me
734 753 887 822 locutum
905 750 1046 822 credite.
1066 749 1174 841 Cupio
1192 769 1257 821 vos
1273 747 1340 818 sso-

258 874 455 946 rentissima
476 895 615 966 semper
635 874 669 943 in
691 873 877 966 Republica
899 875 1015 944 valere
1035 872 1189 943 feliciter.

400 1021 516 1089 Patavii,
533 1019 608 1072 VIII.
623 1018 689 1073 Idus
704 1019 814 1090 Aprilis.

674 1425 851 1490 Epistula
872 1426 916 1489 Vl.

332 1619 526 1669 FIlANCISCUS
548 1618 716 1667 ruraliter
736 1618 867 1667 launum
888 1619 929 1667 DE
952 1618 1120 1668 casulino
1141 1618 1166 1666 S.
1189 1619 1217 1666 P.
1239 1619 1268 1665 n,

363 1795 429 1858 Quae
445 1793 495 1848 sibi
511 1800 599 1849 tuntas
615 1811 707 1849 moras
721 1794 849 1849 nectendi
865 1813 961 1851 caussa
974 1795 1071 1864 fucrit,
1086 1795 1186 1866 quidve
1201 1812 1230 1849 se

496 1884 525 1936 in
540 1889 681 1955 posterum
694 1885 833 1939 facturum
848 1885 899 1939 sibi
915 1887 1098 1957 proposuerit.

352 2107 427 2178 ‘Iam
449 2127 532 2178 vero
553 2107 765 2200 proximiora
785 2106 935 2178 dixerim
952 2127 1033 2199 quae
1051 2108 1214 2198 leguntur
1230 2107 1266 2176 in
1282 2107 1331 2176 la·

257 2228 358 2315 bulis
374 2237 523 2300 amatam
536 2228 667 2302 Phoebo
682 2228 853 2320 virginem
869 2229 1067 2321 obriguisse
1085 2249 1191 2301 cursu
1208 2227 1330 2312 medio,

257 2361 292 2422 et
312 2353 397 2425 dum
416 2351 565 2445 pedibus
583 2363 727 2444 tangere
746 2361 873 2424 terram
886 2360 998 2446 putat,
1014 2350 1139 2423 subitis
1159 2349 1331 2422 radicibus

256 2473 454 2545 inhaesisse.
474 2476 574 2545 Certe
591 2483 627 2544 et
643 2497 723 2565 ego,
744 2474 837 2568 quod
851 2473 1061 2559 nesciebam,
1077 2494 1139 2568 pro
1155 2472 1328 2543 mobilium

258 2595 425 2687 obsequio
444 2597 581 2688 pedum,
598 2597 838 2668 tenacissimus
859 2597 1030 2668 interdum
1051 2596 1187 2669 radices
1207 2592 1327 2666 baben.

257 2719 487 2792 Promiseram
509 2717 570 2789 tibi
591 2742 647 2790 me
663 2719 805 2792 Patavio
825 2719 1066 2810 digressurum
1094 2720 1139 2791 ad
1164 2718 1241 2788 XIV
1267 2717 1328 2787 lral.

257 2843 389 2914 maias:
423 2843 485 2914 vix
510 2844 540 2913 V
566 2865 675 2915 nonas
705 2842 786 2914 inde
819 2842 1018 2934 digressus
1053 2845 1176 2936 loquor
1207 2842 1329 2935 impru

257 2966 345 3058 pria,
368 2967 473 3036 immo
494 2986 578 3036 vero
594 2965 756 3038 divulsus
771 2989 859 3037 sum.
873 2967 1023 3038 Veronae
1043 2965 1187 3038 biduum
1200 2973 1262 3037 aut
1274 2965 1328 3037 tri-

257 3088 366 3159 duum
379 3110 482 3179 agere
495 3090 734 3160 decreveram:
749 3090 805 3162 hic
817 3112 955 3184 quoque
968 3091 1035 3162 iam
1050 3088 1327 3183 pmcrastinando

258 3231 364 3304 pmpe
380 3209 609 3284 circumactus
626 3221 682 3284 est
699 3213 841 3297 mensis,
862 3223 908 3296 et,
925 3211 1086 3306 quamvis
1099 3212 1165 3283 hac
1182 3232 1326 3306 praeser-

259 3333 318 3405 tim
340 3343 436 3426 parte
462 3335 542 3405 anni
563 3358 763 3429 peramoena
789 3335 912 3408 civitas
939 3337 994 3419 sit,
1022 3357 1092 3407 non
1118 3335 1192 3407 sine
1217 3333 1324 3408 tedio.

258 3458 334 3530 Non
347 3457 422 3528 haec
435 3457 517 3527 mibi
538 3459 676 3552 requies
695 3460 765 3541 tuit,
788 3461 833 3532 ad
850 3460 915 3530 alia
932 3459 1121 3532 festinanti:
1140 3459 1203 3532 sed
1220 3459 1326 3530 indul-

259 3579 454 3674 gentissimi
473 3582 575 3652 amici
594 3581 729 3654 blandis
749 3605 892 3678 precum
918 3583 1324 3678 compedibus‘explicari

258 3706 429 3780 hactenus
446 3729 514 3778 non
533 3708 644 3800 potui:
662 3707 720 3800 qui
738 3708 820 3778 mibi
838 3729 936 3804 paene
952 3709 1173 3802 quotidianus
1191 3717 1245 3778 est
1257 3729 1325 3778 car-

257 3852 326 3902 cer.
348 3832 424 3902 Etsi
444 3831 535 3902 culm
556 3831 744 3904 amicorum
761 3831 846 3904 nihil
859 3818 1036 3905 affectu'et
1052 3832 1179 3924 pietate
1196 3831 1324 3902 dulcius

259 3952 407 4026 habeam
442 3966 501 4026 aut
531 3978 679 4048 sperem,
717 3977 811 4051 saepe
844 3966 958 4029 tamen
989 3955 1116 4027 arctius
1147 3977 1203 4025 me
1235 3953 1323 4044 diligi

255 4097 363 4167 quam
376 4077 445 4149 otio
459 4101 537 4150 meo
553 4080 725 4175 expediat,
744 4091 891 4173 questus
911 4101 987 4152 sum
1002 4099 1210 4172 querarque,
1231 4077 1261 4148 si
1277 4076 1322 4148 vi-

257 4221 353 4272 xero,
375 4199 460 4271 Hinc
480 4202 662 4274 discedens
683 4203 749 4274 boc
768 4203 845 4297 ipso
869 4202 925 4273 die
951 4203 1126 4272 Mantuam
1153 4210 1255 4295 pete,
1281 4202 1322 4272 la-
