3024 4802
414 332 508 381 nrnnn
531 331 1063 384 nonusnnoruus.-nrrsronl111.
1226 316 1284 378 523

207 476 271 546 vix
291 471 336 545 ab
362 474 440 564 ipso
468 471 606 545 tandem
627 474 736 544 multa
755 470 943 544 verborum
964 472 1207 544 colluctatione
1231 471 1285 543 di-

206 599 333 670 vulsus
366 616 454 666 sum.
489 595 566 680 Quo
598 605 751 687 ternpore
771 595 875 666 Tusci
894 592 1012 665 militis
1041 616 1089 666 ex
1120 596 1286 668 comitatu

207 740 498 808 caesareograve
522 718 671 790 verbum
700 728 735 790 ct
766 717 915 790 liberum
944 716 1111 800 insonuit,
1144 720 1204 815 qui
1229 741 1285 790 me

207 851 470 925 manutenens,
493 840 603 913 oculis
623 840 657 910 in
680 839 776 912 illum
796 861 940 922 versus3
964 861 1054 924 ecce,
1077 839 1200 931 inquit,
1219 840 1285 909 lm-

206 973 347 1057 perator
365 961 409 1033 de
429 985 499 1054 quo
526 983 619 1056 saepe
641 961 701 1035 tibi
721 963 896 1034 dixeram:
923 961 983 1054 qui
1009 962 1037 1032 si
1070 961 1155 1054 quid
1183 961 1285 1033 laude

206 1085 352 1176 dignum
373 1084 543 1176 gesseris,
565 1107 691 1156 nomen
711 1096 809 1157 tuum
829 1086 970 1156 tacitum
989 1107 1056 1157 noo
1074 1083 1180 1167 sinet;
1202 1083 1286 1155 alio

206 1208 291 1300 quin
311 1219 346 1280 et
366 1208 458 1301 loqui
484 1208 606 1280 didicit
629 1220 664 1280 et
684 1217 810 1280 tacere.
837 1207 953 1280 Redeo
978 1220 1094 1281 autern
1119 1208 1164 1280 ad
1192 1208 1310 1278 inae-¹

205 1341 312 1428 ptum.
339 1331 414 1402 Non
440 1320 545 1423 igi'tur
573 1331 725 1402 oblatam
752 1330 898 1422 gloriam
927 1331 1024 1422 fugio
1051 1329 1147 1423 quod
1172 1329 1286 1401 invisa

207 1455 266 1539 sit,
290 1451 355 1526 sed
383 1454 477 1546 quod
503 1453 633 1525 veritas
660 1453 793 1525 cunctis
819 1454 926 1526 rebus
951 1452 1103 1526 amicior.
1128 1452 1205 1524 Non
1231 1472 1285 1524 se-

206 1585 349 1669 quester
367 1576 463 1670 pacis
485 1596 567 1668 ego,
591 1575 653 1648 sed
673 1584 810 1650 amator
837 1575 901 1660 fui,
923 1597 1038 1669 neque
1058 1575 1192 1670 petitor,
1221 1575 1285 1645 sed

205 1697 362 1771 hortator
377 1707 413 1771 et
428 1700 603 1783 laudator,
623 1721 735 1794 neque
761 1698 928 1793 principio
948 1697 1024 1769 eius
1045 1697 1198 1782 interfui,
1222 1697 1284 1768 sed

205 1819 275 1893 lini.
294 1823 381 1893 Cum
398 1823 490 1894 enim
510 1823 547 1892 in
568 1823 789 1895 conclusione
810 1831 1017 1894 tractatuum
1043 1819 1190 1913 publicis
1211 1841 1285 1900 mo-

204 1945 366 2014 nimentis
388 1944 483 2036 pacis
505 1943 650 2016 firmitas
668 1944 880 2028 fundaretur,
899 1944 1069 2016 interesse
1091 1964 1145 2013 me
1166 1942 1285 2014 Caesar

203 2073 238 2136 et
254 2066 392 2136 fortuna
413 2067 609 2138 voluerunt.
624 2067 778 2140 Proiecto
792 2075 907 2136 autem
924 2065 959 2133 in
976 2065 1042 2137 hcc
1059 2086 1188 2156 genere
1201 2064 1285 2137 nulli

159 2281 165 2288 ἰ
204 2186 289 2256 Italo
315 2187 394 2278 plus
420 2184 588 2256 tributum
619 2186 706 2258 scio:
728 2185 846 2258 vocari
876 2194 912 2258 et
940 2187 1057 2278 rogari
1082 2208 1104 2256 a
1129 2186 1282 2258 Caesare:

204 2307 309 2380 iocari
329 2317 364 2380 et
380 2309 559 2401 disputare
575 2331 654 2380 cum
669 2310 820 2380 Caesare.
837 2309 970 2379 Platoni
987 2307 1127 2400 quidem
1146 2308 1284 2402 sapien-

204 2430 262 2502 tiae
280 2431 432 2514 antistiti,
450 2439 487 2501 ut
500 2430 628 2502 Plinius
650 2431 708 2516 ait,
731 2430 918 2526 Dionysius
937 2439 1106 2525 tyrannus
1125 2430 1283 2503 vittatam

204 2576 330 2625 navem
349 2555 443 2626 misit
462 2553 618 2626 obviam:
637 2554 712 2648 ipse
731 2550 912 2646 quadrigis
937 2549 1024 2623 albis
1046 2552 1283 2643 egredientem

204 2677 239 2747 in
265 2676 379 2747 littore
399 2677 546 2771 excepit.
569 2677 652 2747 Haec
672 2684 712 2746 ut
731 2672 917 2766 magnifica
937 2674 1135 2744 reseruntur
1155 2673 1189 2744 in
1210 2676 1285 2766 glo-

204 2796 290 2867 riam
322 2799 482 2871 Platonis.
503 2797 593 2869 Vide
614 2819 717 2880 nunc,
741 2794 980 2869 amantissime
1001 2794 1098 2879 Laeli,
1119 2818 1189 2887 quo
1210 2805 1284 2868 ten-

204 2919 298 3004 dam,
321 2918 357 2990 et
374 2931 411 2992 nt
428 2923 557 2994 nullam
575 2919 724 2992 oblatam
742 2940 839 2991 verae
860 2918 981 3010 gloriae
995 2919 1175 2989 materiam
1194 2941 1284 3015 prae-

205 3040 402 3112 termittam.
421 3041 511 3123 Quid
537 3063 707 3116 veronen
728 3064 879 3114 ausurus
898 3042 978 3127 sim,
998 3041 1057 3136 qui
1075 3041 1208 3114 Platoni
1228 3064 1284 3113 me

205 3165 361 3236 conferre
382 3182 451 3231 non
466 3167 614 3233 verear‘l
635 3163 704 3234 Sed
721 3165 812 3236 absit
829 3174 867 3235 ut
883 3187 938 3236 me
956 3165 1003 3234 illi
1020 3167 1209 3251 conferam,
1227 3164 1284 3237 cui

204 3286 438 3358 maximorum
461 3265 636 3354 hominurn
658 3293 693 3356 et
712 3283 747 3353 in
767 3285 888 3379 primis
910 3285 1008 3357 Tullii
1026 3285 1284 3381 Augustiniquc

204 3407 340 3490 indiam,
355 3429 419 3478 nec
432 3405 637 3478 Aristoteles
655 3405 885 3478 conferendus
903 3405 958 3476 sit.
972 3408 1048 3477 Non
1066 3407 1280 3499 ingeniorum

206 3532 270 3605 sed
290 3540 480 3603 eventuum
501 3529 569 3600 ista
588 3528 724 3600 collatio
744 3541 808 3600 cst.
831 3529 890 3598 llle
915 3528 1047 3601 Platoni
1068 3550 1088 3599 a
1109 3530 1283 3625 Syracusa
1318 3533 1320 3540 “

204 3655 349 3727 forsitan
369 3676 447 3726 arce
468 3660 652 3746 prospecto
676 3673 739 3745 per
759 3650 1010 3744 aliquantulum
1029 3653 1107 3723 freti
1132 3652 1281 3746 spatium

204 3776 363 3848 vittatam
387 3799 513 3849 navem
535 3776 630 3846 misit
657 3772 813 3846 obviam:
835 3772 901 3845 iste
930 3782 1046 3846 autem
1072 3795 1279 3865 generosum

206 3921 248 3970 ac
267 3897 448 3972 militarem
469 3908 505 3972 et
525 3910 704 3971 strennum
722 3896 908 3991 quemdam
926 3897 1039 3968 virum
1058 3898 1189 3989 aliquot
1208 3896 1282 3970 dic-

205 4044 283 4094 rum
309 4020 421 4113 spatio
448 4032 610 4093 onustum
636 4020 797 4115 precibus
823 4019 868 4092 ad
898 4041 954 4091 me
974 4019 1082 4104 misit;
1109 4020 1165 4092 ille
1190 4020 1280 4092 ultro

203 4145 402 4219 venientem
423 4146 578 4240 excepit:
597 4145 710 4218 oravit
729 4145 786 4217 hic
804 4143 908 4218 otiam
932 4152 972 4216 ut
996 4143 1164 4216 venirem.
1191 4143 1279 4215 Con-
