3062 4798
436 391 527 438 nmun
550 389 1057 464 oerlvusoucruus.-·urrsronl
1080 391 1098 437 1.
1252 379 1311 440 loe

231 535 266 595 et
298 523 407 594 Brutii
427 522 624 594 defecerant
650 532 685 594 et
705 517 833 595 Lucani
856 523 1003 616 aliaeque
1025 533 1146 614 gentes
1167 525 1308 606 ltallcae,

231 666 461 737 quasomnes
482 644 570 716 bello
595 646 759 718 contundi
781 655 816 716 et
837 646 993 715 nolentes
1015 644 1175 716 infidam
1198 646 1309 737 redigi

230 769 392 862 oportuit.
415 749 561 841 Secutus
593 779 649 839 est
680 769 861 850 Hannibal;
882 767 1006 839 defecit
1031 767 1147 859 Capua
1174 769 1310 860 magnis

232 889 463 960 Romanorum
490 890 656 961 obstricta
681 889 859 962 benefieiis
885 901 931 973 et,
961 899 999 960 ut
1024 891 1161 984 proprie
1181 890 1307 971 dicam,

231 1013 346 1105 populi
368 1011 500 1082 romani
520 1012 643 1084 liberta
664 1015 728 1084 sed
748 1013 897 1085 infidelis
918 1024 952 1108 et
969 1013 1114 1104 ingrata.
1134 1014 1206 1083 lmo
1227 1032 1310 1082 vero

230 1134 308 1226 quis
328 1157 370 1205 ea
392 1144 596 1228 tempestate
619 1158 686 1207 non
712 1137 864 1208 defecit?
889 1138 1017 1227 Relege
1044 1135 1218 1208 historias.
1243 1135 1310 1204 De-

229 1277 304 1346 cern¹
326 1271 401 1327 octo
422 1258 566 1329 coloniae
580 1281 793 1352 peromnem
810 1260 941 1330 ltaliam
960 1259 993 1328 in
1009 1256 1077 1329 fide
1096 1265 1307 1336 manserunt,

228 1401 377 1472 quarum
399 1381 564 1466 subsidio
585 1393 623 1452 ut
640 1381 729 1453 Livii
752 1383 879 1452 summi
901 1380 1053 1452 historici
1075 1380 1194 1451 verbis
1217 1389 1306 1462 utar,

232 1513 312 1574 lunc
336 1503 519 1596 imperium
547 1506 663 1598 populi
688 1504 831 1575 Romani
859 1503 964 1587 stetit,
992 1504 1104 1595 iisque
1126 1503 1247 1593 gratiae
1273 1502 1308 1572 in

229 1635 352 1697 senatu
377 1635 413 1697 et
437 1624 532 1721 apud
552 1628 718 1720 populum
751 1634 849 1697 actae.
876 1625 968 1710 Quid
993 1625 1119 1696 totiens
1142 1625 1308 1694 Hernicos

226 1749 448 1832 rebellantes,
471 1749 555 1842 quid
577 1727 763 1842 perpetuos
784 1749 905 1819 hostes
931 1748 1076 1818 Volscos
1103 1746 1307 1839 AEduosque

224 1877 514 1943 commemorem?
534 1874 626 1956 Quot
651 1895 729 1943 cum
764 1872 896 1941 Latinis
931 1870 1019 1940 bella
1053 1889 1160 1962 prope
1192 1869 1308 1940 civilia

226 1993 346 2086 (unum
379 1993 470 2063 enim
504 2014 631 2085 corpus
664 1995 799 2086 imperil
834 1991 1046 2084 videbatur),
1083 2004 1167 2082 quot
1202 1990 1307 2062 urbes

224 2135 372 2196 everste,
388 2123 494 2206 atque
511 2116 545 2183 in
564 2115 684 2206 primis
705 2115 781 2206 ipsa
802 2113 933 2185 romani
952 2111 1087 2203 imperii
1104 2110 1307 2204 parens'Al-

224 2237 292 2306 ba?
312 2237 412 2321 Quod
434 2247 471 2307 ut
492 2234 591 2306 fieret
609 2235 693 2328 quid
710 2235 778 2305 nisi
795 2234 1027 2304 defectionum
1046 2241 1160 2302 metus
1178 2255 1218 2303 ao
1236 2255 1307 2304 me—

225 2360 331 2429 moria
352 2359 579 2430 hortabatur?
599 2358 767 2442 Quotiens
793 2379 872 2428 cum
900 2355 1039 2425 Sabinis
1065 2355 1203 2448 ancipiti
1231 2354 1304 2424 acie

185 2555 186 2560 ,
224 2479 451 2566 decertatum,
471 2503 550 2552 cum
568 2480 720 2564 Umbris,
741 2503 819 2551 cum
836 2478 1064 2562 Samnitibus,
1085 2502 1164 2550 cum
1183 2481 1306 2550 Hetru-

226 2603 307 2690 scis,
330 2625 407 2674 oum
430 2603 620 2695 Liguribus
642 2627 682 2675 ao
701 2602 794 2675 Boiis
816 2611 852 2672 et
867 2602 971 2674 Gallis
993 2601 1222 2686 InsubribuS,
1246 2600 1306 2672 ubi

225 2727 455 2798 Mediolanum
474 2727 700 2820 Ticinumque
721 2726 828 2797 urbes
851 2729 955 2797 suut?
976 2724 1044 2794 Sed
1062 2723 1146 2816 qnid
1168 2723 1305 2813 longius

224 2851 339 2921 feror?
359 2849 465 2920 Tibur
486 2871 526 2920 ao
552 2852 739 2921 Tusculum
773 2857 808 2919 et
841 2849 1030 2931 Praeneste,
1054 2846 1119 2917 tria
1140 2866 1220 2938 quae
1247 2865 1307 2914 su-

225 2971 349 3043 burbia
362 2973 458 3044 urhis
476 2974 609 3057 Romae,
630 2971 799 3043 bellorum
817 2992 943 3044 causas
962 2993 1002 3042 ac
1020 2957 1197 3040 materiam
1217 2987 1306 3058 prae-

225 3090 345 3174 buere,
368 3113 446 3162 oum
468 3115 536 3164 non
571 3095 644 3166 suis
677 3103 811 3166 tantum
832 3094 966 3166 viribus
993 3093 1213 3175 insultarent,
1243 3088 1306 3160 sed

226 3212 382 3283 externis
405 3213 562 3285 hostibus
584 3217 752 3288 auxilium
771 3241 811 3288 ac
828 3220 1042 3310 receptacula
1061 3215 1304 3308 praebuissent.

226 3335 281 3406 Ad
301 3335 378 3406 haeo
395 3335 471 3405 Veii
487 3334 551 3404 vix
568 3336 736 3436 decennio
757 3337 878 3407 diruti:
897 3349 1035 3408 exustae
1049 3338 1204 3407 fidenae:
1224 3357 1305 3406 san-

226 3456 353 3528 ctitatis
371 3455 598 3528 admiratione
619 3457 768 3527 Phalerii
787 3456 935 3541 subacti,
954 3459 989 3528 vi
1011 3468 1112 3550 capta
1128 3457 1303 3548 NeapoliS,

226 3590 435 3675 captumque
452 3579 701 3663 Brundusium,
723 3593 758 3649 et
778 3579 916 3662 Corioli,
940 3589 976 3650 et
995 3581 1172 3671 Fregellae,
1193 3587 1228 3648 et
1246 3579 1307 3648 So·
1416 3567 1420 3572 ’

228 3723 279 3785 ra,
298 3710 333 3773 et
352 3697 532 3793 Algidirm,
552 3710 588 3772 et
604 3701 837 3785 Corniculum,
854 3723 894 3772 ac
908 3703 1076 3784 Sutrium,
1096 3711 1130 3772 et
1148 3700 1305 3782 Bovillae,

229 3832 264 3893 et
283 3824 434 3908 Verulae,
462 3836 497 3894 et
518 3825 674 3906 Faesulae,
702 3823 795 3895 unde
816 3824 937 3920 patriae
968 3844 1056 3894 mete
1085 3824 1309 3895 fundamenta

227 3946 415 4017 fluxerunt.
433 3946 546 4038 Piget,
562 3950 683 4032 fateor,
703 3946 864 4018 maximis
882 3969 991 4040 parva
1008 3955 1224 4018 connectere.
1240 3942 1308 4015 Sed

230 4078 267 4140 ut
287 4069 353 4140 iam
375 4067 577 4161 pr'aevalldae
597 4068 821 4163 robustaeque
841 4069 970 4142 civitati
992 4069 1077 4140 nihil
1094 4070 1242 4140 arduum
1265 4068 1309 4138 sit

231 4194 356 4260 tenerae
376 4212 417 4260 ao
436 4189 499 4261 vix
525 4189 608 4261 dum
634 4188 839 4285 pubescenti
860 4190 1069 4283 Reipublicae
1090 4193 1206 4264 nullus
1227 4211 1309 4262 acu-
