2958 4804
269 354 328 417 tot
612 363 652 410 nu
674 363 774 410 ausus
796 359 1018 409 rnumrnamus

271 503 352 575 stris
387 499 570 592 triumphis
604 519 644 567 ac
677 495 830 568 victoriis
860 494 1073 566 illustrastis:
1106 494 1359 590 Tyrrhenum,

270 623 495 706 Adriaticum,
518 619 709 703 Euxinum,
733 618 879 702 lonium,
903 615 1074 700 Africum,
1093 616 1257 708 AEgeum3
1278 617 1361 709 ipse
1400 660 1404 665 ·

271 757 389 819 vestra
423 745 523 835 signa
555 742 653 813 timet
684 739 856 824 Oceanus,
884 740 1085 832 gaudetque
1109 739 1214 812 Indus
1240 740 1289 812 ad
1318 761 1361 812 se

271 867 413 960 navigio
433 886 502 936 non
522 885 627 960 posse
649 863 800 935 transiri.
823 864 894 934 Hoc
915 872 1097 954 supererat
1122 871 1162 933 ut
1186 883 1361 956 spuman-

271 1005 340 1065 tem
362 991 514 1063 hostium
535 999 735 1060 vestrorum
761 986 945 1059 cruoribus
970 987 1190 1081 Bosphorum
1215 987 1360 1059 videre-

272 1136 366 1198 mus;
387 1125 423 1184 et
441 1111 605 1183 vidimus.
628 1110 719 1195 Quid
739 1110 830 1182 enim
859 1108 949 1179 inter
977 1130 1040 1180 nos
1061 1110 1121 1202 qui
1141 1109 1293 1202 legimus
1321 1121 1359 1180 et

272 1238 367 1329 ipsos
389 1235 542 1306 interfuit
563 1234 762 1332 bellatores
785 1232 853 1303 nisi
872 1232 968 1324 quod
988 1231 1055 1302 illis
1081 1252 1154 1325 prae
1178 1232 1357 1324 magnitu-

271 1337 354 1430 dine
374 1358 568 1429 animorum
592 1356 668 1426 sine
688 1357 831 1427 horrore
851 1352 1042 1447 periculum
1068 1353 1152 1426 dum
1177 1376 1356 1449 pugnare·

272 1491 340 1565 tur,
363 1479 463 1553 uobis
483 1478 567 1550 dum
589 1480 787 1569 legeremus
803 1477 925 1548 horror
942 1476 1019 1548 sine
1036 1478 1189 1571 periculo
1205 1476 1355 1548 circum-

270 1605 372 1675 fusus
392 1605 471 1674 est?
491 1601 598 1672 Cuius
626 1599 717 1670 enim
742 1599 895 1670 animum
929 1620 999 1670 non
1028 1600 1152 1671 horror
1171 1601 1355 1672 invaderet

271 1724 444 1797 audientis
473 1732 533 1794 aut
562 1722 709 1814 legentis
735 1721 827 1793 iliius
855 1721 1028 1794 horrificae
1051 1725 1162 1795 noctis
1187 1733 1351 1796 eventum

271 1847 411 1940 quando
431 1847 477 1918 ad
498 1868 681 1939 vesperam
703 1845 956 1918 violentissimo
977 1846 1083 1917 flante
1107 1845 1237 1918 Austro
1265 1847 1353 1918 inter

271 1969 576 2062 costantinopolim
606 1978 642 2041 et
672 1969 902 2040 Caicedonem
928 1969 1032 2039 trium
1058 1967 1351 2040 validissimarum

270 2092 425 2186 gentium
448 2093 483 2162 in
504 2113 569 2163 vos
591 2093 703 2163 iactus
724 2092 888 2163 incursus
907 2101 975 2176 est,
998 2093 1064 2163 illis
1086 2115 1106 2164 a
1127 2091 1271 2164 meridie
1291 2114 1352 2164 ve-

270 2215 445 2286 nientibus
468 2214 501 2309 (a
521 2213 677 2306 Gallipoli
703 2213 797 2284 enim
823 2214 1014 2308 solverant)
1041 2223 1078 2287 et
1096 2225 1202 2287 vento
1223 2215 1353 2289 adiutis

270 2350 373 2430 atquc
390 2338 470 2409 ideo
486 2339 567 2408 vela
583 2336 806 2418 facientibus,
822 2335 923 2415 vobis
940 2348 1060 2410 contra
1079 2338 1214 2423 hostes,
1234 2349 1354 2411 contra

271 2469 554 2544 ventum,contra
564 2480 660 2531 mare
673 2459 920 2554 pugnantibus
931 2471 1071 2553 tamque
1083 2471 1185 2533 atrox
1196 2462 1351 2557 praelium

270 2592 427 2656 coortum
440 2592 507 2667 est,
524 2581 660 2653 utillud
674 2603 787 2674 neque
805 2589 997 2674 tempestus
1011 2583 1138 2666 valida,
1153 2602 1267 2676 neque
1282 2600 1350 2654 nox

272 2708 428 2778 insecuta
445 2705 646 2776 dirimeret?
671 2703 759 2787 Quis
785 2703 841 2774 ille
865 2715 1051 2778 ventorum
1070 2704 1235 2798 impetus,
1258 2705 1351 2796 quod

273 2854 432 2903 murmur
444 2829 645 2912 rudentum,
660 2827 740 2921 quis
758 2828 815 2898 ilie
832 2827 995 2900 tuburum
1013 2831 1168 2920 clangor,
1188 2828 1268 2921 quis
1285 2831 1351 2900 cla-

272 2974 348 3024 mor
361 2975 401 3024 ae
414 2951 566 3042 gemitus
582 2949 750 3042 virorum,
770 2970 851 3042 quaa
868 2950 1010 3023 navium
1024 2950 1163 3036 collisio,
1178 2951 1260 3044 quis
1273 2951 1362 3027 ferri.

272 3068 504 3161 sonitus,quis
517 3069 640 3140 sibilus
652 3092 716 3164 per
726 3071 889 3144 tenebras
901 3072 1118 3144 volitantium
1129 3072 1352 3164 sagittarum?

159 3271 162 3276 ,
270 3197 409 3266 Pernox
421 3192 514 3264 enim
529 3191 688 3286 praelium
701 3193 837 3279 tuitcui
852 3194 1041 3287 peremnia
1054 3195 1257 3268 conveniret
1269 3193 1351 3267 iilud

271 3315 459 3410 poeticum:

414 3489 418 3496 -
451 3446 526 3520 Quis
542 3447 657 3512 cladem
674 3447 754 3510 iilius
770 3445 882 3523 noctis,
900 3446 970 3526 quis
985 3449 1093 3512 funera
1109 3449 1199 3513 fando

331 3581 337 3592 ·
452 3544 597 3624 Explicet,
609 3552 661 3608 aut
671 3547 773 3632 possit
788 3545 923 3611 lacrimis
939 3564 1062 3628 equare
1075 3548 1217 3612 labores?

271 3691 450 3763 Postremo
470 3691 667 3783 proximam
684 3689 718 3759 in
736 3692 845 3764 lucem
867 3711 984 3784 pogna
1002 3692 1079 3763 sine
1096 3690 1352 3766 intermissione

273 3821 445 3905 protracta
464 3822 531 3897 est,
550 3822 672 3906 etque
689 3813 801 3906 magis
819 3813 1006 3905 posteritas
1022 3813 1168 3886 miretur
1184 3835 1257 3886 nox
1270 3813 1353 3886 bru-

270 3936 370 4007 malis
390 3937 464 4006 fuit.
487 3938 645 4030 Sequens
667 3957 796 4031 puguae
817 3938 893 4010 dies
915 3938 1066 4011 additus.
1088 3939 1174 4022 Quis
1195 3957 1351 4032 unquam

271 4054 382 4126 simile
402 4057 532 4150 aliquid
553 4059 699 4144 audivit,
722 4061 800 4153 quis
823 4063 890 4132 taio
910 4061 1040 4154 aliquid
1058 4061 1145 4134 vidit
1165 4070 1226 4132 aut
1246 4061 1354 4153 legit?

269 4175 396 4265 Magna
417 4180 534 4262 unius,
560 4197 687 4271 magna
708 4183 850 4254 alterius
865 4183 951 4256 lucis
969 4193 1067 4276 parte
1080 4195 1114 4256 et
1127 4193 1198 4256 tota
1212 4183 1350 4255 interim
