3062 4798
370 351 462 400 nrnnn
483 351 784 402 surrrnusnnemus.
797 372 833 382 —
846 353 998 402 nersronn
1020 355 1050 400 x.
1192 341 1250 402 459

175 486 277 570 satio,
299 485 393 579 quod
413 486 481 558 etsi
502 507 598 558 verae
618 486 730 557 leudis
751 487 914 580 cupidum
941 510 995 560 me
1020 510 1089 560 non
1109 510 1250 580 negem,

174 607 265 678 hane
290 616 406 677 tamen
436 627 516 699 queo
541 627 597 676 me
623 607 749 698 premit
768 627 929 700 pompam
951 607 1156 701 concupisse
1177 629 1254 700 ,non

107 737 112 750 '
175 726 327 797 memini.
339 715 521 799 'Hactenus
539 726 757 821 colloquendi
776 727 891 800 studio
904 738 1074 820 evagatus
1089 751 1165 801 sum
1178 755 1185 812 ;
1198 728 1254 801 hic

176 850 314 920 tandem
336 849 496 942 colloquii
517 849 596 920 finis
616 860 706 934 esto,
743 858 781 920 ut
813 849 986 942 intelligas
1019 851 1086 922 etsi
1116 850 1253 922 labores

175 969 233 1042 alii
252 993 298 1042 ex
319 972 409 1056 aliie,
432 983 467 1042 et
487 971 575 1044 inter
595 972 734 1044 labores
755 993 859 1044 novae
880 971 965 1046 mihi
985 972 1139 1066 quotidie
1158 973 1254 1046 labo-

175 1115 252 1163 rum
274 1113 393 1164 oausae
413 1093 638 1186 materiaeque
659 1104 860 1178 nascantur,
880 1117 936 1166 me
955 1103 1069 1165 tamen
1087 1096 1131 1166 de
1152 1094 1255 1166 liber·

175 1223 247 1286 tate
266 1217 325 1286 vel
344 1215 379 1284 in
400 1215 549 1286 vinculis
571 1214 600 1286 si
623 1237 701 1287 sors
723 1225 840 1307 cogat,
862 1215 906 1287 de
929 1237 1009 1287 rure
1034 1217 1069 1285 in
1091 1213 1251 1298 urbibuS‚

175 1338 211 1408 in
228 1337 405 1410 ldnoribus
417 1336 462 1409 de
475 1341 606 1431 quiete,
622 1347 805 1432 postremo,
824 1348 860 1410 ut
874 1338 991 1410 tritum
1005 1338 1090 1410 illud
1103 1336 1255 1420 Africani

175 1460 242 1532 mei
263 1459 393 1532 dictum
414 1473 565 1544 vertam,
588 1463 623 1532 in
645 1462 794 1554 negotiis
820 1462 865 1534 de
889 1463 959 1533 otio
979 1460 1141 1552 cogitare.
1163 1460 1254 1529 lute-

176 1585 240 1654 rim
261 1585 345 1654 mihi
369 1607 432 1656 seu
452 1596 526 1657 arte
547 1586 697 1684 quadam
721 1608 784 1657 seu
809 1598 932 1658 natura
956 1585 1075 1655 datum
1104 1582 1190 1654 scito
1216 1590 1254 1652 ut

174 1706 246 1798 iugi
266 1717 303 1778 et
321 1707 438 1780 valida
458 1706 681 1780 meditatione
701 1709 771 1780 vile
793 1709 876 1782 mihi
896 1707 1019 1780 faciam
1039 1705 1135 1799 quod
1155 1725 1255 1776 asse-

174 1830 234 1921 qui
254 1839 404 1923 nequeo,
423 1830 525 1902 duloe
545 1841 662 1902 autem
684 1829 778 1923 quod
795 1831 928 1904 evitare
946 1852 1015 1902 non
1033 1831 1142 1900 valeo.
1164 1826 1254 1898 Vive

174 1950 284 2023 nostri
304 1972 437 2024 memor
456 1959 492 2021 et
512 1952 602 2022 vale.
662 1961 666 1968 '

316 2094 473 2164 Mediolani,
488 2094 620 2150 Kalendis
634 2094 763 2150 Ianuarii.
