3078 4798
600 377 640 423 DE
662 375 762 422 REHUS
785 372 1006 421 FAMILIARIBUS

682 657 859 720 nulsione
880 657 924 719 111.

415 851 609 900 FRANCISCUS
631 851 800 900 PETRARCA
822 849 956 898 secnnrl
977 849 1036 898 SUO
1058 849 1084 897 S.
1108 850 1135 896 P.
1158 849 1187 895 D.

262 1031 317 1084 Sua
341 1045 371 1083 se
396 1034 470 1083 sorte
493 1030 654 1082 contentum
678 1025 718 1080 nil
751 1025 871 1096 emplius
899 1039 1038 1095 quaererc,
1068 1023 1107 1078 nil
1135 1025 1343 1096 concupiscere,

309 1117 311 1120 ’
350 1118 424 1172 etab
439 1116 534 1170 amicis
547 1117 626 1170 enixe
640 1119 734 1185 petere
749 1129 784 1168 ne
800 1113 835 1168 de
849 1113 960 1168 fortuna
974 1113 1034 1168 eius
1052 1115 1137 1170 velint
1165 1130 1194 1170 se
1222 1113 1344 1186 praebere

349 1205 479 1260 solicitos.

362 1482 469 1552 Multa
497 1477 558 1549 tibi
578 1477 694 1549 dicere
721 1477 827 1548 hebui
849 1477 952 1548 hodie
976 1497 1058 1568 quee
1079 1476 1195 1547 sciens
1216 1486 1339 1568 praete*
1374 1572 1378 1580 Ι

261 1627 342 1686 reo;
364 1603 524 1675 dicentur
545 1603 637 1672 enim
662 1622 778 1672 coram
801 1599 944 1670 liberius
965 1609 1070 1689 etque
1093 1597 1237 1670 facilius.
1263 1599 1342 1669 Lin—

262 1749 331 1818 gua
356 1725 391 1793 in
419 1723 603 1795 soiitudine
628 1723 688 1794 diu
717 1721 820 1793 tacita
845 1733 881 1792 et
905 1723 1047 1792 immota
1074 1722 1169 1794 hunc
1193 1721 1343 1814 fatigetis

263 1849 417 1919 laborem
439 1845 557 1936 digitis
580 1845 722 1915 eximet.
746 1845 859 1916 Unum
876 1842 1006 1916 differri
1027 1846 1144 1926 noluit,
1166 1845 1260 1937 quod
1277 1867 1342 1916 non

262 1969 333 2052 tibi,
357 1970 420 2040 sed
442 1969 552 2040 amico
570 1968 744 2039 communi
764 1968 893 2039 dictum
917 1969 969 2051 sit,
990 1969 1050 2060 qui
1071 1990 1136 2040 suo
1151 1978 1188 2038 et
1207 1967 1344 2060 publico

262 2111 359 2162 more
379 2113 470 2161 nunc
491 2112 546 2160 me
568 2090 658 2175 sniS,
680 2111 772 2160 nune
793 2089 914 2160 alienis
936 2088 1059 2160 litteris
1080 2089 1224 2172 excitet,
1246 2099 1282 2160 et
1300 2089 1342 2162 ed

261 2213 468 2308 cupiditates
488 2212 639 2312 gelidum
657 2213 873 2284 inflammare
891 2215 979 2292 veile
993 2235 1060 2284 non
1074 2213 1210 2296 desinit,
1229 2224 1342 2306 etque,

264 2347 301 2409 ut
326 2337 374 2408 ait
400 2336 573 2420 Horatius,
608 2331 758 2408 amando
783 2335 926 2427 perdere
956 2347 1128 2430 properat.
1156 2337 1344 2408 Commune

264 2463 392 2530 melum
415 2458 577 2531 amicitiae
599 2461 777 2549 vulgaris:
799 2480 904 2551 quem
926 2458 972 2530 ob
990 2480 1143 2542 causam,
1164 2461 1232 2530 etsi
1253 2459 1344 2554 apud

263 2605 319 2653 me
340 2582 438 2653 amici
465 2582 556 2653 illius
586 2582 738 2654 charites
764 2591 832 2653 tote
856 2581 914 2659 sit,
936 2592 1030 2654 certe
1049 2582 1262 2673 existimatio
1282 2583 1345 2654 im-

263 2706 395 2776 minute
415 2717 481 2789 est,
502 2713 537 2775 et
556 2712 597 2775 ut
616 2703 660 2775 de
686 2705 848 2776 Cicerone
876 2725 941 2774 sno
966 2704 1118 2796 loquitur
1138 2707 1283 2776 Brutus:
1305 2703 1345 2773 de

262 2817 373 2898 umore
393 2851 451 2898 suo
478 2830 563 2898 ur‘dil
586 2839 633 2896 est
652 2831 840 2912 remissum,
868 2825 907 2896 de
928 2825 1049 2898 iudicio
1071 2831 1215 2920 lurqiter.
1239 2829 1344 2921 Equi-

263 2954 343 3023 dem
365 2972 432 3042 ego
453 2960 488 3020 ut
508 2949 684 3020 hominem
705 2951 815 3021 multa
831 2949 915 3020 mihi
933 2951 1116 3043 probatum
1136 2951 1204 3024 fide
1222 2973 1263 3024 eo
1282 2975 1344 3023 ve-

264 3073 326 3142 teri
345 3070 494 3141 amicitia
507 3071 728 3142 coniunctum
745 3093 814 3142 non
828 3093 945 3143 amare
961 3095 1103 3166 nequeo,
1124 3074 1174 3146 sic
1190 3073 1343 3144 animum

172 3235 175 3243 ι
264 3202 365 3263 terrae
385 3193 529 3263 affixum
549 3192 814 3286 degeneresque
836 3195 1026 3266 sententias
1048 3217 1117 3266 non
1137 3196 1255 3267 odisse
1276 3215 1343 3282 non

263 3337 417 3410 possum.
440 3315 568 3388 Scitote
589 3315 693 3408 igitur
714 3326 766 3399 tu,
789 3317 877 3410 ipse,
906 3318 973 3388 mei
994 3338 1115 3390 omnes
1137 3317 1345 3411 ubicumque

264 3451 346 3512 sunt
365 3440 494 3533 quibus
513 3439 654 3533 segnior
670 3461 829 3534 appareo,
851 3441 1063 3533 imposuisse
1083 3463 1138 3511 me
1158 3441 1250 3511 votis
1271 3459 1344 3510 mo-

263 3566 360 3649 dum,
383 3565 498 3657 deque
518 3564 611 3636 omni
632 3562 726 3656 quod
748 3565 782 3633 in
803 3564 869 3634 hec
889 3562 961 3634 vite
983 3563 1049 3634 iem
1072 3564 1214 3635 evenire
1240 3583 1344 3656 posse

263 3689 424 3760 videatur
456 3686 630 3759 modicum
659 3707 803 3756 curere:
829 3707 957 3778 cupere
984 3695 1100 3757 eutem
1133 3685 1226 3758 nihil.
1254 3685 1345 3757 Setis
1397 3763 1400 3769 ,

261 3811 353 3883 enim
376 3811 486 3882 habeo
514 3809 559 3881 ed
581 3809 708 3880 victum
737 3830 806 3901 quo
831 3808 886 3877 vir
908 3809 1077 3879 honestus
1104 3831 1183 3880 cum
1210 3810 1346 3880 fortune

263 3933 379 4004 foedes
401 3934 492 4004 ineat
512 3941 547 4003 et
568 3941 753 4004 contentus
775 3943 867 4023 agat.
888 3931 1003 4002 Minus
1025 3931 1145 4004 habuit
1165 3930 1343 4014 Quintius,

253 4052 377 4133 minus
400 4055 535 4137 Curius,
558 4055 673 4126 minus
695 4054 881 4138 Febritius,
905 4053 1020 4126 minus
1042 4054 1191 4141 Attilius,
1214 4054 1273 4149 qui
1296 4053 1347 4126 vi-

262 4184 385 4242 cerunt
398 4197 502 4264 reges
517 4199 557 4248 ec
579 4180 733 4268 populos,
757 4178 887 4269 quique
907 4177 1104 4273 triumphus
1126 4179 1252 4251 clarior
1271 4175 1344 4257 fuit,
