3062 4798
270 340 327 399 tlt
367 413 370 422 ,
607 351 648 398 os
670 349 770 398 nunus
791 346 1014 396 enuntiamus

271 488 400 559 veritas
414 487 523 569 datur,
541 485 762 577 negliguntur
775 506 890 555 mores
905 483 994 566 boni,
1011 503 1066 552 res
1080 481 1166 574 ipsae
1180 502 1348 574 spernun-

273 619 335 692 tur,
355 607 531 700 inquibus
548 606 767 701 philosophia
783 605 840 674 illa
856 602 981 673 nobilis
999 613 1062 684 est,
1082 621 1161 694 quae
1178 603 1347 672 neminem

271 732 363 801 fallit.
385 728 549 800 luanibus
574 738 705 797 tantum
729 725 845 796 verbis
867 723 1066 795 intenditur.
1084 723 1187 806 Quod
1207 723 1255 794 ita
1271 745 1350 794 esse

271 851 553 943 philosophorum
572 849 644 920 vita
664 856 818 932 testatur,
834 847 917 916 nihil
936 846 1081 940 implens
1100 843 1255 915 omnium
1273 865 1352 936 quae

272 973 446 1064 praedicat.
468 1001 482 1036 a
502 971 636 1052 Quotus
654 970 745 1040 enim
758 971 908 1061 quisque
922 967 1207 1060 philosophorum
1221 966 1354 1036 inveni-

274 1106 341 1178 tur,
360 1121 375 1156 n
397 1105 433 1162 ut
451 1093 484 1161 in
499 1093 694 1162 Tusculano
711 1112 775 1160 suo
791 1089 923 1159 Tullius
938 1088 993 1172 ait,
1012 1116 1027 1152 r
1047 1087 1106 1178 qui
1122 1085 1227 1158 silita
1241 1108 1354 1157 mora-

279 1241 293 1277 »
318 1222 383 1297 tue,
399 1213 445 1282 ita
460 1213 529 1282 vita
542 1221 578 1281 et
591 1210 745 1281 moribus
760 1209 948 1291 institutus,
964 1219 1002 1278 ut
1015 1207 1101 1278 ratio
1116 1211 1282 1300 postulat:
1296 1208 1354 1300 qui

278 1365 292 1398 n
317 1333 532 1427 disciplinam
548 1355 647 1404 suam
665 1353 735 1401 nou
749 1332 1015 1402 ostentationem
1029 1329 1198 1411 scientiae,
1222 1329 1286 1401 sed
1308 1332 1355 1401 le·

278 1484 292 1520 n
318 1477 395 1547 gem
417 1454 500 1525 vita
521 1464 624 1547 putet,
644 1455 704 1546 qui
724 1453 942 1546 obtemperet
960 1452 1034 1544 ipse
1052 1451 1135 1535 sibi,
1156 1463 1191 1522 et
1208 1452 1355 1524 decretis

278 1607 293 1642 a
319 1578 392 1649 suis
406 1577 682 1670 pareat‘?Videre
694 1575 866 1646 licetalios
878 1583 971 1645 tanta
983 1573 1166 1646 levitateet
1175 1573 1356 1646 iactatione

279 1726 294 1763 »
321 1700 418 1769 uteis
432 1699 616 1768 lueritnon
636 1697 800 1769 didicisse
820 1697 961 1768 melius:
982 1695 1068 1768 alios
1085 1697 1243 1787 pecuniae
1262 1696 1356 1787 cupi-

282 1847 296 1882 n
319 1820 393 1901 dos
409 1817 529 1908 gloriae
544 1821 736 1902 nonnullos,
752 1821 879 1889 multos
890 1817 1072 1890 libidinum
1085 1839 1218 1902 servos
1232 1827 1271 1888 ut
1280 1841 1357 1890 cum

261 1927 263 1930 ⁵
281 1967 296 2001 »
321 1960 441 2009 eorum
456 1938 1265 2032 vitamirabiliterpugnetoratiozquodquidem
1277 1938 1357 2008 mihi

229 2095 231 2100 ,
283 2090 296 2125 n
322 2061 554 2132 videturesse
569 2059 818 2152 turpissimum.
836 2061 878 2131 Ut
891 2061 992 2144 enim,
1003 2061 1031 2130 si
1047 2060 1312 2152 grammaticum
1322 2079 1359 2128 se

283 2213 299 2248 a
322 2187 502 2277 professus
523 2183 705 2276 quispiam,
726 2182 873 2254 barbare
892 2184 1062 2274 loquatur,
1082 2193 1142 2253 aut
1159 2181 1190 2252 si
1207 2180 1358 2252 absurde

283 2334 298 2369 r
322 2314 424 2377 canat
442 2306 471 2376 is
489 2303 548 2396 qui
567 2325 605 2374 se
624 2305 795 2376 musicum
815 2305 899 2375 velit
917 2304 1050 2388 haberi,
1073 2305 1139 2374 hoc
1162 2303 1294 2394 turpior
1317 2301 1360 2372 sit

285 2454 300 2490 n
324 2425 417 2517 quod
438 2425 472 2496 in
493 2447 535 2495 eo
558 2425 633 2519 ipso
650 2435 778 2518 peccet,
799 2425 899 2497 cuius
913 2423 1093 2517 profitetur
1108 2424 1295 2507 scientiam,
1310 2422 1359 2493 sic

286 2577 301 2610 »
325 2547 552 2639 philosophus
574 2547 712 2618 invitae
734 2548 866 2618 ratione
886 2567 1034 2638 peccans
1056 2545 1121 2617 hoc
1147 2546 1281 2638 turpior
1304 2554 1358 2614 est

248 2749 251 2754 ,
287 2697 301 2732 »
325 2667 420 2760 quod
442 2669 476 2736 in
501 2666 622 2751 officio,
642 2669 742 2740 cuius
761 2668 928 2759 magister
944 2689 1026 2738 esse
1043 2670 1128 2750 vult,
1148 2665 1288 2748 labitur,
1307 2687 1360 2735 ar·

287 2816 301 2851 u
327 2799 465 2879 temque
485 2787 568 2858 vitae
589 2790 770 2879 professus
790 2787 959 2880 delinquit
978 2789 1013 2858 iu
1034 2789 1116 2859 vila.
1142 2815 1158 2852 n
1179 2788 1216 2857 lu
1234 2784 1359 2879 quibus

283 2907 379 2977 Tullii
407 2905 524 2978 verbis
554 2907 638 2978 illud
660 2907 751 2977 ¹inter
777 2910 885 2979 multa
906 2908 1072 2992 notabile,
1094 2907 1189 3000 quod
1210 2907 1361 2999 philoso-

283 3029 400 3124 phiam
421 3050 491 3098 non
517 3028 704 3099 verborum
725 3029 942 3102 artem-dicit
962 3051 1059 3113 esse,
1083 3030 1147 3101 sed
1168 3030 1262 3101 vitae.
1284 3029 1359 3110 Vis,

283 3147 521 3219 amantissime
541 3151 659 3233 frater,
682 3172 798 3234 nosse,
827 3149 858 3222 si
878 3153 963 3222 lorte
984 3173 1052 3223 non
1072 3150 1175 3233 nosti,
1199 3170 1364 3241 quaenam·

285 3270 501 3364 philosophia
522 3294 606 3344 vera
624 3272 677 3358 sit,
700 3281 738 3342 ut
756 3274 951 3364 intelligens
969 3282 1137 3366 quantum
1155 3274 1248 3344 inea
1265 3271 1362 3343 brevi

287 3404 438 3485 tempore
460 3395 656 3485 profeceris,
691 3395 835 3467 alacrior
868 3417 994 3489 pergas
1032 3394 1077 3466 ad
1111 3393 1266 3486 reliqua?
1303 3394 1363 3464 Vis

285 3513 456 3599 omnibus
478 3517 538 3607 qui
559 3517 646 3587 salso
667 3516 895 3610 philosophiae
917 3516 1055 3586 nomine
1076 3524 1283 3598 tumescunt,
1305 3534 1365 3583 ue-

288 3647 387 3730 getas
401 3658 505 3708 aures
523 3637 607 3708 mihi
624 3637 793 3731 praebere,
809 3657 933 3730 meque
952 3661 1060 3708 unum
1079 3637 1133 3708 hic
1150 3635 1282 3718 audire,
1297 3633 1366 3703 imo

288 3780 443 3842 nonme,
479 3759 543 3830 sed
572 3759 857 3853 philosophorum
893 3760 1080 3854 principem
1112 3762 1306 3840 Platonem,
1333 3766 1368 3828 et

290 3881 415 3952 Christi
436 3879 679 3975 philosophum
698 3880 932 3970 Augustinum
951 3879 1037 3952 libro
1055 3883 1224 3973 Supernae
1242 3878 1369 3950 Civita-

291 4001 337 4070 tis
364 4000 568 4072 undecimo?
596 4031 610 4066 «
636 4001 746 4085 Nunc,
774 4001 902 4094 inquit,
927 4001 1011 4073 satis
1034 4002 1079 4072 sil
1098 4019 1369 4074 commemorare

294 4121 512 4194 »Platonem
545 4121 798 4194 determinasse
829 4120 932 4193 finem
964 4122 1043 4194 honi
1069 4144 1150 4194 esse
1176 4120 1367 4194 secuudum
