3024 4802
292 341 352 404 ott
631 357 672 404 ne
695 357 795 405 annus
817 356 1039 405 rnanmnnmus

291 509 503 582 quamquam
521 489 554 559 ni
572 491 681 571 fallor,
701 513 744 562 ne
765 489 800 559 in
818 488 884 560 hac
904 498 1000 583 parte
1018 489 1085 560 labi
1107 491 1239 584 possim
1259 493 1377 587 provi-

292 633 369 683 sum
394 621 449 683 est
475 612 569 682 mihi.
592 612 711 684 Habeo
732 611 787 684 cui
808 613 959 686 haeream
981 613 1228 686 conscientiam
1249 636 1376 707 meam,

178 799 184 805 .
291 757 400 829 aqua
426 736 542 806 sinon
563 738 719 808 externis
741 735 879 808 llatibus
901 737 1049 808 avulsus
1066 738 1172 822 luere,
1193 761 1264 810 non
1279 740 1377 812 facile

290 879 460 928 corruam.
488 858 559 928 lllic
586 857 678 928 enim
703 879 773 930 non
799 859 865 930 uisi
891 882 977 930 aura
1003 859 1200 953 purissima,
1227 861 1377 956 verique

289 981 374 1052 ssent
395 981 548 1074 spiritus.
567 983 723 1075 Denique
743 981 793 1054 sic
810 981 951 1068 habeto,
974 1004 1081 1078 posse
1103 1004 1157 1052 me
1178 981 1240 1054 tibi
1259 984 1376 1056 omnia

290 1105 448 1186 credere,
464 1104 530 1174 nisi
548 1126 629 1198 quae
651 1106 696 1178 de
716 1127 773 1177 me
794 1105 934 1190 scribis,
953 1126 1034 1198 quae
1053 1105 1083 1196 si
1099 1105 1239 1177 aliunde
1257 1129 1375 1201 prooe-

290 1229 428 1314 derent,
447 1250 517 1321 qua
533 1237 636 1324 putas
655 1231 768 1300 lronte
784 1231 938 1300 lecturus
956 1228 1105 1299 luerim?
1118 1227 1163 1298 Al
1179 1251 1274 1302 nunc
1290 1230 1375 1300 mihi

292 1352 494 1424 notissimus
511 1353 640 1425 candor
659 1361 740 1423 tuus
756 1350 927 1444 quidquid
943 1350 995 1423 ais
1013 1359 1074 1424 aut
1090 1351 1245 1446 loqueris
1263 1351 1374 1424 sensi-

290 1474 356 1547 hus
375 1476 462 1547 meis
485 1473 666 1569 approbat,
686 1485 721 1544 et
739 1497 819 1568 quae
840 1497 888 1546 ex
904 1495 964 1546 cre
984 1473 1129 1546 alterius
1147 1473 1305 1548 illusoria
1322 1475 1373 1546 vi·

289 1599 465 1684 derentur,
483 1621 503 1670 e
523 1598 591 1670 tuis
605 1597 705 1669 labiis
720 1608 820 1688 grata
835 1597 915 1670 facit
928 1606 964 1668 et
976 1597 1103 1670 dulcia.
1116 1595 1172 1670 Ad
1186 1619 1371 1682 summam,

288 1720 447 1812 quisquis
462 1741 552 1803 sum,
569 1730 650 1792 tuus
674 1740 764 1804 sum,
786 1731 821 1792 et
841 1720 1001 1793 amicitiae
1018 1729 1150 1794 nostrae
1163 1723 1266 1808 sores,
1284 1743 1372 1816 quas

287 1841 493 1934 eloquentiae
512 1852 583 1913 tuae
612 1841 778 1914 clavibus¹
800 1843 936 1937 aperire
962 1855 1058 1917 tauto
1090 1844 1205 1916 studio
1228 1844 1370 1936 satagis,

287 1973 417 2058 aperte
438 1974 528 2036 sunt.
551 1966 595 2037 Ut
618 1965 702 2036 libet
726 1975 914 2058 exoptatus
934 1964 1128 2058 ingredere.
1153 1966 1265 2041 Crede
1286 1961 1371 2038 mihi

288 2089 383 2159 nullo
403 2087 498 2172 nisu,
525 2089 620 2161 nulla
648 2110 737 2187 opus
767 2100 822 2161 est
853 2100 944 2173 arte;
970 2092 1061 2164 ultro
1085 2089 1212 2162 animis
1240 2101 1372 2185 praesto

288 2233 383 2296 sum;
407 2221 509 2306 teque
535 2211 570 2283 in
596 2211 714 2285 limine
734 2216 838 2286 laetus
867 2213 1017 2308 excipio,
1040 2237 1110 2286 non
1132 2215 1228 2308 prius
1248 2215 1371 2286 exclu-

288 2356 410 2422 surus,
431 2357 536 2430 quam
557 2335 647 2408 hanc
666 2336 748 2408 inde
768 2337 919 2408 animam
945 2359 1041 2410 mors
1060 2338 1244 2422 excludat;
1266 2337 1371 2431 idque

288 2457 339 2530 sic
359 2479 440 2530 esse
466 2468 504 2529 ut
529 2456 607 2531 dico
627 2457 765 2550 penitus
789 2459 848 2532 tibi
877 2481 1085 2553 persuasum
1109 2459 1226 2532 velim.
1257 2462 1371 2532 Pauca

288 2590 370 2653 sunt
403 2580 531 2675 quihus
565 2581 706 2673 glorier,
733 2580 839 2674 inque
871 2582 926 2654 his
959 2582 1046 2676 ipsis
1071 2583 1237 2656 haesitare
1264 2585 1369 2655 soleo.

287 2707 401 2779 Unum
422 2705 489 2778 hoc
509 2706 681 2800 intrepide
701 2705 867 2778 dixerim:
889 2709 1097 2802 temporales
1115 2707 1283 2779 amicitias
1301 2727 1369 2778 nou

287 2834 380 2918 novi,
412 2833 458 2905 ad
477 2853 566 2925 quas
600 2831 630 2904 si
656 2853 725 2904 non
750 2833 862 2905 inanis
890 2832 1115 2906 emolumenti
1147 2833 1246 2904 fluxa
1272 2831 1365 2915 ratic,

288 2957 352 3027 sed
373 2956 538 3026 honestas
559 2954 712 3026 alliceret
736 2956 958 3040 immortalis,
980 2977 1028 3026 ex
1053 2975 1092 3026 se
1117 2953 1251 3046 genitas
1278 2977 1368 3028 mor·

286 3078 374 3147 tales
390 3097 471 3146 esse
490 3095 561 3146 uon
586 3075 727 3145 sineret.
752 3075 829 3167 Ego
850 3078 959 3149 fateor
983 3076 1028 3150 ad
1058 3074 1230 3148 ineundas
1250 3075 1367 3148 amici·

286 3196 353 3268 tias
377 3195 514 3282 tardus,
539 3196 602 3268 sed
621 3197 667 3269 ad
688 3195 859 3270 liniendas
886 3197 1089 3284 immobilis,
1111 3199 1156 3271 ad
1176 3199 1267 3280 hauc
1286 3219 1366 3282 con-

286 3319 491 3394 trahendam
525 3320 646 3414 utique
678 3343 809 3414 pronus
843 3343 932 3394 sum.
965 3320 1017 3393 Ac
1047 3344 1092 3394 ne
1120 3321 1156 3393 id
1189 3321 1365 3394 fortuitum

285 3451 388 3537 putes
408 3444 453 3516 de
478 3453 513 3516 te
537 3443 622 3515 mihi
642 3444 704 3516 diu
722 3453 802 3516 aute
821 3444 1012 3538 praevisum
1035 3455 1124 3530 erat,
1148 3466 1253 3538 quem
1274 3453 1313 3517 ut
1332 3444 1366 3514 in

285 3566 406 3639 amicis
426 3565 593 3640 haberem
614 3576 650 3640 et
673 3567 803 3660 dignus
822 3575 859 3638 et
874 3577 1045 3663 appetens
1063 3565 1252 3640 videbaris.
1274 3566 1365 3642 Sanc

285 3688 379 3782 quod
398 3701 527 3785 praeter
546 3689 844 3763 modestissimum
861 3689 1021 3762 amicitiae
1042 3700 1175 3774 votum,
1196 3689 1301 3762 ctiam
1322 3689 1365 3764 de

286 3811 424 3908 seriptis
444 3811 685 3897 familiaribus,
700 3833 781 3906 quae
802 3811 901 3885 varia
919 3812 1086 3904 exigente
1102 3810 1263 3900 materia,
1277 3833 1364 3906 quo·

286 3933 370 4007 tidie
389 3934 474 4005 mihi
491 3957 512 4006 e
527 3933 689 4007 manibus
706 3934 882 4021 excidunt,
897 3943 1031 4029 partem
1048 3936 1224 4028 postulare
1241 3934 1365 4028 digua-

285 4063 344 4126 tus
366 4056 429 4141 sis,
451 4057 597 4130 mirarer
616 4056 711 4151 quod
730 4056 777 4129 ita
794 4081 872 4130 cum
893 4058 1014 4132 vivum
1035 4060 1165 4131 iontem
1185 4057 1280 4130 domi
1302 4057 1365 4130 ha·

243 4163 248 4172 '
287 4171 372 4244 beas
396 4185 431 4244 et
459 4177 626 4262 lucidum,
655 4181 881 4253 semiurentes
912 4203 951 4252 ac
982 4179 1139 4254 turbidos
1169 4173 1361 4252 vicinorum
