3024 4802
276 385 332 446 eba
613 399 652 445 ne
675 398 775 446 nunus
798 398 1019 448 rtunmnmus

274 541 334 631 qui
354 539 432 610 lecit
453 537 625 610 mirabilia
646 542 682 610 iu
703 543 776 611 vita
798 561 879 625 sua,
902 562 1008 632 quem
1035 540 1207 632 scriptura
1232 544 1359 634 quaerit

274 671 313 734 ut
333 661 464 744 laudet3
487 663 603 754 etqui
625 662 755 734 utiliter
780 673 886 756 atque
914 663 1062 734 honeste
1082 662 1277 750 distribuit,
1298 665 1359 738 do
1490 673 1491 704 ³

276 786 407 854 minus:
422 784 482 874 qui
496 783 601 855 anxie
617 782 701 853 illud
720 794 854 868 servat,
868 791 1004 867 custos;
1022 786 1082 878 qui
1099 793 1203 872 amat,
1221 807 1358 868 amans;

275 909 336 1001 qui
357 908 482 980 metuit
503 929 647 990 servus3
669 907 728 998 qui
749 917 896 980 venerat
916 906 1073 980 idolatra.
1093 909 1170 1001 ligo
1186 930 1293 1002 quem
1311 910 1360 980 in-

276 1044 328 1104 ter
353 1031 419 1105 bos
454 1031 599 1122 gradum
627 1040 763 1102 teneam
785 1033 924 1122 ignoro:
946 1053 1013 1104 neo
1032 1031 1077 1104 do
1096 1055 1153 1105 me
1174 1031 1259 1104 mibi
1285 1031 1360 1125 ipse

276 1153 504 1227 crediderim:
525 1151 673 1225 libenter
698 1153 986 1248 familiariterque
1011 1177 1076 1228 nos
1101 1156 1263 1226 fallimur.
1290 1157 1360 1228 Hoc

255 1278 349 1392 [seio
367 1275 464 1370 quod
486 1297 611 1348 aurum
633 1276 677 1348 de
697 1274 802 1349 domo
824 1276 1037 1374 meadeque
1058 1281 1178 1350 arcula
1196 1279 1263 1350 iter
1282 1279 1361 1350 lacit

276 1421 346 1470 non
380 1399 584 1493 hospitium:
619 1421 690 1492 quo
721 1398 757 1470 id
789 1419 987 1492 consequar
1012 1410 1051 1472 ut
1079 1401 1171 1472 inter
1198 1398 1361 1470 haeredes
1490 1495 1491 1500 Ἰ

276 1543 375 1594 meos
396 1530 458 1592 aut
477 1523 610 1594 nullum
632 1533 693 1594 aut
712 1521 882 1614 exiguum
904 1525 949 1594 sit
969 1532 1156 1595 certamen.
1177 1521 1222 1594 m
1241 1521 1288 1594 de
1306 1543 1362 1594 me

276 1645 419 1741 quidem
441 1644 621 1718 hactenus.
644 1645 695 1717 De
716 1647 859 1719 alumno
876 1654 993 1717 autem
1011 1653 1148 1732 nostro,
1167 1667 1249 1716 nam
1267 1655 1303 1717 et
1318 1645 1361 1716 de

277 1770 335 1839 illo
348 1767 452 1838 etiam
466 1767 596 1859 quaeris
612 1765 689 1860 (nec
701 1767 890 1840 immerito:
903 1790 986 1862 pars
998 1771 1092 1840 enim
1105 1766 1362 1861 quodammodo
1490 1765 1491 1770 ’

277 1892 387 1962 nostri
408 1887 492 1984 est),
514 1890 608 1982 quod
632 1887 799 1962 definiam
818 1888 854 1961 in
875 1890 983 1963 dubio
1005 1911 1094 1963 sum.
1121 1891 1238 1963 Mores
1261 1899 1297 1962 ut
1325 1889 1360 1960 in
1490 1909 1491 1948 t

277 2014 500 2086 adolescente
521 2012 713 2106 tranquilli,
741 2022 777 2084 et
801 2013 897 2085 haud
922 2011 1111 2106 spernendi
1131 2012 1238 2086 flores
1258 2013 1362 2084 huius
1490 2087 1491 2110 ἢ

278 2137 455 2230 temporis.
477 2136 590 2220 Quem
609 2158 657 2208 ex
677 2135 733 2208 bis
753 2138 903 2210 fructum
930 2158 1085 2230 sperem,
1109 2138 1142 2210 si
1165 2157 1360 2228 moroges,

279 2281 383 2354 spero
415 2260 570 2332 futurum
596 2260 712 2333 virum
737 2259 879 2330 bouum.
914 2259 1002 2332 Nam
1035 2259 1256 2352 ingeniosum
1285 2278 1363 2330 esse
1490 2299 1491 2362 q

278 2383 347 2455 iam
370 2384 454 2455 scio.
477 2381 547 2456 Sed
563 2404 634 2475 quo
651 2382 849 2474 ingenium,
869 2383 899 2452 si
917 2382 1072 2454 studium
1089 2381 1204 2454 desit?
1221 2380 1362 2454 Librum

278 2505 398 2578 horret
420 2514 457 2578 ut
477 2502 669 2576 colubrum.
706 2503 838 2574 Sufficit
869 2513 987 2578 autem
1022 2502 1151 2576 bonum
1177 2501 1265 2574 fieri.
1290 2501 1364 2574 Non

279 2629 408 2700 frustra
435 2626 590 2700 nascitur
614 2625 675 2719 qui
701 2625 815 2700 bonus
836 2626 994 2698 moritur.
1026 2627 1187 2700 Delector
1210 2623 1364 2718 ingenio,

281 2773 376 2846 saepe
401 2749 506 2825 etiam
527 2747 706 2839 indignor,
727 2749 892 2842 quoniam
915 2747 1000 2820 illud
1019 2769 1083 2842 per
1105 2747 1277 2820 desidiam
1297 2744 1365 2818 labi

281 2875 377 2956 sinit;
401 2875 448 2944 nil
473 2891 594 2965 praees
616 2872 776 2955 valuere,
799 2872 848 2941 nil
872 2869 1069 2956 blanditiae,
1095 2873 1143 2944 nil
1174 2873 1293 2952 miuae,
1319 2868 1364 2940 nil

279 3000 409 3072 serulae.
434 2996 586 3067 Conatus
608 3003 747 3069 nostros
769 2994 854 3066 vicit
873 3005 998 3070 natura
1019 2995 1204 3089 potentior.
1226 2992 1298 3067 Sed
1316 2993 1367 3066 sio

281 3131 345 3202 eat,
367 3115 508 3210 quando
529 3117 630 3188 aliter
650 3137 719 3188 non
739 3125 868 3209 potest.
890 3118 969 3202 Est,
990 3119 1117 3203 fateor,
1143 3119 1301 3190 famosus
1326 3135 1366 3186 au

281 3241 433 3326 lucidus
457 3238 520 3313 sed
540 3259 611 3310 non
631 3239 741 3311 facilis
763 3240 956 3314 litterarum
978 3241 1111 3315 titulus.
1139 3239 1239 3314 Unde
1265 3237 1305 3312 lit
1330 3247 1366 3311 ut

282 3364 492 3440 tolerabilior
513 3365 559 3437 sit
577 3362 736 3436 delectus
757 3366 968 3458 eloquentiae
988 3375 1049 3436 aut
1070 3363 1243 3449 scientiae,
1259 3383 1365 3455 quam

282 3489 437 3572 virtutis,
472 3486 567 3579 quod
598 3486 667 3558 illae
698 3486 829 3561 scilicet
861 3485 929 3558 sim
961 3507 1168 3581 paucorum,
1203 3485 1280 3556 baee
1311 3491 1367 3553 est

283 3611 448 3686 omnium.
469 3609 513 3680 Et
533 3610 611 3682 lieet
636 3609 694 3679 hie
719 3617 839 3681 noster
863 3630 945 3684 esse
969 3609 1084 3704 possit
1106 3631 1153 3680 ex
1176 3606 1313 3703 paneis,
1336 3605 1366 3676 si

283 3744 399 3807 tamen
419 3731 697 3806 obstinatissime
719 3730 850 3818 renuit,
871 3712 957 3826 qdid
977 3735 1104 3825 agam?
1123 3729 1282 3804 Persolvi
1306 3727 1367 3802 de·
1490 3807 1491 3818 ,

282 3855 410 3941 bitum,
425 3853 655 3952 praestolabor
668 3855 817 3942 exitum,
835 3857 972 3930 laturus
991 3856 1116 3940 omnia,
1133 3853 1237 3928 modo
1252 3852 1366 3926 bonus
1490 3835 1491 3840 ¹

284 3977 448 4050 evaserit.
475 3976 520 4048 Ut
544 3977 639 4048 enim
664 3976 797 4051 veritas
823 3978 1038 4064 intellectus,
1066 3977 1115 4052 sio
1140 3976 1280 4050 bonius
1305 3995 1368 4046 uu-

284 4097 428 4170 luntatis
447 4097 622 4170 obiectum
643 4109 707 4170 est.
735 4100 832 4172 Hanc
857 4099 963 4193 igitur
983 4100 1046 4194 qui
1066 4122 1135 4175 non
1156 4096 1275 4181 babet,
1299 4117 1368 4166 nou

285 4223 341 4281 est
360 4219 415 4284 eui
437 4218 502 4288 boo
523 4219 686 4310 imputet,
711 4221 821 4295 autin
843 4245 948 4314 quem
968 4225 1104 4315 culpam
1126 4219 1294 4302 reflectat,
1317 4225 1368 4288 ut-
