3078 4798
404 385 497 434 uraun
519 385 1015 443 oururusunuruus-nnrsroun
1038 387 1076 435 vr.
1223 375 1278 436 327

194 543 305 606 mum,
329 521 359 591 si
381 541 420 592 se
437 521 521 593 vetit
538 520 671 605 ulcisci;
691 541 760 591 non
778 521 917 614 impune
937 523 1073 593 tentari.
1090 517 1151 592 lite
1165 529 1279 597 autern

196 646 312 716 mallet
335 651 372 714 ut
392 644 541 716 arbitror
561 664 630 715 non
650 642 815 736 coepisse
843 643 907 714 sed
926 643 1104 736 praeterita
1125 665 1186 736 per
1207 665 1281 737 pue·

194 765 374 838 nitentiam
395 782 464 837 non
485 773 676 837 mutantur:
698 762 825 836 cedere
841 774 957 836 autem
976 764 1094 857 pudet,
1118 766 1281 858 pigetque

195 889 415 961 contendere.
438 891 557 986 itaque
577 887 749 982 trepidum
775 895 880 981 atque
906 888 1088 960 sollicitum
1114 889 1208 959 ilium
1231 889 1282 958 vi·

147 1039 151 1045 ·
195 1011 292 1084 deas.
307 1012 395 1098 Quia
413 1011 505 1083 enim
520 1009 683 1114 loquendi
697 1011 837 1084 nescius
851 1022 918 1097 est,
934 1011 1092 1084 circumit
1104 1011 1281 1084 civitatem
1407 1017 1408 1025 ’

195 1133 373 1208 dictatoris
393 1131 507 1230 plebei
534 1133 725 1226 precariam
750 1153 850 1226 opem
877 1153 1050 1227 quaerens.
1073 1133 1159 1204 Nam
1186 1133 1280 1225 quod

197 1279 310 1352 nuper
329 1255 446 1341 didici,
469 1257 616 1350 epistota
637 1255 693 1326 illa
720 1277 825 1348 quam
852 1256 986 1342 vidisti,
1009 1267 1044 1329 et
1070 1255 1104 1327 in
1131 1277 1200 1350 qua
1225 1255 1282 1328 iiie

196 1400 253 1450 me
291 1378 441 1472 primum
480 1377 793 1471 impudentissimis
826 1377 946 1450 verbis
980 1401 1171 1471 aggressus
1209 1390 1279 1466 cst,

196 1501 433 1574 nesciocuius
455 1502 607 1573 montani
628 1497 771 1572 artificis
793 1521 881 1604 opus
907 1511 973 1573 est.
995 1501 1163 1574 Misereor
1189 1503 1284 1574 insa·

196 1625 277 1697 niae.
305 1624 406 1718 Saepe
436 1622 556 1708 etiam,
591 1626 714 1708 fateor,
752 1623 787 1692 in
819 1621 973 1696 animum
1010 1623 1105 1704 venit
1136 1623 1282 1697 amicius

196 1769 316 1840 agere,
337 1757 374 1819 et
393 1745 535 1818 omissis
557 1746 678 1839 iurgiis
699 1747 884 1820 ostendere
906 1747 1002 1819 iilum
1029 1745 1110 1819 sibi:
1131 1747 1226 1840 quod
1252 1745 1282 1818 si

198 1891 354 1964 possem,
371 1869 474 1942 simul
495 1868 712 1942 insolentiam
732 1869 883 1940 hominis
900 1870 1204 1965 compressissem;
1220 1869 1283 1942 sed

197 1991 437 2064 difficillimum
458 1999 514 2063 est
532 2012 661 2062 novam
681 1989 873 2062 doctrinam
895 1991 1021 2064 durato
1039 1992 1168 2086 pectori
1190 1992 1284 2064 inse-

197 2139 285 2188 rere.
307 2116 408 2187 Prius
429 2115 593 2209 equidem
614 2113 848 2187 dediscendus
863 2124 918 2186 est
935 2136 1045 2198 error,
1061 2124 1100 2185 ut
1117 2114 1151 2185 in
1168 2116 1283 2187 animo

198 2248 364 2332 occupato
385 2239 525 2310 tandem
548 2259 632 2309 vero
652 2239 749 2310 locus
772 2235 841 2310 iiat.
863 2237 983 2329 ltaque
1009 2236 1202 2332 desperans
1221 2236 1283 2309 de-

199 2361 281 2432 stiti.
305 2359 550 2453 Ignoraveram
572 2359 722 2456 primurn
744 2382 813 2453 quo
835 2359 918 2432 mihi
936 2381 1014 2431 cum
1033 2359 1135 2432 hoste
1155 2358 1282 2431 beltum

199 2493 309 2566 esset,
332 2492 368 2554 et
394 2485 491 2555 velut
522 2483 558 2553 in
590 2482 742 2553 tenebris
766 2503 954 2574 percussus
987 2503 1008 2552 a
1040 2481 1136 2566 Niso,
1165 2481 1283 2554 stricto

198 2609 332 2679 calamo
352 2607 386 2676 in
407 2605 587 2677 Euriaium
608 2608 659 2675 ire
681 2613 836 2696 poteram
864 2603 1040 2696 ignorans.
1063 2603 1285 2676 Vaticinabar

200 2741 328 2813 tamen,
344 2751 408 2801 nec
428 2727 573 2801 fallebar
589 2725 752 2819 augurio,
775 2725 868 2798 unde
889 2726 924 2796 in
942 2748 998 2798 me
1016 2727 1071 2797 itta
1092 2725 1282 2798 verborum

199 2851 310 2924 iacula
344 2852 580 2932 mitterentur;
614 2850 756 2923 demum
789 2849 968 2944 patefactis
1002 2848 1137 2921 insidiis
1166 2869 1282 2920 coram

199 2970 273 3043 vidi
293 2973 383 3042 male
403 2971 613 3044 dissimulati
640 2969 751 3042 hostis
777 2970 942 3062 effigiem,
965 2980 1001 3041 et
1021 2970 1206 3063 diligenter
1232 2971 1284 3040 in-

201 3091 360 3185 spiciens
384 3094 483 3186 signa
503 3093 664 3187 quaedam
688 3092 872 3185 pertinacis
893 3101 998 3185 atque
1015 3093 1213 3186 arrogantis
1232 3093 1284 3164 in-

132 3247 143 3262 ·
202 3215 311 3288 scitiae
337 3217 370 3285 iu
396 3218 499 3288 vultu
524 3214 673 3286 hominis
707 3215 787 3305 legi.
821 3215 893 3285 Iam
918 3236 1025 3286 nosse
1052 3216 1135 3287 mihi
1163 3214 1284 3288 videor

201 3339 285 3412 illud
318 3341 470 3414 terreum
504 3347 620 3433 caput,
654 3345 689 3407 et
723 3337 795 3408 scio
832 3335 1005 3428 quosdam
1040 3339 1150 3409 multo
1181 3338 1284 3410 citius

200 3465 312 3556 frangi
334 3483 439 3558 pesse
459 3485 563 3557 quarn
585 3461 686 3534 flecti.
708 3460 845 3552 Linquo
865 3459 972 3552 igitur
992 3460 1087 3530 iilum
1105 3459 1181 3530 sibi.
1209 3462 1285 3552 Ego

202 3607 316 3657 meum
343 3607 476 3658 morem
504 3585 656 3657 servabo
682 3605 725 3654 ne
750 3581 836 3676 quid
861 3590 993 3653 temere
1019 3581 1203 3662 affirmem
1229 3579 1285 3650 itte

202 3729 319 3794 suum,
343 3718 381 3780 ut
401 3708 526 3803 cupide
547 3708 659 3800 litiget
691 3717 726 3778 et
759 3704 906 3777 fidenter
932 3705 977 3778 de
997 3704 1125 3798 ignotis
1146 3701 1283 3774 iudicet.

201 3830 368 3915 Quidvis
389 3832 504 3902 enim?
523 3831 576 3901 An
602 3831 696 3902 aliud
724 3828 925 3902 temeritatis
947 3833 1190 3921 argumentum
1211 3825 1286 3896 exi-

202 3951 280 4044 gis?
300 3952 430 4047 Scripsi
452 3952 512 4024 tibi
533 3973 645 4045 nuper
665 3951 862 4045 epistolam,
890 3961 926 4023 et
951 3949 1116 4041 exigente
1142 3945 1286 4019 materia

202 4072 237 4144 in
258 4072 327 4146 fine
347 4075 437 4148 dixi:
459 4095 618 4164 mcpcum
643 4083 690 4142 est
714 4075 750 4142 in
772 4070 845 4142 sede
867 4071 973 4154 Petri,
996 4091 1153 4162 inaquam
1179 4081 1224 4139 est
1249 4073 1285 4140 in

202 4197 281 4265 sotio
302 4197 443 4268 Caesaris
463 4193 581 4264 sedere.
605 4194 666 4266 Hic
685 4194 743 4265 ille
762 4216 841 4266 cum
868 4192 935 4268 sihi
961 4192 1142 4287 epistolam
1169 4204 1286 4266 osten-
