2988 4800
401 331 495 378 cinna
517 331 921 380 UNDEGIMUS.-EPlSTOtA
944 334 1004 381 xvi.
1187 326 1240 386 tlt

163 464 259 536 vohis
294 462 514 556 potissimum
548 484 595 532 ex
628 463 721 533 omni
757 485 855 535 sacro
888 467 1032 558 collegio
1065 470 1243 542 Romanus

160 586 318 658 Pontifex
339 583 529 676 gloriosum
551 583 618 655 hoc
638 594 674 654 et
695 585 922 670 meritorium,
951 589 1114 679 quamvis
1139 612 1242 686 aequa

160 712 256 780 lance
276 705 484 778 lihrantibus
506 706 660 801 apprime
688 729 810 799 grave,
834 709 970 800 pondus
991 710 1194 800 iniunxerit,
1222 739 1242 788 e

160 829 287 926 quibus
310 841 391 914 tres
414 838 541 923 praeter
561 829 868 923 profundissimam
887 832 1089 925 sapientiam
1106 837 1241 909 uberri-

161 975 324 1046 mamque
337 953 538 1036 doctrinam,
555 974 776 1024 romanarum
794 975 933 1046 quoque
951 978 1069 1030 rernm
1086 960 1240 1032 notitiam

160 1077 376 1173 experientia
404 1074 595 1158 docuisset;
617 1085 763 1168 quartus
790 1099 877 1148 vero
903 1101 971 1150 non
998 1080 1100 1152 modo
1126 1105 1240 1155 roma-

161 1221 213 1271 nae
233 1207 333 1272 esset
352 1198 511 1290 originis⁷
540 1197 604 1270 sod
624 1219 736 1290 genus
753 1199 873 1283 etiam,
892 1210 930 1272 ut
947 1199 1087 1293 quidam
1108 1211 1238 1294 putant,

160 1347 204 1396 ex
224 1323 397 1394 altissima
423 1345 464 1394 ac
488 1321 729 1410 vetustissima
756 1323 908 1396 traheret
933 1301 1043 1416 gente
1061 1325 1240 1412 Cornelia;

160 1459 194 1518 et
212 1446 269 1518 hic
293 1447 326 1540 (ο
349 1469 432 1518 vera
449 1445 575 1538 pietas²
595 1467 616 1516 o
633 1447 755 1538 patriae
773 1444 883 1518 dulcis
902 1447 1046 1541 amorl),
1067 1449 1239 1522 adversus

161 1568 348 1662 superbam
377 1567 604 1654 nobilitatem,
636 1569 765 1640 athleta
792 1569 1019 1655 fortissimus
1049 1570 1240 1646 indefensae

159 1715 299 1765 causam
319 1691 431 1785 plehis
444 1703 564 1786 ageret
575 1703 610 1764 et
622 1688 802 1788 oppressae
815 1693 1043 1787 patrocinium
1056 1695 1238 1768 libertatis.

159 1817 254 1887 Hauc
271 1815 379 1907 igitur
398 1815 443 1888 ad
462 1839 605 1889 causam
631 1840 652 1888 a
672 1820 743 1888 Deo
766 1815 898 1888 iudices
925 1817 997 1888 dati
1022 1820 1154 1890 nullum
1181 1841 1240 1893 so-

158 1938 286 2009 cordiae
307 1940 431 2023 locum,
456 1941 586 2010 nullum
607 1939 769 2010 humanis
787 1940 949 2032 precihus
966 1951 1026 2012 aut
1043 1942 1165 2033 gratiae
1184 1967 1240 2016 re-

158 2061 334 2152 linquatis.
437 2102 442 2118 .
471 2075 475 2084 '

255 2183 325 2254 Sed
345 2193 383 2255 ut
402 2185 469 2254 iam
492 2185 631 2256 tandem
656 2185 861 2277 quaestionis
881 2195 917 2255 et
944 2187 1124 2258 sententiae
1149 2210 1238 2258 meae

159 2327 331 2378 summam
352 2305 452 2378 brevi
474 2329 634 2378 sermone
655 2309 877 2400 complectar,
898 2309 940 2379 lis
957 2307 1097 2401 antiqua
1115 2313 1239 2403 repeti-

160 2437 223 2499 tur.
246 2426 363 2521 Atque
376 2430 506 2500 utinam
524 2429 648 2522 priscae
666 2429 839 2524 superbiae
858 2431 904 2500 nil
923 2451 1026 2503 novae
1043 2433 1237 2527 tyrannidis

158 2551 378 2624 accessisset.
402 2551 533 2644 lgnava
553 2555 762 2647 placensque
784 2552 902 2626 sibiet
924 2576 1094 2650 spernens
1115 2567 1237 2629 cuncta

159 2673 320 2746 nobilitas
335 2673 527 2746 humilitate
552 2675 656 2746 nimia
687 2697 840 2746 romanae
865 2675 975 2770 plehis
993 2676 1155 2764 abutitur,
1174 2702 1239 2751 uec

159 2796 257 2868 aliter
277 2818 384 2888 quam
404 2797 547 2870 totidem
568 2799 693 2870 Poenos
710 2810 770 2870 aut
796 2798 953 2870 Cimbros
975 2811 1095 2894 captos
1116 2813 1151 2873 et
1172 2802 1239 2874 sub

160 2919 277 3012 iugum
300 2920 443 3004 missoS,
468 2919 735 3012 ignominiosum
758 2922 928 3014 protrahit
947 2923 993 2994 ad
1014 2923 1236 3016 triumphum.

159 3040 263 3135 Atqui
284 3045 379 3115 nulla
399 3044 475 3134 lege
496 3052 649 3129 cautum,
678 3047 771 3115 nullo
797 3068 892 3118 inore
919 3056 1121 3132 servatum,
1149 3070 1238 3118 nun-

160 3187 265 3257 quam
298 3166 385 3238 alias
419 3165 523 3238 fando
556 3166 712 3238 auditum
749 3177 817 3252 est,
853 3178 892 3238 ut
927 3169 1066 3242 domitis
1100 3168 1237 3241 civibus

161 3289 400 3383 triumphetur.
422 3292 550 3360 Verum
571 3289 638 3362 hoc
658 3289 762 3362 etiam
783 3294 857 3364 loco
874 3314 943 3362 non
964 3293 1115 3364 alienum
1135 3293 1238 3364 fuerit
1273 3367 1275 3377 ,

160 3411 326 3497 interfari,
350 3435 395 3484 ne
415 3435 484 3506 qua
504 3414 650 3484 orationi
678 3435 765 3486 meae
786 3416 842 3485 vel
868 3415 955 3486 levis
977 3414 1047 3487 odii
1069 3413 1114 3486 sit
1133 3415 1238 3486 iuter-

160 3536 269 3607 mixta
291 3535 457 3629 suspicio,
481 3559 536 3607 me
558 3537 687 3610 scilicet
708 3538 847 3622 harum,
870 3537 962 3610 unde
979 3560 1021 3608 ea
1041 3539 1083 3607 lis
1113 3539 1236 3620 oritur,

161 3657 367 3730 familiarum
401 3661 545 3730 alteram
578 3682 648 3730 uon
681 3659 812 3743 odisse,
835 3660 978 3732 alteram
1010 3681 1116 3743 vero,
1143 3660 1238 3750 quod

160 3803 431 3853 commemorare
453 3785 679 3875 superfluum,
703 3807 772 3856 non
792 3805 909 3854 amore
927 3785 1039 3854 solum
1059 3782 1122 3853 sed
1138 3781 1237 3852 fami-

161 3903 234 3976 liari
266 3905 419 3996 quodam
454 3928 591 4002 semper
627 3907 795 3999 obsequio
833 3905 997 3989 coluisse,
1037 3905 1237 3999 nullamque

161 4026 195 4096 in
220 4035 293 4099 toto
326 4027 410 4099 orhe
443 4028 637 4121 principum
670 4030 875 4101 familiarum
902 4051 958 4100 me
983 4027 1150 4100 cariorem
1176 4029 1239 4102 ha-

161 4150 291 4224 huisse.
315 4152 434 4224 Carior
456 4163 567 4224 tamen
592 4151 675 4224 mihi
696 4175 751 4224 res
778 4153 928 4248 publica,
961 4152 1073 4225 carior
1107 4154 1236 4236 Roma,
