<?xml version="1.0" encoding="UTF-8"?>
<!DOCTYPE html PUBLIC "-//W3C//DTD XHTML 1.0 Transitional//EN"
    "http://www.w3.org/TR/xhtml1/DTD/xhtml1-transitional.dtd">
<html xmlns="http://www.w3.org/1999/xhtml" xml:lang="en" lang="en">
 <head>
  <title>
</title>
<meta http-equiv="Content-Type" content="text/html;charset=utf-8" />
  <meta name='ocr-system' content='tesseract 3.04.00' />
  <meta name='ocr-capabilities' content='ocr_page ocr_carea ocr_par ocr_line ocrx_word'/>
</head>
<body>
  <div class='ocr_page' id='page_1' title='image "./franciscipetrar01fracgoog_0102.png"; bbox 0 0 3002 4794; ppageno 0'>
   <div class='ocr_carea' id='block_1_1' title="bbox 430 343 1237 406">
    <p class='ocr_par' dir='ltr' id='par_1_1' title="bbox 430 343 1237 406">
     <span class='ocr_line' id='line_1_1' title="bbox 430 343 1237 406; baseline 0.004 -3"><span class='ocrx_word' id='word_1_1' title='bbox 430 354 523 404; x_wconf 82' lang='lat' dir='ltr'><strong>uranu</strong></span> <span class='ocrx_word' id='word_1_2' title='bbox 544 354 905 406; x_wconf 71' lang='lat' dir='ltr'><strong>caelitus-uptstoul</strong></span> <span class='ocrx_word' id='word_1_3' title='bbox 927 357 966 406; x_wconf 87' lang='lat' dir='ltr'><strong>rv.</strong></span> <span class='ocrx_word' id='word_1_4' title='bbox 1203 343 1237 406; x_wconf 79' lang='lat'><strong>91</strong></span> 
     </span>
    </p>
   </div>
   <div class='ocr_carea' id='block_1_2' title="bbox 148 490 1242 1674">
    <p class='ocr_par' dir='ltr' id='par_1_2' title="bbox 148 490 1242 1674">
     <span class='ocr_line' id='line_1_2' title="bbox 151 490 1242 588; baseline 0.003 -26"><span class='ocrx_word' id='word_1_5' title='bbox 151 493 354 565; x_wconf 84' lang='lat' dir='ltr'><strong>individuae</strong></span> <span class='ocrx_word' id='word_1_6' title='bbox 376 492 567 578; x_wconf 78' lang='lat' dir='ltr'><strong>TrinitatiS,</strong></span> <span class='ocrx_word' id='word_1_7' title='bbox 590 491 756 588; x_wconf 87' lang='lat' dir='ltr'><strong>sapientia</strong></span> <span class='ocrx_word' id='word_1_8' title='bbox 777 490 862 564; x_wconf 91' lang='lat' dir='ltr'><strong>Filio</strong></span> <span class='ocrx_word' id='word_1_9' title='bbox 882 492 1088 578; x_wconf 76' lang='lat' dir='ltr'><strong>attribuitur,</strong></span> <span class='ocrx_word' id='word_1_10' title='bbox 1107 502 1143 564; x_wconf 89' lang='lat' dir='ltr'><strong>et</strong></span> <span class='ocrx_word' id='word_1_11' title='bbox 1167 494 1242 587; x_wconf 88' lang='lat' dir='ltr'><strong>ipse</strong></span> 
     </span>
     <span class='ocr_line' id='line_1_3' title="bbox 152 614 1241 710; baseline -0.002 -24"><span class='ocrx_word' id='word_1_12' title='bbox 152 614 332 710; x_wconf 82' lang='lat' dir='ltr'><strong>sapientia</strong></span> <span class='ocrx_word' id='word_1_13' title='bbox 349 614 464 686; x_wconf 88' lang='lat' dir='ltr'><strong>Patris</strong></span> <span class='ocrx_word' id='word_1_14' title='bbox 483 626 548 686; x_wconf 88' lang='lat' dir='ltr'><strong>est.</strong></span> <span class='ocrx_word' id='word_1_15' title='bbox 568 615 649 686; x_wconf 85' lang='lat' dir='ltr'><strong>Vox</strong></span> <span class='ocrx_word' id='word_1_16' title='bbox 675 623 790 686; x_wconf 88' lang='lat' dir='ltr'><strong>autem</strong></span> <span class='ocrx_word' id='word_1_17' title='bbox 816 637 921 688; x_wconf 89' lang='lat' dir='ltr'><strong>rauca</strong></span> <span class='ocrx_word' id='word_1_18' title='bbox 940 614 1065 701; x_wconf 87' lang='lat' dir='ltr'><strong>David,</strong></span> <span class='ocrx_word' id='word_1_19' title='bbox 1087 625 1123 688; x_wconf 90' lang='lat' dir='ltr'><strong>et</strong></span> <span class='ocrx_word' id='word_1_20' title='bbox 1143 617 1241 687; x_wconf 88' lang='lat' dir='ltr'><strong>lacri-</strong></span> 
     </span>
     <span class='ocr_line' id='line_1_4' title="bbox 152 735 1242 832; baseline -0.003 -24"><span class='ocrx_word' id='word_1_21' title='bbox 152 760 298 810; x_wconf 85' lang='lat' dir='ltr'><strong>marum</strong></span> <span class='ocrx_word' id='word_1_22' title='bbox 315 735 522 822; x_wconf 83' lang='lat' dir='ltr'><strong>assiduitas,</strong></span> <span class='ocrx_word' id='word_1_23' title='bbox 544 746 580 810; x_wconf 88' lang='lat' dir='ltr'><strong>et</strong></span> <span class='ocrx_word' id='word_1_24' title='bbox 598 738 780 832; x_wconf 87' lang='lat' dir='ltr'><strong>repetitum</strong></span> <span class='ocrx_word' id='word_1_25' title='bbox 799 759 895 832; x_wconf 84' lang='lat' dir='ltr'><strong>saepe</strong></span> <span class='ocrx_word' id='word_1_26' title='bbox 911 759 1038 810; x_wconf 91' lang='lat' dir='ltr'><strong>nomen</strong></span> <span class='ocrx_word' id='word_1_27' title='bbox 1055 735 1242 810; x_wconf 90' lang='lat' dir='ltr'><strong>Hierosoli-</strong></span> 
     </span>
     <span class='ocr_line' id='line_1_5' title="bbox 152 859 1240 957; baseline -0.002 -25"><span class='ocrx_word' id='word_1_28' title='bbox 152 883 225 933; x_wconf 86' lang='lat' dir='ltr'><strong>mae</strong></span> <span class='ocrx_word' id='word_1_29' title='bbox 249 861 426 948; x_wconf 85' lang='lat' dir='ltr'><strong>obiicitur,</strong></span> <span class='ocrx_word' id='word_1_30' title='bbox 449 870 590 956; x_wconf 87' lang='lat' dir='ltr'><strong>propter</strong></span> <span class='ocrx_word' id='word_1_31' title='bbox 610 883 772 956; x_wconf 88' lang='lat' dir='ltr'><strong>asperum</strong></span> <span class='ocrx_word' id='word_1_32' title='bbox 794 863 906 957; x_wconf 87' lang='lat' dir='ltr'><strong>prima</strong></span> <span class='ocrx_word' id='word_1_33' title='bbox 926 862 1013 934; x_wconf 86' lang='lat' dir='ltr'><strong>facie</strong></span> <span class='ocrx_word' id='word_1_34' title='bbox 1033 872 1068 932; x_wconf 89' lang='lat' dir='ltr'><strong>et</strong></span> <span class='ocrx_word' id='word_1_35' title='bbox 1092 859 1240 932; x_wconf 84' lang='lat' dir='ltr'><strong>flebilem</strong></span> 
     </span>
     <span class='ocr_line' id='line_1_6' title="bbox 152 980 1239 1079; baseline -0.003 -25"><span class='ocrx_word' id='word_1_36' title='bbox 152 984 291 1071; x_wconf 93' lang='lat' dir='ltr'><strong>stilum,</strong></span> <span class='ocrx_word' id='word_1_37' title='bbox 319 995 355 1056; x_wconf 89' lang='lat' dir='ltr'><strong>ct</strong></span> <span class='ocrx_word' id='word_1_38' title='bbox 383 984 465 1079; x_wconf 88' lang='lat' dir='ltr'><strong>quia</strong></span> <span class='ocrx_word' id='word_1_39' title='bbox 493 1007 616 1057; x_wconf 83' lang='lat' dir='ltr'><strong>revera</strong></span> <span class='ocrx_word' id='word_1_40' title='bbox 645 986 679 1056; x_wconf 95' lang='lat' dir='ltr'><strong>in</strong></span> <span class='ocrx_word' id='word_1_41' title='bbox 713 985 855 1078; x_wconf 89' lang='lat' dir='ltr'><strong>psalmis</strong></span> <span class='ocrx_word' id='word_1_42' title='bbox 880 983 1004 1055; x_wconf 88' lang='lat' dir='ltr'><strong>crebro</strong></span> <span class='ocrx_word' id='word_1_43' title='bbox 1029 981 1121 1054; x_wconf 90' lang='lat' dir='ltr'><strong>illius</strong></span> <span class='ocrx_word' id='word_1_44' title='bbox 1142 980 1239 1053; x_wconf 91' lang='lat' dir='ltr'><strong>urbis</strong></span> 
     </span>
     <span class='ocr_line' id='line_1_7' title="bbox 151 1105 1240 1200; baseline 0.001 -25"><span class='ocrx_word' id='word_1_45' title='bbox 151 1109 213 1176; x_wconf 91' lang='lat' dir='ltr'><strong>vel</strong></span> <span class='ocrx_word' id='word_1_46' title='bbox 233 1105 403 1180; x_wconf 90' lang='lat' dir='ltr'><strong>historica</strong></span> <span class='ocrx_word' id='word_1_47' title='bbox 423 1111 480 1179; x_wconf 89' lang='lat' dir='ltr'><strong>vel</strong></span> <span class='ocrx_word' id='word_1_48' title='bbox 500 1109 684 1200; x_wconf 80' lang='lat' dir='ltr'><strong>allegorica</strong></span> <span class='ocrx_word' id='word_1_49' title='bbox 702 1107 831 1180; x_wconf 89' lang='lat' dir='ltr'><strong>mentio</strong></span> <span class='ocrx_word' id='word_1_50' title='bbox 851 1117 914 1178; x_wconf 88' lang='lat' dir='ltr'><strong>ast.</strong></span> <span class='ocrx_word' id='word_1_51' title='bbox 935 1107 1007 1178; x_wconf 85' lang='lat' dir='ltr'><strong>Hoc</strong></span> <span class='ocrx_word' id='word_1_52' title='bbox 1027 1115 1143 1178; x_wconf 89' lang='lat' dir='ltr'><strong>autem</strong></span> <span class='ocrx_word' id='word_1_53' title='bbox 1165 1107 1240 1178; x_wconf 88' lang='lat' dir='ltr'><strong>loco</strong></span> 
     </span>
     <span class='ocr_line' id='line_1_8' title="bbox 151 1228 1241 1324; baseline 0.002 -26"><span class='ocrx_word' id='word_1_54' title='bbox 151 1231 359 1302; x_wconf 87' lang='lat' dir='ltr'><strong>summatim</strong></span> <span class='ocrx_word' id='word_1_55' title='bbox 392 1233 570 1316; x_wconf 89' lang='lat' dir='ltr'><strong>inseritur,</strong></span> <span class='ocrx_word' id='word_1_56' title='bbox 605 1233 649 1304; x_wconf 90' lang='lat' dir='ltr'><strong>de</strong></span> <span class='ocrx_word' id='word_1_57' title='bbox 683 1230 812 1324; x_wconf 91' lang='lat' dir='ltr'><strong>quihus</strong></span> <span class='ocrx_word' id='word_1_58' title='bbox 847 1241 973 1324; x_wconf 79' lang='lat' dir='ltr'><strong>poetae,</strong></span> <span class='ocrx_word' id='word_1_59' title='bbox 1000 1250 1090 1324; x_wconf 91' lang='lat' dir='ltr'><strong>quos</strong></span> <span class='ocrx_word' id='word_1_60' title='bbox 1112 1228 1241 1300; x_wconf 88' lang='lat' dir='ltr'><strong>Silvius</strong></span> 
     </span>
     <span class='ocr_line' id='line_1_9' title="bbox 149 1353 1238 1449; baseline 0.004 -29"><span class='ocrx_word' id='word_1_61' title='bbox 149 1355 325 1446; x_wconf 84' lang='lat' dir='ltr'><strong>praelerre</strong></span> <span class='ocrx_word' id='word_1_62' title='bbox 354 1354 481 1442; x_wconf 90' lang='lat' dir='ltr'><strong>nititur,</strong></span> <span class='ocrx_word' id='word_1_63' title='bbox 516 1370 660 1440; x_wconf 88' lang='lat' dir='ltr'><strong>canant,</strong></span> <span class='ocrx_word' id='word_1_64' title='bbox 683 1353 778 1448; x_wconf 92' lang='lat' dir='ltr'><strong>qnod</strong></span> <span class='ocrx_word' id='word_1_65' title='bbox 798 1375 973 1449; x_wconf 82' lang='lat' dir='ltr'><strong>exponere</strong></span> <span class='ocrx_word' id='word_1_66' title='bbox 998 1355 1138 1444; x_wconf 77' lang='lat' dir='ltr'><strong>longum</strong></span> <span class='ocrx_word' id='word_1_67' title='bbox 1160 1363 1238 1438; x_wconf 88' lang='lat' dir='ltr'><strong>est,</strong></span> 
     </span>
     <span class='ocr_line' id='line_1_10' title="bbox 151 1477 1234 1574; baseline -0.001 -28"><span class='ocrx_word' id='word_1_68' title='bbox 151 1477 218 1548; x_wconf 91' lang='lat' dir='ltr'><strong>sed</strong></span> <span class='ocrx_word' id='word_1_69' title='bbox 239 1477 275 1548; x_wconf 91' lang='lat' dir='ltr'><strong>in</strong></span> <span class='ocrx_word' id='word_1_70' title='bbox 296 1499 341 1548; x_wconf 91' lang='lat' dir='ltr'><strong>eo</strong></span> <span class='ocrx_word' id='word_1_71' title='bbox 358 1477 473 1551; x_wconf 88' lang='lat' dir='ltr'><strong>studio</strong></span> <span class='ocrx_word' id='word_1_72' title='bbox 489 1479 663 1574; x_wconf 83' lang='lat' dir='ltr'><strong>provectis</strong></span> <span class='ocrx_word' id='word_1_73' title='bbox 683 1477 798 1550; x_wconf 88' lang='lat' dir='ltr'><strong>omnia</strong></span> <span class='ocrx_word' id='word_1_74' title='bbox 818 1481 913 1549; x_wconf 89' lang='lat' dir='ltr'><strong>clara</strong></span> <span class='ocrx_word' id='word_1_75' title='bbox 936 1486 971 1548; x_wconf 89' lang='lat' dir='ltr'><strong>et</strong></span> <span class='ocrx_word' id='word_1_76' title='bbox 996 1485 1115 1570; x_wconf 88' lang='lat' dir='ltr'><strong>aperta</strong></span> <span class='ocrx_word' id='word_1_77' title='bbox 1142 1485 1234 1547; x_wconf 91' lang='lat' dir='ltr'><strong>sunt.</strong></span> 
     </span>
     <span class='ocr_line' id='line_1_11' title="bbox 148 1600 1239 1674; baseline -0.001 -2"><span class='ocrx_word' id='word_1_78' title='bbox 148 1601 314 1672; x_wconf 90' lang='lat' dir='ltr'><strong>Monicus</strong></span> <span class='ocrx_word' id='word_1_79' title='bbox 334 1601 538 1674; x_wconf 84' lang='lat' dir='ltr'><strong>contradicit</strong></span> <span class='ocrx_word' id='word_1_80' title='bbox 557 1624 733 1673; x_wconf 85' lang='lat' dir='ltr'><strong>excusans</strong></span> <span class='ocrx_word' id='word_1_81' title='bbox 754 1600 957 1672; x_wconf 82' lang='lat' dir='ltr'><strong>Dauidicam</strong></span> <span class='ocrx_word' id='word_1_82' title='bbox 978 1600 1181 1672; x_wconf 87' lang='lat' dir='ltr'><strong>raucitatem</strong></span> <span class='ocrx_word' id='word_1_83' title='bbox 1202 1608 1239 1671; x_wconf 91' lang='lat' dir='ltr'><strong>et</strong></span> 
     </span>
    </p>
   </div>
   <div class='ocr_carea' id='block_1_3' title="bbox 148 1723 1239 2432">
    <p class='ocr_par' dir='ltr' id='par_1_3' title="bbox 148 1723 1239 2432">
     <span class='ocr_line' id='line_1_12' title="bbox 150 1723 1239 1820; baseline 0 -26"><span class='ocrx_word' id='word_1_84' title='bbox 150 1723 229 1818; x_wconf 91' lang='lat' dir='ltr'><strong>pari</strong></span> <span class='ocrx_word' id='word_1_85' title='bbox 250 1723 470 1818; x_wconf 86' lang='lat' dir='ltr'><strong>breviloquio</strong></span> <span class='ocrx_word' id='word_1_86' title='bbox 490 1747 697 1820; x_wconf 89' lang='lat' dir='ltr'><strong>percurrens</strong></span> <span class='ocrx_word' id='word_1_87' title='bbox 714 1723 759 1796; x_wconf 91' lang='lat' dir='ltr'><strong>de</strong></span> <span class='ocrx_word' id='word_1_88' title='bbox 779 1725 907 1820; x_wconf 91' lang='lat' dir='ltr'><strong>quibus</strong></span> <span class='ocrx_word' id='word_1_89' title='bbox 929 1726 1023 1820; x_wconf 89' lang='lat' dir='ltr'><strong>apud</strong></span> <span class='ocrx_word' id='word_1_90' title='bbox 1042 1725 1138 1796; x_wconf 91' lang='lat' dir='ltr'><strong>illurn</strong></span> <span class='ocrx_word' id='word_1_91' title='bbox 1165 1725 1239 1818; x_wconf 81' lang='lat' dir='ltr'><strong>agi-</strong></span> 
     </span>
     <span class='ocr_line' id='line_1_13' title="bbox 150 1847 1236 1940; baseline 0 -22"><span class='ocrx_word' id='word_1_92' title='bbox 150 1857 219 1918; x_wconf 89' lang='lat' dir='ltr'><strong>tur.</strong></span> <span class='ocrx_word' id='word_1_93' title='bbox 243 1847 387 1918; x_wconf 89' lang='lat' dir='ltr'><strong>Iuvenis</strong></span> <span class='ocrx_word' id='word_1_94' title='bbox 409 1849 452 1919; x_wconf 91' lang='lat' dir='ltr'><strong>de</strong></span> <span class='ocrx_word' id='word_1_95' title='bbox 485 1871 554 1940; x_wconf 92' lang='lat' dir='ltr'><strong>quo</strong></span> <span class='ocrx_word' id='word_1_96' title='bbox 574 1848 780 1920; x_wconf 87' lang='lat' dir='ltr'><strong>cantilenam</strong></span> <span class='ocrx_word' id='word_1_97' title='bbox 814 1859 936 1919; x_wconf 80' lang='lat' dir='ltr'><strong>luxere</strong></span> <span class='ocrx_word' id='word_1_98' title='bbox 970 1847 1098 1920; x_wconf 90' lang='lat' dir='ltr'><strong>Silvius</strong></span> <span class='ocrx_word' id='word_1_99' title='bbox 1124 1847 1236 1940; x_wconf 86' lang='lat' dir='ltr'><strong>coepit,</strong></span> 
     </span>
     <span class='ocr_line' id='line_1_14' title="bbox 149 1965 1238 2068; baseline 0.005 -31"><span class='ocrx_word' id='word_1_100' title='bbox 149 1965 340 2040; x_wconf 81' lang='lat' dir='ltr'><strong>Africanus</strong></span> <span class='ocrx_word' id='word_1_101' title='bbox 359 1969 471 2066; x_wconf 86' lang='lat' dir='ltr'><strong>Scipio</strong></span> <span class='ocrx_word' id='word_1_102' title='bbox 484 1979 551 2051; x_wconf 89' lang='lat' dir='ltr'><strong>est,</strong></span> <span class='ocrx_word' id='word_1_103' title='bbox 566 1972 626 2064; x_wconf 94' lang='lat' dir='ltr'><strong>qui</strong></span> <span class='ocrx_word' id='word_1_104' title='bbox 640 1971 675 2040; x_wconf 95' lang='lat' dir='ltr'><strong>in</strong></span> <span class='ocrx_word' id='word_1_105' title='bbox 689 1971 787 2043; x_wconf 88' lang='lat' dir='ltr'><strong>litore</strong></span> <span class='ocrx_word' id='word_1_106' title='bbox 802 1973 876 2043; x_wconf 82' lang='lat' dir='ltr'><strong>afro</strong></span> <span class='ocrx_word' id='word_1_107' title='bbox 888 1973 1135 2068; x_wconf 81' lang='lat' dir='ltr'><strong>Polyphemum</strong></span> <span class='ocrx_word' id='word_1_108' title='bbox 1150 1983 1238 2046; x_wconf 89' lang='lat' dir='ltr'><strong>stra-</strong></span> 
     </span>
     <span class='ocr_line' id='line_1_15' title="bbox 149 2091 1236 2174; baseline 0.006 -15"><span class='ocrx_word' id='word_1_109' title='bbox 149 2091 216 2174; x_wconf 86' lang='lat' dir='ltr'><strong>vit,</strong></span> <span class='ocrx_word' id='word_1_110' title='bbox 238 2091 306 2162; x_wconf 93' lang='lat' dir='ltr'><strong>hoc</strong></span> <span class='ocrx_word' id='word_1_111' title='bbox 326 2099 382 2164; x_wconf 88' lang='lat' dir='ltr'><strong>est</strong></span> <span class='ocrx_word' id='word_1_112' title='bbox 408 2091 634 2164; x_wconf 89' lang='lat' dir='ltr'><strong>Hannibalem</strong></span> <span class='ocrx_word' id='word_1_113' title='bbox 659 2095 843 2164; x_wconf 88' lang='lat' dir='ltr'><strong>Poenorum</strong></span> <span class='ocrx_word' id='word_1_114' title='bbox 871 2096 1006 2166; x_wconf 86' lang='lat' dir='ltr'><strong>ducem.</strong></span> <span class='ocrx_word' id='word_1_115' title='bbox 1030 2095 1124 2165; x_wconf 89' lang='lat' dir='ltr'><strong>Sicut</strong></span> <span class='ocrx_word' id='word_1_116' title='bbox 1144 2095 1236 2166; x_wconf 90' lang='lat' dir='ltr'><strong>enim</strong></span> 
     </span>
     <span class='ocr_line' id='line_1_16' title="bbox 148 2215 1235 2311; baseline 0.001 -26"><span class='ocrx_word' id='word_1_117' title='bbox 148 2215 395 2311; x_wconf 74' lang='lat' dir='ltr'><strong>Polyphemus</strong></span> <span class='ocrx_word' id='word_1_118' title='bbox 411 2216 509 2288; x_wconf 90' lang='lat' dir='ltr'><strong>sicet</strong></span> <span class='ocrx_word' id='word_1_119' title='bbox 526 2217 696 2289; x_wconf 86' lang='lat' dir='ltr'><strong>Hannibal</strong></span> <span class='ocrx_word' id='word_1_120' title='bbox 710 2219 913 2288; x_wconf 88' lang='lat' dir='ltr'><strong>monoculus</strong></span> <span class='ocrx_word' id='word_1_121' title='bbox 931 2217 995 2287; x_wconf 87' lang='lat' dir='ltr'><strong>fuit</strong></span> <span class='ocrx_word' id='word_1_122' title='bbox 1008 2227 1087 2310; x_wconf 91' lang='lat' dir='ltr'><strong>post</strong></span> <span class='ocrx_word' id='word_1_123' title='bbox 1100 2220 1235 2288; x_wconf 90' lang='lat' dir='ltr'><strong>oculum</strong></span> 
     </span>
     <span class='ocr_line' id='line_1_17' title="bbox 149 2337 1237 2432; baseline -0.001 -25"><span class='ocrx_word' id='word_1_124' title='bbox 149 2339 185 2407; x_wconf 96' lang='lat' dir='ltr'><strong>in</strong></span> <span class='ocrx_word' id='word_1_125' title='bbox 207 2338 307 2410; x_wconf 87' lang='lat' dir='ltr'><strong>ltalia</strong></span> <span class='ocrx_word' id='word_1_126' title='bbox 328 2338 509 2410; x_wconf 88' lang='lat' dir='ltr'><strong>amissum.</strong></span> <span class='ocrx_word' id='word_1_127' title='bbox 535 2339 650 2432; x_wconf 79' lang='lat' dir='ltr'><strong>Libyci</strong></span> <span class='ocrx_word' id='word_1_128' title='bbox 669 2342 786 2424; x_wconf 83' lang='lat' dir='ltr'><strong>leones,</strong></span> <span class='ocrx_word' id='word_1_129' title='bbox 806 2338 935 2432; x_wconf 90' lang='lat' dir='ltr'><strong>quihus</strong></span> <span class='ocrx_word' id='word_1_130' title='bbox 953 2337 1131 2410; x_wconf 88' lang='lat' dir='ltr'><strong>abundare</strong></span> <span class='ocrx_word' id='word_1_131' title='bbox 1147 2337 1237 2407; x_wconf 88' lang='lat' dir='ltr'><strong>Afri-</strong></span> 
     </span>
    </p>
   </div>
   <div class='ocr_carea' id='block_1_4' title="bbox 148 2461 1238 4286">
    <p class='ocr_par' dir='ltr' id='par_1_4' title="bbox 148 2461 1238 4286">
     <span class='ocr_line' id='line_1_18' title="bbox 149 2461 1236 2556; baseline -0.002 -24"><span class='ocrx_word' id='word_1_132' title='bbox 149 2485 227 2534; x_wconf 88' lang='lat' dir='ltr'><strong>cam</strong></span> <span class='ocrx_word' id='word_1_133' title='bbox 246 2473 393 2545; x_wconf 88' lang='lat' dir='ltr'><strong>constat,</strong></span> <span class='ocrx_word' id='word_1_134' title='bbox 411 2463 532 2556; x_wconf 89' lang='lat' dir='ltr'><strong>reliqui</strong></span> <span class='ocrx_word' id='word_1_135' title='bbox 550 2461 889 2556; x_wconf 81' lang='lat' dir='ltr'><strong>Carthaginiensium</strong></span> <span class='ocrx_word' id='word_1_136' title='bbox 906 2461 1014 2534; x_wconf 91' lang='lat' dir='ltr'><strong>duces</strong></span> <span class='ocrx_word' id='word_1_137' title='bbox 1034 2470 1128 2546; x_wconf 89' lang='lat' dir='ltr'><strong>sunt,</strong></span> <span class='ocrx_word' id='word_1_138' title='bbox 1147 2482 1236 2554; x_wconf 92' lang='lat' dir='ltr'><strong>quos</strong></span> 
     </span>
     <span class='ocr_line' id='line_1_19' title="bbox 149 2584 1238 2681; baseline 0.002 -28"><span class='ocrx_word' id='word_1_139' title='bbox 149 2585 244 2657; x_wconf 89' lang='lat' dir='ltr'><strong>idem</strong></span> <span class='ocrx_word' id='word_1_140' title='bbox 266 2585 379 2656; x_wconf 90' lang='lat' dir='ltr'><strong>victor</strong></span> <span class='ocrx_word' id='word_1_141' title='bbox 406 2585 450 2656; x_wconf 91' lang='lat' dir='ltr'><strong>ab</strong></span> <span class='ocrx_word' id='word_1_142' title='bbox 484 2585 628 2681; x_wconf 90' lang='lat' dir='ltr'><strong>imperio</strong></span> <span class='ocrx_word' id='word_1_143' title='bbox 662 2585 796 2658; x_wconf 88' lang='lat' dir='ltr'><strong>deiecit.</strong></span> <span class='ocrx_word' id='word_1_144' title='bbox 830 2584 951 2676; x_wconf 75' lang='lat' dir='ltr'><strong>lustro</strong></span> <span class='ocrx_word' id='word_1_145' title='bbox 984 2584 1123 2656; x_wconf 90' lang='lat' dir='ltr'><strong>incensa</strong></span> <span class='ocrx_word' id='word_1_146' title='bbox 1156 2593 1238 2656; x_wconf 91' lang='lat' dir='ltr'><strong>sunt</strong></span> 
     </span>
     <span class='ocr_line' id='line_1_20' title="bbox 148 2705 1235 2803; baseline -0.004 -23"><span class='ocrx_word' id='word_1_147' title='bbox 148 2707 345 2780; x_wconf 86' lang='lat' dir='ltr'><strong>combustae</strong></span> <span class='ocrx_word' id='word_1_148' title='bbox 358 2731 478 2793; x_wconf 73' lang='lat' dir='ltr'><strong>naves</strong></span> <span class='ocrx_word' id='word_1_149' title='bbox 493 2709 529 2780; x_wconf 92' lang='lat' dir='ltr'><strong>in</strong></span> <span class='ocrx_word' id='word_1_150' title='bbox 542 2709 670 2803; x_wconf 93' lang='lat' dir='ltr'><strong>quibus</strong></span> <span class='ocrx_word' id='word_1_151' title='bbox 680 2710 792 2781; x_wconf 91' lang='lat' dir='ltr'><strong>omnis</strong></span> <span class='ocrx_word' id='word_1_152' title='bbox 802 2705 1140 2801; x_wconf 78' lang='lat' dir='ltr'><strong>Carthaginiensium</strong></span> <span class='ocrx_word' id='word_1_153' title='bbox 1154 2729 1235 2801; x_wconf 90' lang='lat' dir='ltr'><strong>spes</strong></span> 
     </span>
     <span class='ocr_line' id='line_1_21' title="bbox 148 2830 1237 2925; baseline -0.001 -23"><span class='ocrx_word' id='word_1_154' title='bbox 148 2836 276 2917; x_wconf 87' lang='lat' dir='ltr'><strong>luerat,</strong></span> <span class='ocrx_word' id='word_1_155' title='bbox 300 2831 464 2924; x_wconf 88' lang='lat' dir='ltr'><strong>equibus</strong></span> <span class='ocrx_word' id='word_1_156' title='bbox 481 2832 689 2925; x_wconf 80' lang='lat' dir='ltr'><strong>quingentas</strong></span> <span class='ocrx_word' id='word_1_157' title='bbox 718 2833 784 2904; x_wconf 93' lang='lat' dir='ltr'><strong>suh</strong></span> <span class='ocrx_word' id='word_1_158' title='bbox 803 2833 913 2904; x_wconf 91' lang='lat' dir='ltr'><strong>oculis</strong></span> <span class='ocrx_word' id='word_1_159' title='bbox 933 2852 1054 2902; x_wconf 90' lang='lat' dir='ltr'><strong>corum</strong></span> <span class='ocrx_word' id='word_1_160' title='bbox 1073 2830 1237 2901; x_wconf 89' lang='lat' dir='ltr'><strong>combus-</strong></span> 
     </span>
     <span class='ocr_line' id='line_1_22' title="bbox 152 2953 1235 3046; baseline -0.005 -21"><span class='ocrx_word' id='word_1_161' title='bbox 152 2954 243 3026; x_wconf 87' lang='lat' dir='ltr'><strong>sisse</strong></span> <span class='ocrx_word' id='word_1_162' title='bbox 265 2954 361 3026; x_wconf 94' lang='lat' dir='ltr'><strong>illum</strong></span> <span class='ocrx_word' id='word_1_163' title='bbox 381 2977 523 3026; x_wconf 90' lang='lat' dir='ltr'><strong>romana</strong></span> <span class='ocrx_word' id='word_1_164' title='bbox 540 2965 659 3026; x_wconf 85' lang='lat' dir='ltr'><strong>narrat</strong></span> <span class='ocrx_word' id='word_1_165' title='bbox 675 2954 831 3026; x_wconf 88' lang='lat' dir='ltr'><strong>historia.</strong></span> <span class='ocrx_word' id='word_1_166' title='bbox 849 2956 894 3025; x_wconf 84' lang='lat' dir='ltr'><strong>Et</strong></span> <span class='ocrx_word' id='word_1_167' title='bbox 911 2954 966 3024; x_wconf 91' lang='lat' dir='ltr'><strong>hic</strong></span> <span class='ocrx_word' id='word_1_168' title='bbox 983 2953 1126 3046; x_wconf 92' lang='lat' dir='ltr'><strong>quidem</strong></span> <span class='ocrx_word' id='word_1_169' title='bbox 1143 2955 1235 3022; x_wconf 84' lang='lat' dir='ltr'><strong>iuue-</strong></span> 
     </span>
     <span class='ocr_line' id='line_1_23' title="bbox 150 3076 1234 3172; baseline 0 -26"><span class='ocrx_word' id='word_1_170' title='bbox 150 3079 202 3146; x_wconf 82' lang='lat' dir='ltr'><strong>nr&#39;s</strong></span> <span class='ocrx_word' id='word_1_171' title='bbox 219 3076 367 3146; x_wconf 80' lang='lat' dir='ltr'><strong>sidercas</strong></span> <span class='ocrx_word' id='word_1_172' title='bbox 380 3077 513 3162; x_wconf 88' lang='lat' dir='ltr'><strong>dicitur,</strong></span> <span class='ocrx_word' id='word_1_173' title='bbox 533 3077 609 3148; x_wconf 87' lang='lat' dir='ltr'><strong>sive</strong></span> <span class='ocrx_word' id='word_1_174' title='bbox 628 3087 768 3172; x_wconf 88' lang='lat' dir='ltr'><strong>propter</strong></span> <span class='ocrx_word' id='word_1_175' title='bbox 788 3077 962 3150; x_wconf 88' lang='lat' dir='ltr'><strong>heroicam</strong></span> <span class='ocrx_word' id='word_1_176' title='bbox 983 3077 1147 3148; x_wconf 84' lang='lat' dir='ltr'><strong>virtutem</strong></span> <span class='ocrx_word' id='word_1_177' title='bbox 1166 3098 1234 3169; x_wconf 89' lang='lat' dir='ltr'><strong>qua</strong></span> 
     </span>
     <span class='ocr_line' id='line_1_24' title="bbox 150 3199 1235 3292; baseline 0 -22"><span class='ocrx_word' id='word_1_178' title='bbox 150 3201 306 3271; x_wconf 81' lang='lat' dir='ltr'><strong>maxime</strong></span> <span class='ocrx_word' id='word_1_179' title='bbox 327 3199 451 3291; x_wconf 79' lang='lat' dir='ltr'><strong>viguit,</strong></span> <span class='ocrx_word' id='word_1_180' title='bbox 475 3221 555 3292; x_wconf 84' lang='lat' dir='ltr'><strong>quae</strong></span> <span class='ocrx_word' id='word_1_181' title='bbox 577 3199 704 3272; x_wconf 85' lang='lat' dir='ltr'><strong>ardens</strong></span> <span class='ocrx_word' id='word_1_182' title='bbox 723 3223 742 3272; x_wconf 87' lang='lat' dir='ltr'><strong>a</strong></span> <span class='ocrx_word' id='word_1_183' title='bbox 763 3200 921 3292; x_wconf 82' lang='lat' dir='ltr'><strong>Virgilio,</strong></span> <span class='ocrx_word' id='word_1_184' title='bbox 942 3222 961 3270; x_wconf 91' lang='lat' dir='ltr'><strong>a</strong></span> <span class='ocrx_word' id='word_1_185' title='bbox 980 3201 1120 3272; x_wconf 88' lang='lat' dir='ltr'><strong>Lucano</strong></span> <span class='ocrx_word' id='word_1_186' title='bbox 1133 3200 1235 3292; x_wconf 81' lang='lat' dir='ltr'><strong>ignea</strong></span> 
     </span>
     <span class='ocr_line' id='line_1_25' title="bbox 149 3322 1232 3418; baseline -0.002 -23"><span class='ocrx_word' id='word_1_187' title='bbox 149 3324 264 3395; x_wconf 89' lang='lat' dir='ltr'><strong>virtus</strong></span> <span class='ocrx_word' id='word_1_188' title='bbox 285 3322 424 3407; x_wconf 92' lang='lat' dir='ltr'><strong>dicitur,</strong></span> <span class='ocrx_word' id='word_1_189' title='bbox 449 3322 523 3393; x_wconf 91' lang='lat' dir='ltr'><strong>sive</strong></span> <span class='ocrx_word' id='word_1_190' title='bbox 546 3332 686 3418; x_wconf 91' lang='lat' dir='ltr'><strong>propter</strong></span> <span class='ocrx_word' id='word_1_191' title='bbox 704 3324 897 3418; x_wconf 91' lang='lat' dir='ltr'><strong>opinionem</strong></span> <span class='ocrx_word' id='word_1_192' title='bbox 911 3323 1065 3394; x_wconf 73' lang='lat' dir='ltr'><strong>coelestis</strong></span> <span class='ocrx_word' id='word_1_193' title='bbox 1080 3323 1232 3414; x_wconf 82' lang='lat' dir='ltr'><strong>originis,</strong></span> 
     </span>
     <span class='ocr_line' id='line_1_26' title="bbox 151 3445 1232 3541; baseline -0.001 -24"><span class='ocrx_word' id='word_1_194' title='bbox 151 3467 232 3539; x_wconf 86' lang='lat' dir='ltr'><strong>quae</strong></span> <span class='ocrx_word' id='word_1_195' title='bbox 253 3445 482 3518; x_wconf 86' lang='lat' dir='ltr'><strong>admiratione</strong></span> <span class='ocrx_word' id='word_1_196' title='bbox 508 3446 575 3518; x_wconf 89' lang='lat' dir='ltr'><strong>viri</strong></span> <span class='ocrx_word' id='word_1_197' title='bbox 602 3447 693 3520; x_wconf 91' lang='lat' dir='ltr'><strong>illius</strong></span> <span class='ocrx_word' id='word_1_198' title='bbox 723 3457 803 3520; x_wconf 94' lang='lat' dir='ltr'><strong>tunc</strong></span> <span class='ocrx_word' id='word_1_199' title='bbox 828 3448 921 3541; x_wconf 89' lang='lat' dir='ltr'><strong>apud</strong></span> <span class='ocrx_word' id='word_1_200' title='bbox 946 3449 1122 3520; x_wconf 86' lang='lat' dir='ltr'><strong>Romanos</strong></span> <span class='ocrx_word' id='word_1_201' title='bbox 1148 3458 1232 3518; x_wconf 88' lang='lat' dir='ltr'><strong>erat.</strong></span> 
     </span>
     <span class='ocr_line' id='line_1_27' title="bbox 150 3567 1233 3654; baseline -0.004 -14"><span class='ocrx_word' id='word_1_202' title='bbox 150 3571 250 3640; x_wconf 88' lang='lat' dir='ltr'><strong>Hunc</strong></span> <span class='ocrx_word' id='word_1_203' title='bbox 271 3570 345 3640; x_wconf 87' lang='lat' dir='ltr'><strong>Itali</strong></span> <span class='ocrx_word' id='word_1_204' title='bbox 367 3569 509 3642; x_wconf 88' lang='lat' dir='ltr'><strong>laudant</strong></span> <span class='ocrx_word' id='word_1_205' title='bbox 532 3567 686 3639; x_wconf 81' lang='lat' dir='ltr'><strong>doliture</strong></span> <span class='ocrx_word' id='word_1_206' title='bbox 709 3569 863 3654; x_wconf 63' lang='lat' dir='ltr'><strong>adversm</strong></span> <span class='ocrx_word' id='word_1_207' title='bbox 890 3581 945 3643; x_wconf 88' lang='lat' dir='ltr'><strong>est</strong></span> <span class='ocrx_word' id='word_1_208' title='bbox 968 3573 1060 3641; x_wconf 92' lang='lat' dir='ltr'><strong>enim</strong></span> <span class='ocrx_word' id='word_1_209' title='bbox 1084 3569 1233 3642; x_wconf 83' lang='lat' dir='ltr'><strong>africano</strong></span> 
     </span>
     <span class='ocr_line' id='line_1_28' title="bbox 151 3689 1232 3788; baseline -0.001 -28"><span class='ocrx_word' id='word_1_210' title='bbox 151 3691 243 3764; x_wconf 89' lang='lat' dir='ltr'><strong>litori</strong></span> <span class='ocrx_word' id='word_1_211' title='bbox 267 3691 457 3766; x_wconf 86' lang='lat' dir='ltr'><strong>adversum</strong></span> <span class='ocrx_word' id='word_1_212' title='bbox 479 3694 559 3766; x_wconf 89' lang='lat' dir='ltr'><strong>litus</strong></span> <span class='ocrx_word' id='word_1_213' title='bbox 580 3693 746 3780; x_wconf 88' lang='lat' dir='ltr'><strong>italicum,</strong></span> <span class='ocrx_word' id='word_1_214' title='bbox 775 3716 888 3788; x_wconf 90' lang='lat' dir='ltr'><strong>neque</strong></span> <span class='ocrx_word' id='word_1_215' title='bbox 913 3694 1108 3764; x_wconf 91' lang='lat' dir='ltr'><strong>animorum</strong></span> <span class='ocrx_word' id='word_1_216' title='bbox 1130 3689 1232 3761; x_wconf 94' lang='lat' dir='ltr'><strong>modo</strong></span> 
     </span>
     <span class='ocr_line' id='line_1_29' title="bbox 151 3817 1232 3914; baseline -0.002 -25"><span class='ocrx_word' id='word_1_217' title='bbox 151 3817 341 3905; x_wconf 90' lang='lat' dir='ltr'><strong>discordia,</strong></span> <span class='ocrx_word' id='word_1_218' title='bbox 369 3821 433 3892; x_wconf 90' lang='lat' dir='ltr'><strong>sed</strong></span> <span class='ocrx_word' id='word_1_219' title='bbox 458 3830 629 3893; x_wconf 89' lang='lat' dir='ltr'><strong>terrarum</strong></span> <span class='ocrx_word' id='word_1_220' title='bbox 656 3823 739 3907; x_wconf 90' lang='lat' dir='ltr'><strong>situ;</strong></span> <span class='ocrx_word' id='word_1_221' title='bbox 763 3823 891 3894; x_wconf 91' lang='lat' dir='ltr'><strong>directe</strong></span> <span class='ocrx_word' id='word_1_222' title='bbox 912 3831 1028 3893; x_wconf 86' lang='lat' dir='ltr'><strong>autem</strong></span> <span class='ocrx_word' id='word_1_223' title='bbox 1049 3819 1232 3914; x_wconf 90' lang='lat' dir='ltr'><strong>opponitur</strong></span> 
     </span>
     <span class='ocr_line' id='line_1_30' title="bbox 150 3942 1231 4036; baseline 0.005 -25"><span class='ocrx_word' id='word_1_224' title='bbox 150 3942 260 4013; x_wconf 87' lang='lat' dir='ltr'><strong>Roma</strong></span> <span class='ocrx_word' id='word_1_225' title='bbox 280 3943 491 4036; x_wconf 78' lang='lat' dir='ltr'><strong>Carthagini.</strong></span> <span class='ocrx_word' id='word_1_226' title='bbox 515 3946 581 4016; x_wconf 89' lang='lat' dir='ltr'><strong>Sed</strong></span> <span class='ocrx_word' id='word_1_227' title='bbox 599 3944 644 4016; x_wconf 91' lang='lat' dir='ltr'><strong>de</strong></span> <span class='ocrx_word' id='word_1_228' title='bbox 663 3946 727 4017; x_wconf 88' lang='lat' dir='ltr'><strong>hoc</strong></span> <span class='ocrx_word' id='word_1_229' title='bbox 749 3953 817 4017; x_wconf 88' lang='lat' dir='ltr'><strong>tam</strong></span> <span class='ocrx_word' id='word_1_230' title='bbox 832 3944 971 4016; x_wconf 87' lang='lat' dir='ltr'><strong>laudato</strong></span> <span class='ocrx_word' id='word_1_231' title='bbox 989 3944 1112 4015; x_wconf 87' lang='lat' dir='ltr'><strong>iuvene</strong></span> <span class='ocrx_word' id='word_1_232' title='bbox 1129 3963 1231 4016; x_wconf 92' lang='lat' dir='ltr'><strong>nemo</strong></span> 
     </span>
     <span class='ocr_line' id='line_1_31' title="bbox 151 4063 1232 4170; baseline 0.006 -38"><span class='ocrx_word' id='word_1_233' title='bbox 151 4063 257 4170; x_wconf 69' lang='lat' dir='ltr'><strong>canit3</strong></span> <span class='ocrx_word' id='word_1_234' title='bbox 275 4065 370 4157; x_wconf 91' lang='lat' dir='ltr'><strong>quod</strong></span> <span class='ocrx_word' id='word_1_235' title='bbox 390 4064 469 4138; x_wconf 89' lang='lat' dir='ltr'><strong>ideo</strong></span> <span class='ocrx_word' id='word_1_236' title='bbox 490 4066 618 4138; x_wconf 90' lang='lat' dir='ltr'><strong>dictum</strong></span> <span class='ocrx_word' id='word_1_237' title='bbox 637 4077 699 4152; x_wconf 87' lang='lat' dir='ltr'><strong>est,</strong></span> <span class='ocrx_word' id='word_1_238' title='bbox 719 4068 892 4161; x_wconf 86' lang='lat' dir='ltr'><strong>quoniam,</strong></span> <span class='ocrx_word' id='word_1_239' title='bbox 911 4069 978 4139; x_wconf 90' lang='lat' dir='ltr'><strong>etsi</strong></span> <span class='ocrx_word' id='word_1_240' title='bbox 996 4066 1109 4138; x_wconf 92' lang='lat' dir='ltr'><strong>omnis</strong></span> <span class='ocrx_word' id='word_1_241' title='bbox 1123 4067 1232 4138; x_wconf 90' lang='lat' dir='ltr'><strong>histo-</strong></span> 
     </span>
     <span class='ocr_line' id='line_1_32' title="bbox 152 4185 1231 4286; baseline 0.007 -32"><span class='ocrx_word' id='word_1_242' title='bbox 152 4185 202 4258; x_wconf 92' lang='lat' dir='ltr'><strong>ria</strong></span> <span class='ocrx_word' id='word_1_243' title='bbox 223 4187 387 4260; x_wconf 89' lang='lat' dir='ltr'><strong>laudibus</strong></span> <span class='ocrx_word' id='word_1_244' title='bbox 407 4200 443 4261; x_wconf 86' lang='lat' dir='ltr'><strong>et</strong></span> <span class='ocrx_word' id='word_1_245' title='bbox 463 4188 569 4261; x_wconf 91' lang='lat' dir='ltr'><strong>rebus</strong></span> <span class='ocrx_word' id='word_1_246' title='bbox 590 4192 666 4262; x_wconf 89' lang='lat' dir='ltr'><strong>eius</strong></span> <span class='ocrx_word' id='word_1_247' title='bbox 688 4194 788 4286; x_wconf 88' lang='lat' dir='ltr'><strong>plena</strong></span> <span class='ocrx_word' id='word_1_248' title='bbox 810 4192 868 4276; x_wconf 92' lang='lat' dir='ltr'><strong>sit,</strong></span> <span class='ocrx_word' id='word_1_249' title='bbox 889 4203 925 4264; x_wconf 91' lang='lat' dir='ltr'><strong>et</strong></span> <span class='ocrx_word' id='word_1_250' title='bbox 949 4191 1098 4263; x_wconf 85' lang='lat' dir='ltr'><strong>Ennium</strong></span> <span class='ocrx_word' id='word_1_251' title='bbox 1121 4193 1164 4264; x_wconf 90' lang='lat' dir='ltr'><strong>de</strong></span> <span class='ocrx_word' id='word_1_252' title='bbox 1188 4213 1231 4263; x_wconf 87' lang='lat' dir='ltr'><strong>eo</strong></span> 
     </span>
    </p>
   </div>
   <div class='ocr_carea' id='block_1_5' title="bbox 0 0 1506 4794">
    <p class='ocr_par' dir='ltr' id='par_1_5' title="bbox 0 0 1506 4794">
     <span class='ocr_line' id='line_1_33' title="bbox 0 0 1506 4794; baseline 0 0"><span class='ocrx_word' id='word_1_253' title='bbox 0 0 1506 4794; x_wconf 95' lang='lat' dir='ltr'><strong> </strong></span> 
     </span>
    </p>
   </div>
  </div>
 </body>
</html>
