2988 4800
278 358 335 419 l28
617 370 657 416 nu
680 369 779 417 nunus
801 367 1022 416 ruurnrnnraus

276 515 436 590 atterere,
460 516 495 575 et
513 504 568 576 his
587 505 711 577 studiis
729 506 898 576 incertum
916 506 1021 576 huius
1034 504 1256 578 brevissimae
1274 510 1356 580 vitae

278 642 413 722 tempus
439 629 664 721 impendere?
689 628 821 700 Siccine
847 638 959 700 tutum
979 637 1034 698 est
1054 651 1133 699 cum
1160 634 1285 723 pelago
1312 635 1356 703 si-

275 755 347 823 mul
366 764 401 824 et
425 775 504 822 cum
530 750 630 822 hoste
651 763 798 835 certare,
822 751 888 821 hoc
904 759 960 820 est
976 752 1114 842 gemina
1131 754 1260 845 pariter
1276 778 1355 826 cum

274 888 384 948 morte
406 874 549 947 luctari?
580 874 690 944 Nemo
723 874 834 957 enim,
869 895 1006 965 quaeso,
1045 896 1108 946 vos
1142 876 1245 946 sallat.
1269 878 1353 948 Cum

275 1000 466 1092 asperrima
483 1007 586 1091 atque
599 995 838 1081 invictissima,
854 1007 889 1066 et
906 997 1000 1088 quod
1020 998 1151 1070 tristius
1169 999 1254 1082 dicu,
1275 1024 1354 1072 cum

275 1123 389 1194 italica
416 1131 519 1214 gente
539 1121 668 1191 bellum
691 1120 822 1211 geritis.
844 1121 981 1190 Utinam
999 1120 1148 1192 inimicae
1165 1122 1271 1193 urbes
1293 1146 1353 1195 vo-

274 1248 328 1318 bis
350 1256 470 1316 essent
490 1247 682 1315 Damascus
700 1252 760 1314 aut
778 1245 879 1327 Susa,
900 1243 1031 1313 utinam
1048 1244 1219 1338 Memphis
1237 1246 1351 1339 potius

275 1379 335 1440 aut
355 1369 515 1464 Smyrna,
538 1390 642 1461 quam
665 1368 786 1448 lanua;
809 1365 938 1436 utinam
960 1365 1133 1437 adversus
1150 1368 1276 1438 Persas
1293 1378 1352 1440 aut

274 1491 420 1576 Arabes
443 1492 575 1561 utinam
595 1490 768 1562 adversus
791 1487 942 1558 Thracas
964 1496 1024 1559 aut
1044 1489 1198 1582 illyricos
1219 1511 1351 1582 pugna-

274 1617 369 1689 retis.
387 1617 486 1684 Nunc
519 1635 604 1684 vero
624 1612 710 1705 quid
730 1611 855 1704 agitis‘.l
875 1611 911 1680 Si
929 1634 997 1703 qua
1014 1610 1111 1681 latini
1127 1613 1276 1684 nominis
1297 1636 1352 1684 re-

272 1735 430 1808 verentia
447 1745 514 1819 est,
536 1757 625 1828 quos
646 1735 761 1806 delere
781 1735 946 1805 molimini
967 1736 1093 1836 fratres
1114 1746 1208 1819 sunt;
1226 1747 1262 1808 et
1281 1737 1350 1807 heu

272 1882 341 1931 non
363 1868 496 1930 tantum
517 1858 611 1950 apud
632 1858 769 1928 Thebas
790 1861 952 1928 fraternae
972 1859 1078 1942 acies
1108 1859 1171 1931 sed
1197 1883 1259 1954 per
1284 1861 1351 1930 Ita-

272 1983 352 2054 liam
373 1983 604 2052 instruuntur:
624 1980 743 2050 amicis
757 1957 884 2064 ilebile,
904 1983 1021 2080 laetum
1039 1980 1199 2054 hostibus
1218 1992 1352 2076 specta-

273 2106 400 2176 culum.
422 2103 507 2186 Quis
525 2114 640 2174 autem
663 2102 742 2172 belli
763 2101 865 2174 finis‘?
893 2102 966 2188 Ubi,
990 2127 1053 2174 seu
1074 2105 1226 2176 victores
1246 2104 1352 2175 lueri-

274 2231 317 2300 tis
340 2251 402 2300 seu
424 2227 506 2299 vieti
531 2217 681 2321 (anceps
695 2235 750 2298 est
776 2226 868 2298 enim
901 2230 977 2298 alea
1005 2228 1182 2319 fortunae),
1204 2251 1349 2301 necesse

273 2361 328 2422 est
351 2359 387 2421 ut
406 2353 552 2421 alterum
573 2371 593 2419 e
614 2352 752 2423 duobus
773 2351 880 2421 ltaliae
900 2350 1089 2421 luminibus
1109 2349 1347 2440 extinguatur,

272 2472 477 2544 obscuretur
497 2477 652 2545 alterum.
682 2478 732 2545 De
759 2483 852 2545 tanto
875 2473 966 2544 enim
1001 2473 1100 2544 hoste
1131 2472 1346 2544 incruentam

273 2617 415 2688 sperare
434 2596 627 2683 victoriam,
650 2598 731 2669 vide
756 2620 801 2668 ne
825 2617 894 2666 non
915 2607 984 2667 tam
1005 2617 1188 2686 generosae
1209 2595 1346 2670 fiduciae

271 2739 376 2810 quam
398 2717 582 2790 incuriosae
603 2717 788 2790 dementiae
810 2719 949 2809 signum
972 2718 1026 2787 sit.
1049 2719 1138 2789 Sane
1162 2740 1227 2790 vos
1248 2720 1346 2791 vide-

270 2838 358 2920 ritis,
381 2839 449 2910 viri
469 2843 677 2932 magnanimi
695 2853 729 2912 et
747 2854 978 2936 praepotentes
998 2843 1132 2938 populi:
1147 2843 1241 2935 quod
1254 2843 1346 2914 enim

206 3051 208 3058 Α
269 2963 329 3034 uni
350 2963 427 3035 dico
448 2964 578 3036 dictum
599 2965 769 3038 ambobus
791 2967 957 3058 intelligo,
980 2967 1047 3038 nisi
1072 2966 1154 3059 quia
1178 2975 1218 3037 ut
1242 2965 1287 3038 ad
1312 2974 1345 3036 te

268 3086 489 3179 potissimum
510 3089 586 3160 haec
606 3089 733 3184 scripta
753 3094 968 3183 perveniant,
990 3099 1025 3163 et
1048 3089 1177 3162 devota
1201 3090 1345 3162 familia·
1418 3138 1422 3154 .

270 3209 366 3294 ritas,
389 3232 469 3302 quae
489 3212 573 3282 mihi
592 3236 672 3284 cum
693 3214 880 3285 virtutibus
902 3215 970 3285 tuis
997 3224 1064 3295 est,
1092 3223 1126 3284 et
1152 3213 1229 3305 ipsa
1252 3215 1344 3284 loco-

268 3354 346 3402 rum
368 3333 526 3406 vicinitas
545 3359 685 3408 causam
704 3337 898 3432 praebuere:
916 3359 997 3422 vos,
1012 3339 1167 3430 inquam,
1187 3335 1342 3441 videritis

268 3477 434 3548 quorsum
456 3461 609 3550 pergatis
631 3461 757 3543 animo,
779 3459 857 3553 quis
880 3461 925 3531 sit
944 3460 1073 3532 irarum
1096 3459 1241 3545 moduS,
1263 3459 1341 3551 quis

268 3580 435 3650 terminus
461 3580 632 3667 odiorum,
659 3581 744 3675 quid
769 3583 812 3653 de
841 3585 951 3655 salute
971 3583 1120 3679 propria,
1143 3583 1227 3676 quid
1246 3583 1341 3656 deni-

267 3724 334 3793 que
357 3702 467 3796 (cuius
488 3725 558 3773 non
578 3727 686 3798 parva
703 3706 814 3799 portio
831 3705 958 3800 pendet
974 3731 1022 3779 ex
1047 3705 1161 3799 vobis)
1184 3709 1228 3779 de
1250 3717 1339 3778 statu

266 3824 403 3916 publico
424 3826 595 3917 cogitetis:
614 3829 716 3899 modo
738 3852 781 3900 ne
792 3829 881 3917 illud
898 3830 1046 3915 excidat,
1066 3830 1169 3924 quod,
1190 3829 1255 3900 nisi
1273 3829 1336 3922 gli·

267 3948 395 4018 scentis
417 3948 495 4018 belli
516 3951 619 4021 ardor
639 3954 731 4022 fonte
753 3955 868 4047 aliquo
888 3955 1026 4051 pietatis
1043 3955 1273 4046 extinguitur,
1297 3954 1338 4026 de

266 4069 469 4140 vulneribus
490 4093 569 4163 quae
590 4085 766 4166 parantur,
789 4100 857 4148 nou
880 4078 1103 4150 numantinus
1125 4089 1185 4149 aut
1207 4099 1337 4170 poenus

267 4189 329 4260 sed
350 4189 483 4263 italicus
505 4195 649 4284 sanguis
671 4191 821 4284 lluet‚'et
836 4221 969 4284 eorum,
989 4200 1060 4292 qui,
1082 4201 1110 4270 si
1131 4221 1201 4292 qua
1220 4221 1337 4294 repen-
