3078 4798
439 345 533 394 crena
554 343 1055 403 ournrusnncruus.—nr1sronn
1076 347 1117 396 nr.
1206 337 1210 352 ’
1261 336 1316 400 347

234 503 316 554 mus
350 487 474 575 sponte
507 477 671 552 recidam.
693 478 794 551 Nosti
822 491 937 553 autem
968 505 988 553 e
1019 491 1153 575 septem
1174 483 1319 556 collibus

234 603 295 698 qui
312 600 474 676 omnihus
493 599 668 674 montibus
685 623 727 673 ac
743 600 895 674 vallibus
914 605 1139 697 praeluerunt‚
1158 604 1318 698 quisnam

234 729 339 819 longe
359 723 582 818 gratissimus
604 723 650 795 sit
670 723 753 794 mihi
774 723 970 818 studiisque
992 725 1079 797 meis
1104 726 1318 821 aptissimus.

235 849 357 944 ltaque
376 855 416 920 ut
436 845 479 919 ad
502 845 716 939 propositum
739 846 881 920 redeam
901 855 1006 940 atque
1023 847 1235 933 concludam,
1251 871 1319 921 non

236 991 380 1044 moveor
401 968 587 1042 sententia:
606 988 733 1060 magno
752 967 848 1040 urhis
866 966 1040 1042 desiderio
1058 980 1194 1044 teneor:
1213 992 1320 1044 even-

237 1104 294 1166 tus
314 1092 350 1165 in
370 1091 531 1164 manibus
552 1092 614 1163 Dei
635 1101 700 1163 est.
728 1091 828 1164 Certe
854 1090 883 1163 si
911 1114 1063 1186 unquam
1089 1103 1245 1165 sanctam
1271 1095 1320 1167 ci-

236 1215 381 1287 vitatem
400 1215 589 1299 intravero,
613 1236 737 1287 verum
758 1213 854 1288 dices
875 1214 970 1309 quod
991 1215 1150 1311 superior
1171 1217 1321 1310 spondet

236 1336 394 1431 epistola.
415 1339 511 1409 Vale.
1397 1325 1402 1340 '

744 1517 818 1528 ⁸-—

664 1743 841 1812 EPlSTOLrl
863 1747 896 1812 X.

362 1937 556 1988 ralnclscus
578 1937 747 1987 anteluca
769 1938 886 1988 PONTIO
907 1938 1042 1990 sansoni
1063 1941 1090 1990 S.
1112 1941 1140 1990 P.
1162 1941 1192 1990 D.

326 2101 456 2158 Oblatum
471 2101 577 2176 aliquid
592 2106 703 2174 gratum
718 2100 818 2171 hahet,
834 2117 919 2174 seque
938 2117 1003 2158 eum
1021 2104 1229 2175 quamprimum

630 2189 787 2246 invisurum
800 2187 927 2261 spondet.

335 2421 491 2496 Accensa
516 2422 669 2494 charitas
693 2425 841 2494 fraenum
868 2419 990 2494 nescit.
1014 2420 1068 2506 ld,
1091 2421 1122 2493 si
1148 2443 1315 2516 unquam,

235 2564 326 2618 nunc
346 2545 520 2640 praecipue
545 2543 581 2616 in
605 2531 818 2616 dulcissimis
844 2551 950 2636 atque
976 2543 1238 2617 humanissimis
1263 2543 1317 2614 lit-

235 2667 318 2740 teris
339 2668 406 2740 tuis
426 2667 531 2741 sensi.
550 2665 697 2740 Mirarer
718 2664 748 2738 si
765 2666 832 2739 iste
850 2674 933 2739 tuus
950 2687 1036 2759 erga
1057 2687 1111 2738 me
1130 2669 1314 2762 plusquam

233 2792 408 2863 fraternus
429 2791 572 2864 allectus
593 2778 709 2865 novus
733 2798 843 2877 esset,
866 2799 902 2862 et
920 2811 991 2862 non
1016 2813 1037 2862 a
1058 2788 1188 2861 teneris
1213 2788 1315 2860 annis

235 2912 405 3007 incoeptus
439 2933 553 3006 usque
585 2912 631 2985 ad
664 2913 754 2986 hanc
779 2893 918 2984 aetatem
944 2911 1070 3005 iugiter
1095 2909 1313 2982 increvisset.

234 3033 370 3106 Gratias
388 3055 455 3124 ago
471 3044 508 3106 et
523 3033 731 3107 oblationem
751 3044 845 3107 tuam
859 3033 1006 3108 fidenter
1023 3033 1161 3131 accipio,
1176 3032 1211 3105 in
1231 3043 1316 3106 tem-

233 3177 318 3252 pore
335 3153 441 3226 rebus
462 3156 530 3226 tuis
550 3176 679 3228 usurus
698 3166 735 3228 ut
752 3158 921 3252 propriis:
939 3157 1202 3230 excusationem
1220 3164 1315 3229 tuam

234 3275 491 3350 accusationem
519 3296 631 3350 meam
653 3277 811 3350 arbitror.
832 3280 909 3353 Non
929 3277 1019 3352 enim
1049 3289 1085 3350 tu
1104 3279 1149 3350 ad
1170 3301 1225 3349 me
1252 3277 1316 3350 sed

185 3461 191 3466 .
234 3419 300 3490 ego
320 3399 365 3472 ad
387 3406 420 3470 te
442 3397 564 3470 venire
584 3397 699 3484 debui,
722 3407 758 3470 ct
780 3400 811 3471 si
831 3401 1021 3492 longiorem
1042 3419 1175 3469 moram
1200 3409 1315 3470 traxe

236 3520 295 3606 rie,
316 3521 476 3606 veniam,
502 3541 608 3614 quem
635 3543 772 3616 semper
797 3521 900 3594 video
923 3523 1076 3594 visurus.
1102 3520 1205 3591 Plura
1231 3517 1316 3593 scri-

236 3641 318 3716 bere
345 3655 401 3716 est
426 3644 586 3729 animuS,
615 3644 680 3716 sed
705 3645 815 3715 nuntii
842 3644 906 3729 tui,
933 3664 1024 3736 quos
1049 3640 1207 3714 facundae
1238 3641 1317 3712 licet

234 3767 390 3862 epistolae
407 3767 441 3838 in
462 3768 630 3840 auxilium
649 3767 787 3852 misisti,
806 3766 900 3840 taciti
918 3773 1114 3858 expectant,
1127 3773 1164 3836 et
1183 3762 1315 3834 litteras
1418 3755 1420 3762 '

235 3887 269 3958 in
291 3889 427 3962 silentio
445 3889 663 3983 suspirantes
681 3899 873 3975 numerant,
892 3891 1088 3980 coelumque
1106 3885 1314 3980 suspiciunt;

234 4017 270 4081 et
290 4012 341 4083 sol
361 4011 459 4105 fugit,
481 4019 517 4084 et
537 4031 662 4085 vereor
679 4033 723 4084 ne
743 4012 827 4085 dum
848 4010 933 4082 mihi
955 4008 1138 4102 obsequor,
1160 4008 1228 4082 illis
1249 4008 1313 4082 sim
1399 4003 1408 4012 ’

236 4131 486 4210 incommodus.
509 4133 594 4205 Vale
616 4133 724 4208 nostri
747 4155 889 4210 memor.
999 4119 1004 4130 ’
