3078 4798
416 346 509 396 LIBER
530 345 1031 405 QUINTUSDEGIIIUS.-EPISPOLA
1053 347 1094 396 xl.
1238 335 1297 396 349

215 492 271 554 est
290 479 408 564 obvia,
432 489 471 550 ul
492 479 521 550 si
541 477 674 550 eisdem
697 477 837 552 latebris
858 487 893 548 et
914 477 961 549 illi
982 489 1018 550 el
1044 477 1180 552 cunctis
1206 499 1299 550 mor-

215 602 344 676 talibus
362 601 432 694 legi
448 621 589 693 queam,
613 607 718 694 atque
738 599 838 672 aliter
857 620 1044 692 nequeam,
1064 610 1207 695 paratus
1229 600 1295 672 sim

214 736 251 798 el
269 724 390 797 amicis
407 720 580 806 omnihus,
599 720 729 815 quibus
748 721 832 794 mihi
851 721 936 792 nihil
955 731 1011 794 est
1026 721 1162 794 dulcius
1181 722 1297 809 simul,

215 854 252 916 el
271 868 341 940 qua
360 844 446 918 nihil
466 843 619 916 amarius
641 844 784 929 invidia,
807 865 938 916 carere.
965 846 1052 917 Huic
1072 866 1151 916 mco
1174 868 1300 941 propo-

203 968 285 1054 ¹sito
306 966 398 1039 ruris
425 966 475 1038 lui
495 967 660 1058 angulus,
680 967 773 1058 quod
798 985 937 1060 semper
956 968 1154 1052 consuevit,
1176 989 1300 1062 oppor-

216 1091 424 1162 tunissimus
445 1097 501 1160 est
520 1088 632 1160 visus.
655 1089 717 1160 llic
741 1087 849 1180 igitur
869 1111 923 1161 mc
945 1089 1012 1162 sub
1036 1089 1100 1162 alis
1126 1089 1196 1162 tuis
1216 1090 1301 1162 deli-

217 1221 351 1284 tescere
371 1209 537 1307 paliaris3
556 1213 629 1283 cela
653 1233 718 1296 me,
738 1233 800 1284 oro
822 1221 856 1283 tc
871 1239 878 1281 :
896 1212 992 1305 quod
1012 1213 1042 1284 si
1060 1213 1183 1284 leceris
1204 1231 1299 1306 saepe

216 1357 272 1407 me
292 1332 463 1427 hospitem
484 1331 641 1417 habebis,
660 1335 718 1404 vcl
739 1355 802 1425 per
822 1341 970 1418 noctem,
990 1336 1047 1406 vel
1066 1356 1130 1428 per
1149 1334 1298 1406 imbrem

216 1458 506 1549 qualemcumque
537 1454 743 1538 convivam,
776 1465 870 1527 certe
904 1456 1020 1528 animo
1047 1465 1106 1529 tuo
1139 1465 1299 1549 gratum3

217 1588 339 1652 contra
358 1586 476 1656 autem
503 1576 597 1670 quod
622 1578 657 1649 in
678 1575 805 1650 fabulis
831 1577 1074 1664 audiebamus,
1097 1578 1127 1652 si
1153 1581 1301 1678 vulgare

216 1700 376 1792 coeperis,
398 1697 547 1772 amittes.
571 1697 663 1771 Vale.

633 2141 813 2208 uplslola
834 2143 890 2208 ΧΗ.

275 2323 469 2376 saauclscus
490 2323 659 2374 Psuaanca
681 2322 826 2373 PHILIPPO
846 2321 1000 2373 EPlSCOPO
1021 2322 1250 2404 cavaullcuusl

697 2428 723 2478 S.
745 2429 773 2478 P.
795 2429 826 2477 D.

270 2605 394 2674 Piscem,
410 2622 488 2662 avem
504 2611 531 2662 et
545 2606 691 2680 epistolam
706 2623 740 2662 ex
753 2608 787 2663 iis
800 2623 863 2680 quae
878 2607 937 2664 sine
952 2607 1032 2664 tilulo
1046 2608 1251 2681 inscribuntur,

647 2694 682 2751 ad
698 2711 763 2752 eum
778 2696 871 2753 mittit.

318 2929 397 3014 Tria
410 2939 470 3016 tibi
484 2940 637 3027 veniunt,
657 2950 764 3036 paler,
784 2943 930 3012 multum
949 2939 1091 3013 diversa
1112 2963 1302 3014 munuscu-

220 3067 262 3137 la.
286 3064 415 3136 Unicus
436 3083 521 3135 auro
538 3065 652 3137 nilens
671 3064 780 3159 piscis
797 3074 832 3136 et
854 3064 1010 3158 squamis
1029 3066 1229 3138 maculosus
1247 3087 1301 3136 ar-

128 3231 132 3240 ·
219 3183 367 3280 genteis.
403 3184 642 3256 Tomenliuam
676 3186 748 3270 alii,
783 3187 966 3261 Turturum
993 3186 1134 3280 quidam
1165 3197 1300 3261 vocant.

219 3306 359 3380 Gratius
378 3315 491 3378 lamen
503 3307 607 3378 luerit
620 3327 779 3401 saporem
798 3327 912 3391 nosse,
928 3329 1032 3401 quam
1049 3331 1187 3382 nomen.
1202 3310 1300 3382 Hunc

221 3429 325 3503 villici
357 3427 425 3500 mei
458 3425 550 3500 filius
585 3449 712 3501 servus
739 3436 837 3513 tuus,
860 3429 895 3499 in
919 3429 975 3500 his
998 3427 1101 3502 hodie
1127 3430 1302 3502 lucidissi-

222 3551 289 3623 mis
306 3551 410 3624 undis
426 3550 539 3644 coepit.
559 3551 644 3622 Item
667 3548 807 3646 pinguis
824 3571 910 3624 anas
927 3551 1055 3624 amoeni
1075 3550 1210 3624 dudum
1228 3552 1302 3621 lon-

223 3673 268 3744 lis
287 3672 410 3756 incola,
437 3675 494 3744 cui
520 3670 692 3746 adversus
719 3693 835 3744 raram
857 3672 1004 3746 indolem
1031 3672 1162 3766 egregii
1188 3671 1299 3756 canis,

223 3817 286 3868 nec
305 3795 433 3868 liberas
459 3818 520 3869 aer
545 3794 636 3880 vias,
664 3817 727 3868 nec
752 3803 844 3867 tutas
865 3795 994 3867 lluvius
1016 3795 1166 3868 latebras
1189 3793 1299 3879 dedil,

224 3939 289 3990 nec
311 3918 443 3990 natanti
463 3921 545 4011 luga
566 3916 689 4011 patuit,
717 3939 781 3989 nec
803 3917 946 3992 volanti.
974 3916 1029 3991 Ad
1054 3919 1132 3990 haec
1157 3919 1302 4013 epistola

223 4041 393 4133 quaedam·
406 4063 542 4126 renone,
564 4063 668 4135 quam
690 4040 725 4113 in
747 4063 827 4112 rure
850 4048 909 4113 luo
926 4062 1037 4136 nuper
1054 4041 1158 4113 hamo
1176 4038 1302 4113 debilis

223 4161 351 4254 ingenii
371 4164 460 4236 inter
480 4163 586 4236 animi
607 4165 674 4237 mei
694 4164 821 4238 fluctus
841 4171 877 4236 et
897 4185 1014 4236 verum
1033 4167 1207 4259 scopuloS,
1226 4165 1302 4257 ipse
