2988 4800
376 404 469 452 mem
491 403 916 453 nudantibus-uersuum
937 406 968 453 u.
1152 392 1209 453 155

135 563 187 613 nae
208 541 309 625 illud,
329 543 396 611 boc
413 541 541 623 meriti,
564 540 661 611 doce.
685 542 792 611 Deum
815 541 913 625 eolat,
936 541 1080 633 patriam
1102 550 1209 624 amet,

136 664 299 736 iustitiam
322 671 451 746 servet,
475 663 548 732 sine
568 684 637 754 qua
663 683 818 752 regnum,
840 664 920 733 lieet
951 666 1151 755 opulentum
1172 681 1212 730 ae

135 789 297 871 validum,
322 794 415 856 stare
436 785 565 876 nequit.
587 783 703 854 Discat
723 784 914 855 violentum
935 785 1019 855 nihii
1044 767 1213 856 essebon-

135 932 285 1003 gaevum,
305 918 342 978 et
358 907 466 979 amari
485 910 593 978 multo
610 907 718 978 tutius
736 929 816 978 esse
831 931 935 1001 quam
951 910 1067 980 metui.
1081 906 1214 978 Assue-

136 1042 206 1105 seat
226 1031 313 1102 nibil
334 1031 368 1100 in
391 1030 491 1101 terris
525 1037 645 1123 optare
676 1029 744 1100 nisi
777 1030 903 1102 bonam
930 1042 1102 1114 mentem,
1130 1029 1214 1100 nihii

137 1177 279 1249 sperare
300 1154 367 1224 nisi
392 1151 516 1224 bonam
544 1155 686 1236 samam,
714 1153 799 1223 nibil
825 1153 892 1223 nisi
918 1154 1071 1225 dedecus
1096 1153 1214 1225 formi-

136 1281 229 1350 dare.
253 1279 389 1368 Cogitet
408 1297 478 1368 quo
499 1277 599 1348 altior
612 1285 675 1359 est,
691 1297 733 1346 eo
755 1298 793 1346 se
814 1276 940 1346 elarius
960 1276 1079 1359 videri,
1103 1287 1215 1367 eo‘que

136 1402 250 1470 minus
273 1401 445 1470 occultare
471 1420 576 1491 posse
601 1419 681 1490 quae
706 1399 869 1489 gesserim
896 1408 932 1467 et
957 1420 1026 1490 quo
1053 1398 1216 1490 potentiae

136 1526 211 1614 pius
233 1531 298 1606 est,
318 1544 359 1592 eo
380 1521 496 1591 minus
517 1542 597 1592 esse
618 1521 775 1592 lieentia.
803 1522 947 1592 Noverit
972 1543 1093 1612 regem
1115 1543 1134 1590 a
1156 1542 1217 1612 po-

137 1648 216 1737 pulo
233 1667 304 1715 nou
319 1643 431 1734 magis
453 1642 572 1714 habitu
594 1643 730 1714 differre
751 1668 855 1737 quam
875 1644 1042 1717 moribus.
1062 1644 1214 1726 Studeat,

138 1767 179 1840 ab
198 1768 371 1838 extremis
393 1788 495 1859 aequo
518 1767 629 1860 spatio
649 1744 842 1853 discedens,
866 1769 1030 1839 virtutem
1049 1767 1084 1836 in
1100 1766 1215 1837 medio

139 1913 235 1961 suam
256 1889 368 1981 sequi.
382 1889 506 1960 Cesset
522 1889 758 1983 prodigalitas
778 1888 869 1961 absit
886 1890 1044 1962 avaritia:
1059 1890 1115 1959 itta
1132 1881 1218 1980 opes

139 2024 266 2099 vastat,
291 2016 367 2084 haeo
388 2013 543 2104 gloriam.
567 2014 618 2084 Sit
638 2035 722 2084 saue
742 2023 849 2083 tenax
870 2015 972 2082 famae
992 2012 1153 2104 propriae,
1175 2011 1220 2080 sit

139 2157 264 2230 parcus
285 2137 442 2219 honorio,
467 2137 511 2206 sit
536 2157 665 2206 avarus
691 2134 867 2230 temperie,
897 2135 941 2204 sit
967 2136 1086 2225 largus
1113 2153 1218 2223 pecu-

139 2261 217 2346 niae,
241 2270 279 2331 et
298 2260 382 2330 illud
407 2259 541 2329 romani
566 2258 665 2331 ducis
686 2256 985 2329 modestissimum
1004 2255 1220 2326 animosissi—

139 2405 307 2476 mumque
339 2403 546 2476 responsum
582 2402 719 2472 semper
751 2378 787 2447 in
819 2378 963 2448 auribus
992 2360 1068 2449 eius
1105 2385 1219 2448 sonet:

139 2509 228 2579 nolle
243 2528 379 2590 aurum,
396 2505 458 2575 sed
471 2527 595 2575 aurum
608 2501 816 2573 habentibus
831 2495 1016 2594 imperare.
1030 2501 1126 2571 Melit
1139 2501 1222 2572 sub·
1237 2493 1240 2515 ¹

141 2630 247 2700 ieetos
270 2627 448 2698 abundare
469 2649 572 2720 quam
599 2624 737 2709 fiscum,
752 2633 788 2694 et
806 2625 976 2716 intelligat
988 2623 1108 2695 divitis
1122 2622 1221 2713 regni

140 2752 319 2823 dominum
344 2751 482 2842 inopem
512 2771 687 2819 essenon
713 2770 825 2842 posse.
858 2748 1097 2818 Calamitatum
1131 2765 1223 2815 sem-

142 2895 201 2964 per
222 2872 421 2943 meminerit
440 2893 480 2942 ao
500 2869 667 2955 laborum,
685 2894 775 2964 quos
788 2872 990 2943 calamitosa
1004 2866 1223 2940 Terra-labe-

144 2995 189 3064 ris
210 2995 266 3064 bis
287 2993 502 3088 temporibus
523 3015 629 3086 passa
649 3005 717 3065 est:
740 3003 822 3065 tunc
841 3017 883 3066 se
904 2995 1049 3078 felicem,
1077 3003 1159 3064 tunc
1185 2975 1223 3063 se

143 3116 214 3188 voti
235 3125 445 3208 compotem,
469 3123 550 3184 tunc
572 3135 609 3184 se
629 3136 714 3184 vere
735 3138 855 3207 regem
874 3125 980 3211 putet,
1000 3114 1140 3207 quando
1157 3115 1224 3186 ori-

144 3239 296 3310 minibus
318 3239 439 3309 alienis
474 3239 629 3309 invectas
651 3240 810 3312 miserias
835 3243 972 3334 propria
997 3241 1125 3312 virtute
1152 3241 1225 3311 dis-

145 3362 309 3444 cusserit,
343 3359 470 3432 damna
503 3363 703 3444 restituerit,
747 3363 864 3434 ruinas
897 3363 1067 3448 erexerit,
1102 3385 1224 3456 pacem

146 3484 421 3570 confirmaverit,
437 3485 655 3580 tyrannidem
670 3487 893 3578 oppresserit,
914 3485 1105 3556 reddiderit
1121 3486 1225 3556 liber-

148 3615 263 3678 tatem.
285 3607 433 3678 lndueat
453 3606 488 3676 in
509 3608 662 3678 animum
697 3629 813 3679 amare
846 3629 935 3700 quos
956 3607 1058 3698 regit:
1085 3627 1164 3676 nam
1191 3617 1226 3676 et
1298 3649 1300 3652 -
1379 3599 1384 3612 '

149 3729 296 3801 amando
316 3750 415 3802 amor
437 3730 617 3821 quaeritur,
640 3739 675 3800 et
692 3734 823 3802 nullum
845 3732 973 3802 certius
995 3753 1142 3822 regnum
1160 3738 1223 3814 est,

149 3875 250 3946 quam
272 3873 427 3945 praeesse
461 3852 666 3924 volentibus.
703 3854 948 3924 Sallustianum
982 3855 1066 3925 illud
1098 3854 1251 3944 dogma*¹

150 3977 246 4067 regni
267 3997 446 4067 nunquam
468 3975 608 4047 excidat
628 3977 742 4048 animo
763 3977 856 4067 regis
878 3977 942 4046 tui:
962 3999 1031 4048 non
1050 3955 1250 4048 exercitus'

150 4121 260 4190 neque
282 4098 467 4170 thesauros
489 4099 652 4190 praesidia
675 4100 770 4189 regni
793 4119 880 4183 esse,
905 4100 969 4171 sed
989 4100 1131 4182 amieos
1150 4123 1228 4172 eos-

151 4245 216 4314 que
237 4245 302 4294 nec
323 4220 430 4292 armis
452 4220 540 4310 cogi,
564 4245 679 4314 neque
699 4223 844 4315 pecunie
866 4225 994 4318 parari,
1024 4224 1086 4295 sed
1116 4223 1244 4315 officio(
