3002 4794
422 411 515 458 muuu
539 409 900 466 ouctuus.,-umsuoua
923 411 965 458 ur.
1197 399 1236 460 oo

147 547 229 617 dum
252 546 322 629 ori,
346 566 416 615 uon
437 544 515 616 dico
535 545 728 618 custodiam
748 565 827 638 quaa
845 547 1042 618 amovenda
1059 568 1236 640 nonquam

145 679 207 749 est,
229 668 297 739 sed
320 669 533 760 repagulum,
549 669 704 761 quinque
721 675 858 759 tempus
874 689 1044 740 annorum
1061 669 1236 740 sufficiens

146 788 350 861 aestimavit.
374 791 425 860 Tu
450 809 551 874 vero,
582 791 610 860 si
638 789 703 861 rite
727 799 902 883 computo,
924 791 958 860 in
990 789 1132 860 servitio
1158 791 1236 861 lesu

147 911 278 983 Christi
303 919 340 982 et
361 912 394 980 in
417 911 535 983 schola
564 911 641 983 eius
667 913 734 981 iam
759 912 949 1006 septimum
982 935 1111 983 anuum
1142 911 1234 982 siles.

149 1037 302 1128 Tempus
327 1042 382 1104 est
403 1042 441 1103 ut
461 1034 554 1126 loqui
575 1053 680 1126 posse
699 1033 828 1125 aliquid
847 1031 1004 1127 incipias3
1024 1036 1090 1117 vel,
1113 1034 1143 1104 si
1164 1055 1236 1126 prae

148 1157 316 1228 omnibus
343 1155 517 1228 silentium
544 1157 646 1229 dulce
671 1165 738 1238 est,
766 1155 851 1224 mibi
876 1155 931 1226 vel
958 1155 993 1224 iu
1023 1154 1157 1226 silentio
1183 1175 1237 1224 re-

151 1279 345 1372 spondeas:
369 1280 564 1365 meministi,
588 1282 705 1364 lrater,
727 1279 842 1372 qualis
863 1279 942 1350 olim
964 1301 1080 1350 rarum
1102 1289 1236 1350 nostra-

150 1421 226 1470 rum
255 1408 369 1471 status
404 1409 490 1483 erat,
522 1411 558 1470 et
591 1401 727 1471 animos
760 1410 900 1471 nostros
931 1397 1036 1494 quam
1063 1400 1236 1472 laboriosa

150 1521 302 1592 dulcedo
327 1531 362 1592 et
386 1523 526 1614 quantis
553 1520 844 1594 amaritudinibus
877 1523 1066 1618 conspersa
1099 1534 1237 1618 torque-

151 1639 223 1711 bat:
238 1642 439 1726 meministi,
455 1652 546 1736 puto,
564 1655 601 1714 ut
613 1654 753 1715 nuncet
769 1644 916 1716 libertati
931 1655 1001 1715 tuae
1014 1645 1235 1736 congaudeas

151 1773 185 1833 et
203 1765 371 1834 fraternae
391 1764 579 1836 condoleas
602 1765 775 1851 servituti,
801 1789 882 1862 quae
906 1789 963 1838 me
983 1765 1105 1839 adbuc
1126 1769 1236 1840 solitis

152 1883 379 1978 compedibus
406 1894 576 1978 arctatum
603 1897 740 1971 tenens
763 1888 831 1958 iam
858 1890 1008 1959 cultrum
1032 1889 1144 1973 lateri,
1167 1889 1235 1960 inm

151 2006 316 2097 laqueum
337 2007 426 2077 collo
443 2017 555 2100 parat,
578 2008 844 2102 peregissetque
861 2009 927 2080 iam
943 2009 1087 2104 pridem,
1103 2011 1138 2080 ni
1150 2010 1237 2082 libe·

154 2128 279 2198 ratoris
300 2127 459 2211 dextera,
481 2115 562 2221 quae
584 2138 617 2200 te
639 2125 782 2202 servitio
802 2130 947 2214 exemit,
970 2152 1024 2200 me
1038 2131 1083 2200 ab
1095 2131 1237 2204 interitu

152 2249 377 2320 defendisset.
405 2249 542 2334 Ombis,
569 2253 686 2337 irater,
711 2263 748 2322 ut
768 2273 823 2324 me
842 2273 981 2344 quoque
1007 2253 1075 2322 iam
1097 2251 1236 2324 tandem

152 2370 304 2443 libertati
326 2371 500 2457 restituat,
528 2382 565 2444 et
589 2395 658 2444 uno
682 2383 805 2444 ventre
829 2393 1037 2467 progressos
1068 2373 1141 2466 pari
1168 2371 1237 2446 fine

152 2493 291 2564 felicitat
326 2503 362 2564 et
395 2495 423 2566 si
454 2495 577 2588 praeire
611 2494 816 2579 debueram,
847 2515 917 2566 non
948 2495 1093 2587 pudebit
1125 2497 1235 2589 sequi.

153 2616 352 2700 Meministi,
368 2615 517 2708 inquam,
531 2613 609 2709 quis
623 2615 678 2688 ille
692 2627 726 2688 et
738 2639 841 2709 quam
858 2639 1098 2712 supervacuus
1113 2618 1238 2711 exqui-

155 2739 334 2810 sitissimae
354 2738 466 2810 vestis
486 2739 592 2821 nitor,
615 2738 674 2830 qui
696 2759 752 2808 me
772 2737 950 2822 hactenus,
973 2741 1094 2824 fateor,
1119 2741 1237 2815 sedin

153 2860 226 2932 dies
249 2861 351 2932 solito
372 2861 496 2956 minus
519 2860 701 2931 attonitum
722 2860 839 2944 haben
858 2839 1055 2954 quod'illud
1072 2862 1236 2934 induendi

152 2971 601 3075 exuendique'lastidium
636 2993 671 3053 et
696 3003 799 3054 mane
824 3004 865 3054 ac
889 3005 1040 3078 vespere
1069 2986 1236 3079 repetitus

155 3101 265 3189 labor3
288 3104 367 3198 quis
392 3105 449 3174 ille
474 3113 607 3190 metus,
635 3127 677 3176 ne
702 3103 784 3176 dato
809 3105 932 3176 ordine
952 3105 1097 3198 capillus
1118 3107 1238 3178 efflue-

154 3237 217 3314 ret,
242 3251 286 3299 ne
304 3227 516 3323 complicitos
533 3248 711 3299 comarum
729 3227 852 3318 globos
872 3229 960 3299 levis
986 3249 1073 3306 aura
1096 3229 1238 3299 consun-

152 3351 268 3433 deret;
295 3371 376 3442 quae
404 3350 460 3420 illa
484 3339 604 3420 contra
632 3363 793 3440 retroque
814 3345 1028 3420 venientium
1045 3351 1127 3442 fuga
1151 3372 1238 3444 qua·

153 3474 366 3568 drupedum,
399 3459 448 3544 ¹ue
486 3472 569 3564 quid
608 3470 814 3543 adventiciae
852 3469 967 3543 sordis
1001 3473 1161 3544 redolens
1195 3495 1237 3544 ac

152 3595 285 3688 fulgida
322 3605 401 3688 toga
433 3596 639 3688 susciperet,
667 3615 736 3664 neu
766 3593 957 3688 impressas
983 3615 1089 3684 rugas
1119 3595 1238 3664 collisu

154 3703 469 3789 remitteret'vere
494 3717 615 3787 inanes
643 3715 835 3800 hominum,
866 3716 929 3786 sed
954 3714 1127 3809 praecipue
1152 3715 1237 3787 ado·

154 3839 359 3911 lesceutium
390 3841 511 3909 curas!
550 3839 724 3922 Quorsum
755 3837 848 3907 enim
881 3857 923 3908 ea
956 3835 1082 3907 mentis
1113 3837 1237 3908 anxie-

154 3967 227 4034 tas?
244 3964 289 4033 Ut
315 3963 533 4053 placeremus
568 3957 697 4030 scilicet
723 3958 831 4028 oculis
858 3957 990 4029 alienis.
1018 3958 1062 4027 ut
1087 3978 1235 4050 quorum

153 4085 276 4169 oculis,
313 4085 458 4176 quaeso?
490 4073 856 4153 Profecto'multorum
882 4080 941 4172 qui
967 4081 1097 4154 nostris
1126 4080 1235 4153 oculis

154 4205 393 4299 displicebant.
420 4204 550 4274 Seneca
578 4203 612 4273 in
639 4201 787 4296 quadam
814 4202 859 4274 ad
885 4201 1052 4276 Lucilium
1078 4206 1233 4299 epistola,
