3024 4802
244 357 301 420 50⁹2
580 367 621 414 na
643 366 744 414 nunus
764 364 988 414 rnurnrnareus

242 523 322 595 quae
346 501 517 600 famosum
545 499 726 568 Herculem
753 500 865 568 fecere
890 495 985 588 quod
1014 495 1202 568 invisibilia
1229 498 1321 582 baec,

243 626 377 694 illorum
395 623 504 692 lorma
518 618 704 691 terribilis?
717 619 802 690 Mihi
818 627 939 691 contra
955 617 1004 690 nil
1020 617 1122 690 hoste
1135 618 1195 711 qui
1208 631 1323 704 nocet,

243 768 306 817 nec
332 743 483 826 videtur,
503 751 558 812 est
578 741 734 834 gravius.
760 740 815 811 Ad
841 752 1054 834 postremum
1076 741 1197 834 quinta
1223 742 1326 814 ratio-

243 889 326 937 num
345 865 513 936 scintillas
531 863 633 956 quasi
654 863 824 936 stellantia
850 866 980 934 lumina
1004 863 1169 957 explicat,
1197 864 1326 958 quibus

244 990 440 1061 ostenditur
465 988 510 1057 ad
536 985 673 1056 beatam
699 986 806 1058 vitam
828 987 992 1058 virtutem
1020 989 1128 1058 solam
1157 988 1326 1060 sufficere.

245 1113 332 1196 Quae
349 1110 433 1180 mibi
451 1129 533 1203 pars
551 1109 668 1201 operis
681 1107 767 1202 quid
784 1107 879 1180 aliud
891 1129 998 1202 quam
1012 1107 1167 1180 Ciceroni
1179 1110 1258 1181 coeli
1275 1109 1328 1180 in-

245 1244 317 1304 star
333 1232 453 1315 fuerit,
473 1229 532 1302 ubi
549 1251 648 1301 mens
667 1231 724 1300 illa
742 1230 880 1303 siderea
891 1239 928 1301 et
940 1233 1083 1302 excelsa
1101 1240 1151 1302 tot
1168 1252 1326 1302 errorum

245 1355 409 1430 monstris
442 1357 512 1426 late
542 1354 744 1449 perdomitis
775 1353 1023 1445 conquiescat?
1048 1356 1170 1446 ltaque
1200 1354 1327 1443 gentile

244 1483 374 1572 vulgus
406 1488 446 1549 ut
481 1479 566 1550 libet
598 1479 796 1561 Herculem,
833 1499 899 1568 ego
934 1476 1136 1548 Ciceronem
1169 1484 1328 1548 nostrum

244 1623 393 1694 eumque
412 1601 526 1694 ipsum
547 1621 616 1670 non
639 1609 676 1670 ut
691 1599 810 1668 Deum
831 1597 958 1679 adoro,
985 1599 1050 1670 sed
1075 1608 1114 1668 ut
1138 1596 1250 1670 divini
1276 1597 1328 1666 in-

245 1723 337 1814 genii
362 1721 477 1792 virum
503 1723 610 1792 miror
631 1742 672 1791 ac
693 1741 858 1805 veneror,
881 1728 917 1791 et
943 1741 1048 1816 supra
1073 1719 1180 1792 fidam
1207 1729 1330 1814 stupeo

244 1842 475 1936 quorumdam
495 1842 605 1913 nostri
627 1845 696 1914 tevi
718 1843 901 1916 doctorum
920 1843 1098 1916 hominum
1118 1843 1246 1936 capita,
1270 1841 1329 1934 qui

245 1968 338 2038 bunc
360 1965 478 2036 nescio
499 1963 626 2057 quibus
648 1965 803 2056 maguis,
825 1985 895 2036 non
913 1955 1056 2048 inficior,
1075 1963 1177 2045 viris,
1198 1963 1263 2035 sed
1279 1963 1330 2034 ui-

245 2090 312 2160 mis
339 2084 531 2180 imparibus
552 2089 710 2158 conferre
725 2087 846 2158 solent.
864 2086 1082 2178 Quamquam
1097 2083 1214 2160 iudicii
1227 2083 1330 2154 liber-

246 2222 351 2283 tatem
371 2218 409 2282 ut
425 2231 487 2304 per
507 2209 594 2280 alios
612 2210 710 2295 mihi,
735 2211 786 2282 sic
807 2232 869 2302 per
889 2231 944 2280 me
962 2207 1039 2280 aliis
1058 2209 1193 2280 salvam
1214 2205 1328 2288 velim,

246 2355 313 2424 ego
330 2331 416 2424 quid
437 2331 471 2400 in
492 2331 608 2404 auimo
629 2353 748 2423 geram
767 2331 840 2403 scio
861 2329 1044 2422 fixumque
1063 2327 1152 2400 adeo
1172 2337 1211 2400 ut
1229 2327 1332 2400 avelli

247 2457 341 2526 nulla
362 2454 397 2524 vi
418 2455 546 2536 valeat,
566 2476 637 2525 non
655 2456 684 2526 si
702 2454 786 2526 mihi
804 2451 1059 2526 Demosthenes
1076 2449 1122 2522 ab
1142 2450 1261 2524 inieris
1278 2471 1332 2520 re-

247 2577 341 2664 deat,
364 2577 450 2647 etin
472 2576 538 2648 hoc
557 2597 666 2648 unum
689 2575 852 2649 omuibus
871 2573 1080 2666 eloquentiae
1101 2591 1177 2647 suae
1197 2571 1332 2644 viribus

247 2700 390 2774 acclivis
411 2708 517 2792 atque
534 2699 688 2772 intentus
709 2696 901 2782 incumbat,
920 2717 991 2770 non
1012 2696 1043 2768 si
1060 2717 1182 2770 omues
1199 2696 1329 2780 aemuli,

249 2823 308 2916 qui
333 2823 565 2896 clarissimum
594 2819 679 2892 illud
710 2842 839 2894 nomen
865 2819 1007 2892 invidiae
1033 2838 1109 2890 suae
1137 2817 1275 2893 nebulis
1298 2828 1333 2890 et

249 2945 332 3016 dum
350 2943 445 3016 vixit
459 2945 654 3026 involvere,
676 2952 807 3034 etpost
827 2945 898 3014 fata
918 2952 1107 3027 tentarunt,
1126 2964 1238 3036 eoque
1259 2966 1334 3016 ma·

250 3067 305 3157 gis
319 3087 389 3156 quo
400 3075 436 3136 et
451 3065 534 3134 tanti
550 3064 771 3158 responsoris
785 3064 906 3138 aberat
919 3075 1043 3150 metuo,
1054 3074 1089 3137 et
1101 3064 1197 3160 impii
1211 3089 1334 3140 cruen-

250 3187 345 3278 tique
365 3186 477 3258 bostis
498 3188 599 3259 favor
630 3195 779 3273 arserat,
807 3211 871 3260 nec
897 3189 1022 3262 satiata
1051 3191 1104 3262 ira
1135 3211 1199 3262 nec
1223 3199 1335 3262 morte

250 3309 340 3382 livor
357 3311 534 3384 extinctus
551 3320 636 3384 erat.
658 3312 744 3384 Mihi
761 3310 828 3406 ipsi
844 3312 973 3408 potius,
993 3313 1063 3384 imo
1075 3312 1237 3406 equidem
1249 3335 1335 3386 vero

251 3431 391 3506 credam
409 3444 446 3504 et
470 3435 571 3506 lamae
593 3434 755 3526 publicae,
775 3445 810 3508 et
829 3434 967 3525 magnis
987 3455 1029 3508 ac
1048 3435 1166 3508 multis
1186 3435 1335 3508 auctori·

252 3555 330 3638 bus,
355 3577 445 3648 quos
470 3558 538 3629 nisi
563 3557 832 3630 innumerabiles
853 3569 1180 3632 essentnumerare
1205 3560 1336 3652 incipe-

253 3700 341 3750 ram:
375 3678 440 3750 sed
468 3679 635 3770 attingam
665 3677 755 3750 duos
781 3701 850 3752 nou
878 3681 1029 3766 italicae,
1058 3703 1104 3754 ne
1128 3692 1335 3776 suspectum

254 3802 489 3874 testimonium
516 3800 641 3872 reddat
660 3823 759 3874 amor
784 3803 942 3894 originis,
966 3803 1031 3875 sed
1051 3804 1240 3898 Hispanae,
1262 3825 1337 3876 ma-

207 3939 209 3942 ·
254 3944 342 4011 gnos
362 3925 438 3996 illos
453 3922 609 4018 ¹quidem
636 3943 678 3994 ac
697 3925 851 3996 famosos
874 3925 981 4010 viror,
1005 3934 1041 3998 et
1060 3945 1130 4019 quo
1149 3927 1227 4020 plus
1254 3922 1347 3998 fidei

254 4044 346 4116 dicto
366 4049 425 4128 sit,
449 4047 539 4118 inter
565 4067 603 4118 se
633 4045 776 4140 quidem
798 4046 919 4120 hostes
944 4045 1337 4148 longequediscordes‚

254 4165 315 4251 qui
340 4168 488 4253 qualiter
512 4169 587 4238 sola
612 4166 789 4240 Ciceronis
815 4167 850 4237 in
883 4167 985 4242 laude
1017 4170 1241 4254 conveniant,
1269 4166 1338 4242 nisi
