3078 4798
246 349 247 352 *
280 377 338 437 32ss
619 389 661 435 os
682 387 783 436 ansus
805 357 1028 436 rirnitnnrs

700 671 879 737 EPISTOLA
900 672 945 736 vl.

301 865 495 916 Funnctscus
513 863 682 914 Psrntuct
699 863 804 912 PETRO
822 861 940 912 uscarl
957 861 1211 913 surculamen
1228 864 1254 914 S.
1270 863 1297 913 P.
1312 863 1341 912 1).

311 1056 411 1111 Narrat
426 1053 594 1110 calumniam
609 1068 626 1106 a
639 1049 746 1106 medico
760 1049 791 1104 in
805 1049 865 1104 eiua
878 1015 1030 1122 perniciem
1045 1050 1211 1122 evulgatam,
1227 1052 1338 1124 eulpam

391 1191 394 1198 i
408 1161 424 1197 a
437 1161 466 1198 sa
481 1148 588 1199 amovet
604 1141 673 1196 etin
686 1139 854 1196 maledicum
868 1139 1073 1210 obiurgatorem
1085 1144 1238 1211 retorquet.

379 1383 440 1455 Lis
468 1391 523 1456 est
555 1357 639 1454 inihi
672 1405 905 1476 magnacum
931 1383 1087 1456 medicis.
1114 1384 1159 1454 Et
1181 1383 1284 1476 quid,
1311 1383 1364 1454 in-

281 1506 391 1601 quies,
406 1528 475 1579 non
489 1506 615 1578 metuis
628 1505 765 1576 febres?
778 1505 854 1576 Non
868 1527 946 1577 sum
960 1505 1048 1578 adeo
1067 1506 1361 1577 securusverum

280 1653 328 1702 ex
347 1630 403 1702 his
423 1629 569 1701 medicis
589 1629 673 1700 nihil
695 1649 809 1722 spero.
832 1630 877 1700 Et
891 1630 976 1723 quid
1001 1629 1090 1715 ideo,
1109 1629 1202 1701 dicet
1221 1627 1360 1721 aliquis,

281 1750 342 1821 tibi
362 1772 546 1838 commune
570 1773 650 1822 cum
684 1750 751 1823 iltis
783 1755 862 1822 est‘?
882 1751 974 1822 Nihil
998 1752 1151 1836 omnino,
1173 1750 1240 1822 nisi
1268 1751 1362 1844 quod

279 1872 426 1945 veritate
440 1871 575 1943 animos
590 1892 710 1942 eorum
726 1870 862 1957 offendi,
877 1894 943 1943 nec
956 1872 1100 1966 poenitet
1110 1871 1309 1944 offendisse.
1320 1871 1363 1944 Et

178 2078 186 2090 ²
280 1995 432 2089 protecto
454 1991 483 2064 si
506 1993 637 2065 veritas
651 1993 808 2067 inimicos
826 1994 921 2079 iacit,
935 2004 995 2066 aut
1013 2015 1151 2089 semper
1165 1993 1289 2080 silebo,
1304 2003 1363 2066 aut

280 2119 356 2190 sine
376 2115 537 2188 hostibus
558 2138 736 2210 nunquam
770 2137 845 2201 ero;
880 2139 992 2210 neque
1024 2127 1141 2190 tamen
1173 2116 1259 2188 mihi
1283 2120 1360 2188 oum

279 2238 456 2325 omnibus,
473 2238 535 2310 sed
549 2260 629 2309 cum
646 2239 810 2331 pessimis
831 2239 960 2311 bellum
976 2261 1058 2312 esse
1075 2241 1150 2332 ipse
1170 2238 1361 2311 litterarum

280 2384 434 2434 mearum
457 2363 578 2434 titulus
599 2360 726 2434 indicio
742 2371 811 2434 est:
831 2363 965 2455 procaci
984 2362 1077 2434 enim
1094 2371 1131 2434 et
1147 2363 1270 2434 insano
1289 2383 1360 2434 me-

279 2486 357 2558 dico
377 2486 624 2558 inscribuntur.
646 2484 814 2579 Quisquis
835 2484 915 2558 inde
932 2485 1093 2558 turbatur
1109 2465 1241 2580 procax
1257 2497 1292 2556 et
1310 2485 1361 2554 in-

280 2627 402 2693 sanus,
424 2617 459 2678 et
480 2607 536 2679 itte
558 2607 632 2704 ipse
657 2619 712 2679 est
737 2629 841 2700 quem
867 2610 1039 2701 alloquor3
1061 2630 1132 2680 non
1146 2605 1246 2700 'quod
1268 2627 1359 2677 unus

279 2731 375 2802 solus
396 2730 474 2803 talis
500 2731 557 2816 sit,
587 2731 650 2803 sed
674 2732 757 2824 quia
783 2731 970 2823 singularis
996 2753 1163 2804 uumerus
1190 2739 1286 2822 saepe
1313 2726 1361 2800 si-

279 2849 496 2944 gnificantior
528 2863 599 2936 est,
630 2861 665 2924 et
699 2875 789 2925 unus
823 2875 861 2925 se
895 2853 1051 2926 vesaniae
1083 2852 1208 2924 ducem
1229 2872 1276 2922 ex
1302 2851 1359 2923 itto

280 2996 387 3065 grege
409 2974 629 3066 praestiterat.
652 2975 702 3045 Illi
727 2997 812 3069 ergo
839 2975 1006 3068 singulari
1031 2974 1219 3072 certamine
1239 2995 1361 3045 occur·
1447 3005 1449 3012 ·

278 3094 425 3166 rendum
446 3095 526 3178 tuit;
547 3105 581 3166 et
607 3095 642 3166 in
669 3119 738 3170 uno
765 3100 951 3170 multorum
972 3098 1165 3192 procacitas
1185 3095 1360 3187 castigan-

278 3216 333 3290 da.
360 3218 448 3289 Sunt
470 3216 563 3290 enim
595 3219 656 3312 qui
687 3219 732 3292 de
764 3220 959 3292 adversarii
981 3219 1216 3294 moderatione
1239 3240 1360 3312 super·

279 3341 386 3430 biaut,
408 3340 509 3413 etde
529 3340 641 3414 alieno
663 3341 799 3414 silentio
817 3344 861 3416 ad
880 3343 1090 3437 loquendum
1115 3343 1251 3416 animos
1273 3338 1365 3412 acci.

279 3465 388 3558 piant;
428 3463 664 3558 importunum
702 3487 815 3557 genus
851 3474 888 3538 et
923 3465 1193 3538 conviciatorum
1232 3465 1359 3554 vulgus

279 3589 445 3660 conviciis
466 3587 733 3660 retundendum.
757 3587 824 3671 Qui
842 3609 926 3658 vero
941 3609 1034 3659 nunc
1049 3586 1154 3660 huius
1172 3584 1360 3658 litteratorii

278 3709 359 3782 belli
393 3718 507 3781 status
542 3710 571 3780 si
605 3710 694 3782 scire
726 3709 840 3802 cupis,
869 3731 1014 3803 possum
1041 3711 1102 3781 tibi
1128 3711 1220 3781 clare
1245 3707 1360 3780 dicere

277 3833 363 3926 quid
383 3834 416 3903 in
437 3835 563 3906 castris
587 3834 675 3906 meis
702 3834 828 3926 agitur:
857 3842 927 3905 tota
962 3854 1019 3905 res
1052 3833 1145 3904 enirn
1173 3829 1357 3925 spernitur,

136 4022 144 4046 q
227 4029 230 4034 ,
279 3957 479 4048 loquaxque
513 3957 589 4028 sine
619 3955 753 4027 viribus
774 3955 1015 4039 adversarius,
1045 3955 1091 4026 itti
1122 3954 1300 4027 irridetur:
1327 3961 1363 4024 et

278 4077 324 4146 ita
356 4086 412 4147 est
445 4086 481 4146 ut
515 4079 673 4170 epistolae
694 4077 859 4176 long-ioris
893 4077 962 4148 fine
995 4077 1082 4160 dixi3
1113 4100 1181 4149 non
1215 4077 1360 4169 deposui

278 4197 434 4266 aculeos:
458 4198 583 4267 sentiet
608 4198 637 4268 si
665 4220 701 4269 se
729 4199 888 4284 moverit,
911 4210 946 4270 et
966 4198 1134 4288 intelliget
1160 4199 1252 4268 hunc
1271 4197 1362 4268 cala-
