3024 4802
273 341 331 403 511
608 353 649 400 na
671 353 772 402 nesus
794 349 1018 401 enuntiamus

271 494 322 562 ler
343 489 445 560 modo
467 489 618 580 singula,
637 497 672 559 et
692 498 825 560 armato
850 487 947 557 militi
967 486 1126 558 vittatam
1147 507 1292 570 navem,
1317 498 1353 560 et

271 631 436 684 caesareae
458 611 588 681 lenitati
605 610 759 706 Dionysii
776 610 979 703 quadrigas,
999 622 1175 703 postremo
1195 611 1352 682 Romano

271 732 416 827 principi
437 731 589 803 Siculum
609 743 808 828 tyrannum3
833 731 939 804 credo
962 731 1125 804 fateberis
1146 732 1273 803 merito
1296 753 1351 802 me

271 857 444 926 Platonem
467 857 664 948 praecellere
687 857 835 926 fortuna.
857 855 927 926 Sed
947 855 1013 924 iam
1037 854 1122 926 satis
1150 854 1271 945 gloriae
1300 857 1354 924 lu-

271 977 386 1048 dendo
408 987 600 1069 captamus,
622 976 717 1069 quod
740 978 853 1070 ipsum
883 976 1030 1048 levitatis
1051 975 1137 1046 vitio
1160 998 1227 1046 non
1253 997 1354 1046 care-

272 1112 337 1182 ret,
353 1099 421 1170 nisi
438 1099 484 1170 ita
502 1109 614 1169 tecum
629 1101 798 1191 loquerer,
817 1109 857 1169 ut
874 1121 1021 1170 mecum.
1041 1097 1231 1192 Epistolam
1245 1118 1352 1189 quam

271 1223 316 1294 ad
337 1222 509 1292 Caesarem
528 1222 643 1315 ipsum
666 1221 735 1292 tuis
759 1243 814 1292 me
831 1220 876 1291 de
896 1219 1002 1291 rebus
1024 1219 1176 1291 scribere
1197 1217 1350 1301 voluisti,

270 1365 341 1435 qua
364 1343 547 1415 comitatus
573 1344 668 1413 illum
694 1342 859 1414 fidentius
884 1351 989 1436 atque
1010 1332 1213 1413 familiarius
1234 1339 1349 1423 adeas

271 1487 349 1535 cum
385 1465 449 1536 hac
482 1466 585 1538 simul
611 1466 771 1559 accipies.
797 1467 951 1559 Utraque
979 1465 1041 1535 tibi
1065 1463 1156 1534 Pisis
1181 1471 1350 1547 occurret,

272 1585 331 1658 ubi
349 1598 386 1660 tu
403 1609 615 1660 occursurus
632 1609 671 1659 es
688 1588 845 1683 principi.
865 1590 926 1660 llla
942 1587 1082 1682 quidem
1103 1595 1140 1658 ut
1157 1609 1270 1682 spero,
1289 1587 1353 1660 sed

272 1711 380 1780 multo
399 1710 551 1780 maxime
575 1720 634 1782 tua
654 1711 766 1782 virtus
787 1723 822 1784 et
839 1722 1038 1784 nostrorum
1055 1691 1220 1829 herpjum
1237 1732 1353 1783 recor-

271 1829 373 1914 datio,
395 1851 588 1904 caesarcum
609 1831 671 1904 tibi
691 1832 796 1904 limen
817 1834 961 1929 aperiet.
984 1835 1080 1905 Vale.

692 2319 870 2386 EPISTULA
890 2321 935 2384 lV.

326 2524 521 2574 FRANCISCUS
543 2525 712 2575 parandus
733 2525 859 2574 claudo
879 2524 921 2574 lv.
942 2523 1138 2576 turanorum
1158 2524 1304 2574 AUGUSTO

751 2631 777 2678 S.
797 2631 827 2679 P.
848 2631 880 2678 D.

535 2809 718 2865 Commendat
731 2808 848 2864 Laelium
862 2807 983 2864 amicum
998 2823 1090 2864 suum.

371 3066 460 3138 Vide
480 3075 648 3158 quantum
675 3069 758 3138 mihi
785 3071 871 3165 spei,
895 3082 1111 3165 quantumve
1140 3070 1245 3141 animi
1261 3089 1353 3163 prae-

275 3196 344 3258 stat
368 3186 566 3259 humanitas
589 3198 656 3274 tua,
684 3190 814 3276 Caesar,
844 3201 973 3264 utnon
1000 3214 1055 3264 me
1081 3201 1227 3276 tantum,
1258 3187 1353 3284 quod

229 3363 231 3367 .
273 3310 338 3380 feci
359 3331 497 3403 semper
523 3322 557 3382 et
584 3311 685 3396 facio,
711 3323 747 3384 et
766 3313 849 3384 dum
871 3315 1073 3386 taciturnior
1094 3333 1245 3407 appareo
1270 3322 1352 3384 tunc

274 3425 377 3495 altius
394 3423 519 3509 clamo,
536 3425 598 3498 sed
618 3427 703 3498 alios
721 3448 860 3520 quoque
877 3429 1070 3500 clementiae
1088 3435 1158 3497 tuae
1177 3446 1353 3497 commen-

274 3547 359 3621 dare
376 3549 506 3619 ausim:
526 3571 737 3642 quamquam
757 3549 786 3618 si
808 3572 892 3622 vere
910 3561 945 3622 et
961 3550 1098 3643 proprie
1119 3549 1213 3641 loqui
1229 3545 1349 3630 velint,
1392 3587 1395 3594 ·

273 3692 343 3742 non
365 3671 410 3741 sit
438 3673 539 3753 alter,
561 3693 666 3763 quem
687 3693 765 3742 mea
792 3672 852 3742 tibi
873 3695 965 3744 nunc
982 3672 1122 3744 devotio
1136 3691 1351 3742 recommen-

273 3793 343 3878 dat,
362 3793 430 3863 nisi
447 3795 577 3876 forsan,
601 3803 640 3863 ut
660 3793 728 3865 dici
750 3797 849 3878 solet,
869 3797 955 3866 alter
972 3817 1049 3887 ego.
1072 3793 1134 3865 llic
1154 3794 1218 3879 vir,
1241 3813 1353 3862 oma-

272 3917 369 3988 xime
386 3918 513 4001 Caesar,
528 3915 588 4010 qui
608 3916 653 3989 ad
674 3917 781 4010 pedes
801 3927 881 3990 tuos
898 3941 976 3992 cum
998 3915 1118 3988 litteris
1136 3915 1223 3986 meis
1243 3913 1351 3996 venit,

272 4059 437 4110 romanus
463 4051 518 4110 est
537 4038 641 4123 civis,
660 4047 696 4110 et
712 4039 882 4131 sanguine
904 4038 1029 4112 nobilis
1050 4047 1086 4109 et
1105 4038 1232 4108 virtute
1252 4033 1351 4107 nobi-

272 4154 352 4238 lior,
373 4158 472 4229 cuius
497 4161 532 4230 in
553 4157 716 4232 laudibus
736 4164 867 4235 multus
887 4183 1018 4246 essem;
1040 4181 1120 4234 nam
1149 4158 1292 4254 copiosa
1315 4165 1352 4230 et
