3078 4798
401 285 494 334 ninan
518 281 1018 342 Quinuusollcllllts.-ul³lsl'0Ln
1040 281 1102 331 iuv.
1231 271 1289 340 359

209 425 303 498 enim
333 426 461 494 Deum:
496 441 566 492 non
595 418 694 492 aliter
724 419 770 490 illi
801 420 878 491 viro
913 421 1006 512 loqui
1041 421 1164 494 solitus
1194 446 1290 497 eram

209 569 317 640 quam
338 546 369 617 si
389 542 562 638 loquentis
590 551 627 614 ut
652 542 774 614 faciem
803 543 911 614 sicet
938 555 1089 616 mentem
1115 558 1288 630 cerneret,

208 667 372 762 quamvis
403 667 459 738 ille
497 688 553 738 me
591 667 795 759 complexus
833 665 1063 738 familiaritate
1092 668 1289 755 mitissima,

211 795 357 864 multum
385 791 468 863 milri
501 811 639 884 semper
673 790 869 863 securitatis
902 791 1100 882 ingesserit.
1135 795 1205 868 Sed
1231 819 1291 870 ne·

212 915 283 987 seio
315 914 401 1008 quid
436 915 471 985 iu
509 913 567 986 illc
604 911 744 984 homine
776 911 934 984 divinum
960 925 1051 999 erat,
1084 915 1179 1008 quod
1211 939 1290 989 cum

175 1049 178 1062 '
212 1037 364 1108 maxime
381 1037 437 1108 ille
458 1055 536 1108 sese
553 1033 636 1106 milii
656 1033 790 1106 facilem
808 1055 849 1106 ac
866 1037 1078 1127 morigerum
1097 1049 1288 1130 praestaret,

210 1171 325 1232 tamen
343 1180 398 1230 me
419 1159 529 1249 magis
548 1156 731 1249 magisque
748 1155 1035 1228 venerabundum
1054 1166 1089 1228 ct
1107 1159 1290 1232 attonitum

210 1280 374 1352 habebat.
389 1277 529 1350 Solebat
545 1279 600 1348 ille
618 1299 743 1349 nomen
763 1297 881 1349 meum
900 1299 993 1372 saepe
1011 1279 1094 1352 dum
1110 1280 1288 1367 adessem,

209 1402 341 1495 saepius
366 1400 450 1472 dum
476 1400 653 1481 abessem,
678 1398 772 1471 veris
798 1399 929 1471 utinam
955 1401 1117 1475 laudibus
1143 1423 1289 1477 ornare:

210 1524 303 1597 uude
329 1521 412 1594 mihi
431 1532 467 1594 et
486 1521 653 1613 gaudium
674 1533 709 1593 et
731 1521 893 1594 stimulus
914 1544 983 1595 non
1004 1545 1135 1616 parvus
1156 1525 1202 1598 ad
1215 1528 1290 1618 glo-

208 1648 305 1731 riam,
326 1646 388 1718 sed
407 1647 516 1718 multo
537 1645 646 1717 maior
662 1658 738 1718 erat
755 1644 936 1718 admiratio
953 1668 1023 1740 quo
1040 1654 1141 1740 paolo
1157 1669 1288 1732 eoecuS,

209 1768 378 1852 uterium,
402 1791 499 1840 arnor
519 1768 597 1840 talis
618 1768 721 1839 etiam
745 1770 900 1862 tantique
925 1769 991 1840 viri
1012 1768 1179 1842 iudicium
1205 1770 1291 1843 obli-

207 1901 365 1986 quasset.
387 1890 464 1963 Fuit
484 1891 539 1961 ille
560 1890 644 1961 mihi
664 1890 749 1962 dum
771 1892 866 1964 licuit
886 1885 1213 1984 indulgentissimus
1230 1917 1291 1989 pa-

209 2028 274 2100 ter,
302 2022 338 2085 et
363 2013 584 2107 profundius,
611 2033 717 2104 quam
743 2012 930 2108 quisquam
947 2013 1081 2106 opinari
1088 2024 1235 2108 posset,
1255 2015 1288 2086 iu

208 2138 286 2210 eius
319 2157 484 2207 arcanum
513 2136 608 2206 velut
634 2133 669 2204 in
694 2133 821 2206 Sancta
841 2135 1046 2206 Sanctorum
1075 2135 1287 2220 introieram‚
1344 2228 1348 2236 .

211 2260 302 2331 uude
322 2267 490 2352 perpetuu
506 2267 542 2331 et
558 2259 634 2353 ipse
657 2256 739 2327 mihi
758 2279 835 2329 sum
856 2257 976 2341 carior,
995 2268 1030 2330 et
1050 2259 1095 2331 de
1112 2259 1171 2332 illo
1188 2281 1289 2332 secu·

210 2382 285 2454 rius
307 2383 440 2474 loquor.
466 2378 607 2470 Amavit
643 2380 780 2451 ille'me
805 2381 932 2452 vivens
958 2389 997 2452 ut
1021 2381 1081 2475 qui
1105 2380 1141 2452 iu
1166 2380 1288 2478 spiritu

211 2506 347 2577 videret
359 2503 426 2576 mei
444 2503 593 2597 pectoris
610 2503 778 2584 ardorem,
800 2524 864 2574 uec
882 2511 965 2597 puto
983 2503 1196 2598 propositum
1213 2504 1289 2578 eius

212 2649 296 2719 erga
318 2650 402 2699 suos
422 2636 532 2700 morte
560 2625 719 2721 tepuerit.
746 2625 929 2718 Nunquam
956 2625 1040 2696 mihi
1066 2637 1160 2698 tanta
1180 2627 1226 2700 de
1250 2627 1291 2700 il-

213 2753 281 2823 lius
300 2770 367 2844 ope
386 2751 449 2822 luit
470 2771 560 2845 spes,
580 2760 708 2843 quauta
730 2748 832 2820 hodie
849 2759 912 2834 est,
931 2749 1072 2841 quando
1090 2771 1157 2821 uon
1174 2748 1290 2822 minus

214 2875 308 2946 illum
328 2875 434 2958 velle,
463 2873 526 2945 sed
552 2873 631 2965 plus
658 2891 761 2965 posse
785 2869 931 2944 confido.
960 2873 1005 2942 El
1030 2872 1110 2965 quia
1135 2871 1291 2944 virorum

214 2997 398 3069 illustrium
412 2998 470 3068 vel
484 2997 557 3068 sola
575 2995 768 3067 recordatio
785 2995 896 3070 dulcis
914 3005 978 3081 est,
997 2993 1156 3068 insistam
1175 2993 1209 3065 in
1227 2995 1293 3068 h'oc

216 3139 376 3193 sermone
401 3117 544 3189 diutius.
565 3115 683 3190 rimari
708 3118 754 3189 ab
777 3118 835 3191 illc
858 3141 1032 3211 coeperam
1057 3118 1187 3212 aliquot
1211 3127 1293 3190 ante

215 3262 334 3325 annue,
357 3263 435 3312 eum
457 3241 493 3311 in
513 3239 723 3334 quibusdam
744 3241 922 3335 opusculis
944 3239 1018 3312 suis
1039 3243 1222 3314 consulere
1241 3241 1294 3313 di-

216 3372 344 3454 gnatus
363 3362 541 3454 ingenium
564 3383 694 3447 meum,
717 3361 912 3434 invenisset
931 3361 1104 3434 interdum
1125 3364 1213 3434 lorte
1232 3363 1295 3434 ali-

215 3485 300 3578 quid
312 3485 406 3578 quod
419 3484 590 3580 probaret,
608 3505 675 3556 non
687 3484 782 3576 quod
796 3492 912 3555 tantus
926 3482 1054 3555 artilex
1065 3482 1124 3555 lali
1135 3484 1295 3576 operario

217 3619 352 3699 egeret;
367 3608 429 3681 sed
442 3606 637 3680 delectabat
650 3629 731 3678 eum
744 3607 901 3699 colloqui,
915 3615 950 3678 et
962 3605 1132 3678 maiorum
1144 3604 1293 3698 ingenia,

219 3737 256 3799 ut
273 3751 349 3802 mos
369 3741 437 3816 est,
460 3733 564 3823 louge
584 3729 660 3801 aliis
686 3728 780 3801 curis
805 3728 1075 3821 occupabantur.
1098 3727 1298 3800 Novissime

218 3873 303 3924 vero
324 3853 369 3925 ad
394 3854 577 3926 eeclesiam
600 3852 797 3924 venientem
824 3850 978 3945 suscepit
1004 3874 1059 3923 me
1079 3860 1223 3945 paterne
1243 3853 1299 3926 ille

219 3976 322 4049 homo
344 3976 421 4062 Dei,
446 3977 540 4070 quod
560 3975 605 4047 de
631 3974 815 4047 Ambrosio
843 3995 907 4047 suo
933 3974 981 4046 ait
1006 3972 1238 4066 Augustinus,
1265 3985 1300 4048 et

218 4100 530 4192 peregrinationem
555 4122 666 4172 meam
686 4099 771 4172 satis
789 4098 1029 4195 episcopaliter
1045 4099 1176 4172 dilexit.
1196 4100 1298 4172 Deni-
