3002 4794
235 304 273 364 {lt
403 362 411 374 ,
580 321 620 367 nn
642 319 742 367 onnus
764 317 986 366 murmannus

234 443 339 505 aestas
361 435 488 507 indicio
512 446 577 507 est.
609 435 708 504 Nunc
733 431 875 526 quidem
900 454 1099 504 muscarum
1125 433 1251 505 domus
1277 457 1319 506 ac

233 559 397 642 culicum,
419 581 567 651 quorum
590 581 748 628 murmur
767 555 947 628 admonuit
966 555 1136 627 maturius
1157 579 1177 628 e
1197 557 1317 629 convi-

233 680 292 751 vio
311 681 536 773 fugiendum3
557 692 593 752 et
612 701 775 750 ranarum
796 677 973 750 exercitus
994 690 1204 763 accesserat,
1226 699 1315 772 quas

233 800 321 872 iuter
350 825 485 875 coenam
519 825 539 872 e
569 801 687 873 caveis
720 801 901 892 ingressas
933 809 969 870 et
1004 822 1067 893 per
1098 803 1314 872 coenaculum

233 924 465 996 nundinantes
487 945 661 996 cerneres.
683 922 792 993 Evasi
810 921 843 992 in
865 921 1064 993 cubiculum
1085 945 1154 994 non
1174 922 1315 1016 quidem

233 1045 315 1116 solis
329 1045 465 1129 fabulis
483 1055 520 1115 ut
533 1045 626 1136 apud
639 1043 800 1114 Milonem
815 1043 949 1136 Hypate
962 1043 1042 1112 olim
1057 1042 1234 1136 Apuleius,
1250 1045 1315 1117 sed

233 1169 437 1240 lautissimis
467 1176 626 1242 coenatus
648 1167 751 1250 cibis;
772 1176 807 1237 et
827 1188 1038 1260 quamquam
1060 1189 1220 1239 somnum
1240 1191 1312 1239 nox

232 1291 441 1363 brevissima
468 1290 646 1375 suaderet,
674 1289 747 1382 egit
776 1299 893 1361 tamen
919 1289 986 1360 viri
1007 1290 1112 1361 huius
1138 1313 1250 1375 amor,
1277 1302 1316 1362 ut

232 1437 361 1506 graves
394 1418 512 1488 oculos
539 1439 580 1486 ac
604 1416 761 1486 defessos
794 1414 922 1506 digitos
952 1415 996 1486 ad
1029 1415 1107 1486 haec
1132 1415 1316 1488 scribenda

233 1541 485 1632 compellerem.
512 1540 577 1609 Est
601 1537 657 1609 hic
682 1538 773 1609 enim
801 1536 885 1608 mihi
906 1537 1121 1622 carissimus
1150 1548 1188 1608 ut
1207 1537 1312 1621 nosti,

232 1659 282 1730 tui
303 1681 443 1750 quoque
463 1659 589 1731 avidus
611 1660 832 1750 miratorque,
851 1658 910 1751 qui
925 1658 969 1730 ad
987 1669 1021 1730 te
1044 1668 1158 1730 tamen
1179 1681 1316 1752 prome-

233 1779 379 1852 rendum
401 1802 438 1850 se
455 1781 616 1852 amicitiae
633 1791 763 1852 nostrae
781 1781 917 1852 viribus
935 1782 1089 1854 adiutum
1107 1793 1220 1878 putet;
1234 1784 1315 1855 hinc

232 1902 276 1972 de
298 1911 332 1972 te
353 1924 508 1996 sperans,
527 1915 564 1975 et
585 1905 631 1974 tui
653 1927 746 1974 nunc
766 1903 908 1995 indigus
928 1906 1073 1990 favoris,
1095 1908 1149 1977 sac
1169 1927 1244 1990 oro,
1267 1905 1315 1976 mi

232 2025 331 2109 Laeli,
359 2036 398 2096 ut
420 2026 515 2118 quod
540 2026 714 2098 ominatur
741 2026 841 2112 sciat,
869 2027 965 2120 quod
996 2037 1116 2120 sperat
1147 2027 1314 2112 inveniat,

232 2148 326 2240 quod
358 2149 445 2244 petit
468 2150 628 2244 accipiat,
662 2171 732 2244 quo
768 2150 902 2242 indiget
927 2152 1137 2246 perfruatur,
1172 2161 1207 2222 et
1236 2153 1315 2222 vale

232 2271 341 2341 nostri
362 2294 506 2344 memor.

316 2463 319 2466 .
374 2416 524 2484 Luciariae‚
539 2417 594 2470 1111
609 2418 670 2472 Kal.
687 2419 788 2486 iulias,
805 2423 884 2472 nocte
900 2417 1001 2472 media.

732 2608 812 2620 ¹——

653 2824 831 2890 nrlsrotl
851 2827 897 2890 Xl.

285 3017 478 3069 rutnclscus
500 3011 670 3070 PETRARGA
691 3020 859 3071 ulconosm
880 3022 1118 3074 nturuonollm
1138 3025 1165 3074 S.
1186 3025 1214 3074 P.
1236 3025 1266 3074 D.

305 3183 343 3237 Se
356 3181 437 3236 illurn
451 3180 519 3236 iaoie
532 3182 658 3253 ignotum
675 3182 709 3237 ob
724 3183 833 3240 virtutis
848 3184 959 3240 laudem
973 3191 1001 3240 et
1013 3185 1117 3240 samam
1132 3201 1240 3255 amare,

349 3277 376 3326 et
389 3271 533 3344 epistolam
547 3289 580 3326 ex
594 3277 665 3328 nutu
678 3273 834 3329 communis
848 3274 929 3328 enrici
942 3273 978 3328 ad
989 3273 1069 3329 illum
1083 3274 1202 3328 mittere.

306 3521 425 3614 sTuus
463 3519 520 3592 hio
558 3529 593 3591 et
626 3519 796 3592 bonorum
830 3521 984 3591 omnium
1019 3519 1171 3604 amiouS,
1207 3528 1312 3611 atque

231 3642 458 3714 honestarum
469 3642 697 3713 amicitiarum
709 3641 997 3734 diligentissimus
1007 3651 1312 3738 proxenetasum-

230 3789 288 3838 mo
309 3766 425 3839 studio
445 3765 578 3851 institit,
600 3775 639 3835 ut
660 3763 721 3835 tibi
742 3765 872 3857 aliquid
894 3765 1094 3837 scriberem.
1112 3763 1213 3848 Quod
1229 3785 1309 3833 curn

230 3887 443 3979 aliquamdiu
468 3909 682 3970 recusarem,
720 3885 863 3978 ignarus
898 3886 990 3958 unde
1023 3886 1223 3978 inciperem,
1250 3895 1311 3956 aut

230 4003 358 4098 quibus
379 4007 499 4079 verbis
520 4009 695 4080 hominem
718 4007 825 4080 solius
850 4010 953 4080 femae
975 4007 1171 4080 testimonio
1191 3987 1311 4099 cogni-

231 4136 302 4198 tum
323 4131 528 4220 alloquerer,
551 4130 657 4202 evicit
677 4130 830 4212 tandem,
852 4139 891 4199 ut
911 4133 1082 4202 calamum
1102 4129 1307 4225 arriperem,
