3062 4798
279 323 339 386 430
618 329 660 379 nn
682 330 783 380 nsaus
804 328 1027 379 rnunmrunus

280 475 370 546 vinci
385 482 529 566 potuere
546 471 715 555 victores;
729 482 765 542 et
781 470 922 542 vincere
940 478 976 540 et
994 468 1087 541 vinci
1100 467 1260 541 bellicum
1276 492 1364 564 opus

279 609 344 667 est.
366 596 532 688 Quisquis
571 596 685 685 longae
720 593 788 664 viae
818 592 1010 684 accingitur
1044 591 1132 663 sciat
1165 591 1291 680 alicubi
1326 614 1364 664 se

280 723 482 813 lapsurum:
510 718 539 789 si
561 740 663 789 secus
684 715 862 799 evenerit,
889 739 994 809 supra
1019 717 1193 791 fortunam
1220 715 1364 788 viatoris

280 843 446 914 evenisse
463 843 612 926 noverit,
636 852 917 935 eventurumque
938 840 1037 911 aliter
1064 841 1093 910 si
1119 841 1258 932 longius
1287 861 1365 934 pro-

280 964 457 1036 cessisset.
476 964 570 1047 Quos
593 971 759 1055 perpetuo
780 962 938 1056 ¹victores·
963 962 1064 1053 legis,
1089 962 1176 1034 scito
1202 961 1279 1033 illos
1305 959 1365 1034 ad-

280 1086 393 1158 versis
415 1086 555 1158 casibus
582 1087 640 1156 vel
669 1086 866 1157 secessione
891 1084 937 1155 ab
967 1084 1089 1166 armis,
1123 1084 1219 1177 quod
1248 1087 1364 1156 forsan

280 1209 440 1280 Africano
454 1230 531 1280 meo
544 1207 683 1292 accidit,
701 1211 758 1280 vel
776 1208 900 1278 festina
920 1218 1031 1280 morte
1044 1217 1253 1301 praereptos3
1270 1207 1365 1300 quod

281 1332 412 1415 multis,
434 1330 545 1403 sedin
564 1330 685 1424 primis
702 1331 816 1418 eidem
833 1329 881 1400 illi
899 1328 1112 1412 Alexandro,
1134 1349 1240 1420 quem
1261 1330 1365 1422 paulo

173 1503 239 1556 ,st
281 1464 361 1554 nate
394 1454 582 1536 nominavi,
611 1453 796 1547 plurimum
831 1452 1070 1525 admirationis
1105 1452 1241 1524 addidit
1272 1451 1366 1544 apud

236 1560 238 1572 '
279 1577 458 1661 indoctoS,
486 1588 523 1648 et
543 1599 653 1669 pauca
674 1587 874 1670 pensantes.
897 1578 946 1647 De
964 1597 1034 1676 quo
1054 1574 1192 1644 Livius:
1217 1603 1234 1640 u
1261 1574 1363 1646 Haud

285 1728 299 1764 n
327 1701 500 1792 equidem,
511 1701 628 1793 inquil,
641 1699 1083 1791 abnuoegregiumducem
1094 1697 1365 1770 fuisseAlexan-

284 1849 299 1886 u
328 1822 440 1905 drum,
461 1823 524 1893 sed
540 1822 720 1894 clariorem
743 1833 858 1894 tamen
880 1845 958 1894 eum
978 1821 1057 1892 fecit
1073 1823 1168 1914 quod
1191 1842 1283 1892 unus
1303 1821 1366 1891 fuit

284 1971 298 2006 u
329 1943 389 2034 qui
414 1943 618 2015 adolescens
652 1944 687 2013 in
712 1943 925 2016 incremento
958 1966 1074 2015 rerum
1103 1944 1256 2015 nondum
1282 1945 1366 2014 alle-

289 2095 303 2130 »
332 2087 405 2136 ram
427 2069 600 2137 fortunam
623 2078 790 2160 expertus
812 2053 981 2139 decessit:
1008 2077 1048 2137 ut
1067 2066 1153 2136 alios
1175 2089 1277 2160 reges
1297 2069 1366 2139 cla-

284 2219 299 2256 »
330 2212 386 2262 ros
413 2190 591 2282 ducesque
611 2191 780 2271 omittam,
808 2212 935 2281 magna
950 2193 1111 2285 exempla
1132 2211 1277 2262 casuum
1300 2191 1366 2261 bu-

286 2341 300 2376 u
331 2334 531 2394 manorum,
568 2313 695 2408 Cyrum
731 2335 834 2406 quem
871 2313 1024 2385 maxime
1059 2312 1170 2384 Graeci
1202 2312 1364 2384 laudibus

284 2464 298 2498 u
328 2435 517 2519 celebrant,
539 2436 623 2530 quid
640 2436 707 2508 nisi
725 2439 827 2528 longa
854 2435 940 2521 vita,
969 2436 1060 2507 sicut
1079 2459 1244 2527 magnum
1263 2435 1364 2507 modo

285 2587 299 2624 ι)
326 2559 534 2650 Pompeium,
559 2561 708 2632 vertenti
728 2560 879 2655 praebuit
904 2561 1076 2630 fortunae‘l
1095 2588 1109 2624 n
1131 2561 1214 2630 Haec
1231 2558 1362 2630 Livius.

280 2683 451 2754 Caeterum
478 2682 543 2753 boc
576 2682 749 2755 adversus
781 2683 916 2754 variam
950 2653 1219 2776 instabilemque
1256 2685 1364 2754 fortu-

279 2828 358 2877 nam
381 2805 462 2910 vitae
483 2805 602 2876 brevis
624 2806 794 2877 auxilium
821 2806 1010 2897 optandum
1032 2805 1124 2876 votis
1145 2804 1362 2876 inconcussae

279 2931 449 3001 felicitatis
468 2951 593 2999 nomen
619 2928 818 3020 optantibus
842 2929 989 3020 singulis
1022 2932 1110 3000 forte
1135 2926 1279 3020 regibus
1304 2935 1363 2998 aut

279 3051 428 3124 ducibus
450 3050 560 3142 possit
580 3049 759 3132 accidere3
786 3051 904 3142 regnis
926 3065 1029 3144 atquc
1049 3051 1193 3126 urbibus
1209 3073 1279 3123 nou
1300 3050 1360 3121 ita:

280 3169 460 3267 quaesunt
479 3194 549 3244 non
569 3173 682 3246 dicam
717 3173 943 3260 immortales,
978 3186 1015 3246 ut
1040 3175 1173 3259 Cicero,
1202 3173 1265 3245 sed
1290 3178 1361 3245 lon·

280 3317 405 3390 gaevae.
441 3298 550 3368 Tanto
584 3295 688 3389 igitur
729 3299 895 3392 temporis
927 3321 1103 3382 excursu,
1138 3306 1233 3369 tanta
1265 3298 1362 3368 velut

279 3432 382 3492 aetate
400 3420 600 3514 reipublicae
620 3420 857 3493 difficillimum
875 3433 931 3494 est
954 3422 1115 3514 quemvis
1136 3419 1360 3493 victoriosum

279 3545 445 3636 populum
467 3553 650 3636 utramque
666 3545 814 3615 fortunae
834 3543 954 3615 facicm
978 3566 1046 3615 non
1072 3544 1219 3627 vidisse,
1248 3553 1285 3614 ut
1301 3561 1361 3611 ne-

280 3667 406 3736 minem
427 3666 518 3737 vinci
545 3665 683 3758 pudeat.
715 3668 826 3756 Roma
859 3667 986 3740 victrix
1016 3668 1170 3738 omnium
1200 3666 1359 3759 quotiens

281 3789 372 3861 victa
391 3793 475 3860 est‘?
496 3791 617 3862 Testes
639 3800 721 3862 sunt
741 3779 925 3863 infelicium
948 3791 1146 3884 praeliorum
1163 3789 1251 3870 dies,
1273 3807 1360 3881 quos

279 3909 315 3980 in
334 3912 518 3984 annalibus
539 3913 736 4010 damnatos,
760 3928 866 3998 atros,
888 3914 1073 3999 infaustos
1096 3909 1360 3983 innominabiles

279 4051 320 4101 ac
340 4033 504 4104 funebres
537 4047 685 4110 vocant:
717 4047 889 4110 testantur
916 4036 1025 4108 tristis
1050 4038 1124 4107 loca
1158 4032 1358 4113 memoriae,

278 4146 378 4233 Allia,
406 4155 583 4242 Cremera,
607 4160 778 4244 Ticinum,
807 4160 943 4244 Trebia,
967 4161 1206 4242 Trasimenus,
1221 4157 1357 4238 Cannae,
