2988 4800
241 321 298 382 lat
583 332 623 378 un
646 330 747 379 araus
769 329 989 379 ruurnmnrnus

242 471 420 552 Claudius,
443 469 527 540 dum
548 467 736 539 luminibus
757 477 878 560 captus
906 451 1152 560 rempublicam
1178 469 1325 542 consilio

242 593 473 686 gubernaret?
492 592 686 684 Operosum
706 601 761 662 est
781 591 896 661 omnia
921 592 1082 682 gloriosae
1107 595 1326 686 paupertatis

240 718 402 808 exempla
420 716 590 806 colligere.
610 713 734 786 Audeo
751 724 865 784 tamen
884 712 1071 798 affirmare,
1089 715 1170 786 licet
1186 714 1326 788 obstre-

240 849 300 934 pat
319 836 517 922 multitudo,
551 837 600 907 nil
628 837 743 928 magis
777 857 883 928 quam
918 858 1153 928 supervacuas
1180 838 1325 910 divitias

187 984 189 988 ’
240 963 366 1033 obesse
386 961 591 1044 virtutibus,
619 971 668 1043 et,
695 982 740 1030 ne
773 968 886 1030 certas
908 959 1066 1030 notiones
1089 982 1129 1031 ac
1149 961 1324 1034 radicatas

241 1086 440 1158 medullitus
462 1085 641 1179 opiniones
664 1084 868 1165 convellam,
896 1082 990 1174 quod
1017 1083 1106 1154 inter
1134 1085 1324 1177 scriptores

241 1231 357 1280 rerum
377 1219 523 1293 constat,
547 1210 690 1279 Romam
713 1205 889 1277 victricem
911 1205 1067 1297 gentium
1088 1207 1205 1278 vicere
1231 1208 1325 1280 divi-

240 1333 309 1417 tiae,
332 1353 397 1402 neo
416 1330 561 1402 dubium
582 1341 637 1402 est
656 1352 725 1400 una
745 1330 939 1420 eademque
956 1329 1065 1399 viaet
1082 1340 1323 1424 paupertatem

240 1477 419 1528 romanam
433 1455 600 1537 exivisse,
616 1463 650 1524 et
667 1453 854 1546 peregrina
875 1451 1094 1524 subintrasse
1113 1453 1253 1544 flagitia.
1273 1457 1325 1526 lta

240 1580 334 1672 quod
363 1577 516 1650 maxime
549 1585 651 1646 nocet
683 1574 875 1646 rectoribus
908 1575 1103 1658 civitatum,
1139 1576 1175 1647 id
1208 1577 1265 1647 isti
1291 1576 1324 1648 ei

240 1702 392 1772 maxime
412 1702 631 1793 profuturum
648 1708 779 1793 putant,
800 1699 885 1782 sive,
904 1698 998 1790 quod
1016 1699 1131 1792 potius
1150 1721 1238 1782 reor,
1257 1723 1323 1794 pu-

57 1808 61 1824 ’
136 1881 139 1888 χ
241 1835 314 1895 tare
349 1846 387 1894 se
422 1824 595 1893 simulant.
630 1820 814 1914 Reliquum
840 1832 894 1892 est
921 1829 959 1891 ut
984 1820 1158 1892 veriorem
1178 1843 1320 1893 causam

240 1947 450 2040 praesidendi
472 1945 643 2041 cupidinis
665 1945 892 2037 inquiramus.
915 1944 967 2016 lla
988 1966 1072 2015 vero
1093 1967 1163 2014 nun
1183 1945 1251 2014 alte
1271 1947 1321 2015 lo-

241 2071 415 2145 dientibus
429 2079 560 2164 praesto
573 2081 637 2141 est.
653 2069 780 2142 Omitto
793 2069 984 2154 avaritiam,
1000 2092 1090 2162 quae,
1106 2071 1172 2141 etsi
1187 2071 1322 2161 magnis

240 2196 376 2268 indiciis
391 2204 555 2290 suspecta
569 2195 627 2282 sit,
650 2205 791 2290 propter
812 2193 1031 2264 honestatem
1052 2195 1244 2286 quamdam
1261 2218 1323 2266 no

242 2318 364 2390 minari
385 2319 420 2388 in
439 2318 504 2390 hoc
530 2339 691 2390 sermone
712 2317 796 2389 mibi
823 2315 965 2388 videtur
990 2316 1131 2408 quidem
1157 2317 1319 2408 indigna,

242 2464 284 2513 eo
297 2439 392 2534 quod
403 2463 445 2512 ea
463 2442 498 2511 in
514 2441 640 2513 animis
651 2441 824 2513 nobilibus
840 2439 1040 2531 turpissime
1056 2439 1201 2524 habitat,
1218 2440 1321 2512 immo

238 2565 359 2656 procul
382 2564 462 2634 inde
482 2566 616 2648 exulat;
640 2565 702 2636 sed
723 2567 846 2656 loquor
871 2587 962 2634 nunc
983 2565 1027 2636 de
1049 2555 1227 2636 nobilita'te
1246 2566 1323 2634 vul-

241 2688 327 2780 gari.
350 2687 554 2780 Superbiam
576 2687 681 2780 igitur
703 2689 814 2758 solum
835 2686 914 2758 dico
934 2708 1117 2759 commune
1138 2684 1322 2757 nubilitatis

240 2814 382 2896 malum,
406 2821 445 2881 ut
465 2811 650 2882 Sallustius
672 2810 732 2894 ait,
756 2834 825 2882 non
844 2811 964 2903 utique
982 2832 1107 2882 novam
1133 2821 1269 2904 pestem
1290 2809 1323 2878 in

240 2934 428 3027 republica.
451 2933 631 3026 Siquidem
656 2943 692 3002 et
717 2955 820 3004 veros
843 2934 919 3004 illos
940 2943 976 3005 et
992 2944 1133 3005 veteres
1151 2935 1323 3004 Romanos

240 3056 367 3148 attigit,
390 3057 549 3148 interque
568 3055 719 3128 virtutes
740 3056 912 3126 maximas
934 3056 1063 3128 lividus
1085 3066 1199 3127 tumor
1224 3054 1323 3126 obre-

240 3180 325 3271 psit,
350 3200 488 3272 semper
508 3190 624 3250 tamen
645 3178 849 3252 humilitatis
871 3179 1044 3270 gravitate
1063 3198 1321 3270 compressum,

241 3311 360 3372 vestro
381 3312 416 3372 et
435 3325 543 3389 nunc,
569 3310 607 3372 ut
624 3324 739 3397 spere,
763 3302 1004 3394 gloriosissimi
1027 3311 1158 3395 patres,
1184 3300 1323 3370 arbitrio

242 3425 552 3520 comprimendum.
575 3427 689 3518 Egere
711 3425 853 3497 videtur
872 3447 930 3496 res
951 3427 1127 3518 exemplo.

344 3550 415 3620 larn
435 3544 480 3619 ab
500 3549 596 3620 initio
616 3549 715 3643 plebs
736 3571 878 3621 romana
899 3549 1098 3620 inhumanis
1119 3548 1255 3619 iniuriis
1277 3549 1324 3616 al

243 3675 340 3758 lecta,
365 3694 448 3744 suos
470 3673 698 3764 magistratus
715 3681 752 3744 et
768 3672 936 3744 libertatis
958 3671 1136 3763 ambiguae
1156 3680 1319 3765 patronos

243 3817 283 3864 ac
304 3797 462 3868 vindices
482 3795 659 3891 poscebat.
678 3793 758 3866 Acri
776 3795 938 3868 nobilitas
960 3795 1149 3866 adversata
1169 3794 1323 3865 luctami-

244 3938 300 3984 ne:
324 3917 403 3987 hinc
424 3919 459 3987 in
481 3940 620 3989 sacrum
642 3928 794 3989 montem
816 3918 926 4012 prima
949 3916 1113 3988 secessio.
1141 3916 1231 3988 Vicit
1253 3925 1323 3986 tan·

158 4073 159 4076 ¹
243 4038 324 4107 dem
346 4040 546 4134 superbiam
567 4039 732 4111 nobilium
751 4040 886 4133 plebeia
903 4039 1050 4123 iustitia,
1069 4048 1117 4123 et,
1137 4041 1323 4110 reclaman-

242 4159 336 4232 tibus
352 4162 585 4255 nequidquam
603 4160 773 4255 patrioiis,
794 4171 876 4232 tunc
893 4163 1043 4255 primum
1063 4163 1177 4234 calcar
1190 4161 1323 4233 unicum
