2958 4804
247 343 307 406 300
584 355 625 403 ns
648 355 748 403 nesus
770 353 991 402 rnurtrtnrsus

245 493 293 564 ita
310 492 394 574 sint,
413 490 535 574 laoilis,
555 489 624 560 nisi
639 490 746 573 lallor,
765 489 995 582 inposterum
1017 490 1153 560 cautela
1174 500 1240 560 est.
1258 490 1322 560 Ve-

247 624 302 685 tus
315 621 371 685 est
385 611 545 695 verbum,
560 613 668 682 multa
682 610 761 682 ideo
774 614 863 683 male
883 609 958 683 fieri
975 612 1072 703 quod
1089 609 1322 684 tantummodo

247 738 356 808 semel
382 733 482 820 fiant,
509 755 623 826 neque
646 733 691 806 sit
717 732 852 806 reditus
878 736 988 808 semel
1014 732 1224 810 errantibus.
1252 734 1328 806 Vos

204 859 206 866 ’
245 879 315 929 una
341 865 444 928 aetate
469 857 523 930 bis
548 857 679 941 felices,
700 857 785 950 quid
810 877 874 928 vos
896 855 1180 950 praecipitaverit,
1203 857 1323 950 quida

245 980 357 1072 prima
374 980 535 1052 felicitate
560 979 726 1052 deiecerit
750 979 970 1064 meministis;
992 981 1219 1074 nequeenim
1240 981 1324 1052 anti-

244 1125 314 1194 qua
335 1123 392 1174 res
411 1113 481 1173 est:
503 1101 696 1174 domestico
717 1101 931 1174 memorabili
951 1123 993 1174 ac
1014 1101 1145 1174 recenti
1166 1105 1323 1197 exemplo

245 1224 335 1296 docti
357 1225 459 1310 estis,
481 1246 552 1317 quo
584 1225 662 1318 plus
693 1224 879 1310 felicitatis,
908 1245 951 1296 eo
984 1224 1107 1298 maiori
1131 1246 1221 1318 opus
1246 1245 1324 1297 esse

245 1349 415 1422 custodia.
437 1349 570 1420 Tenera
589 1347 682 1430 enim
708 1370 766 1419 res
789 1357 845 1420 est
865 1348 1019 1419 humana
1038 1349 1266 1442 prosperitas,
1292 1357 1325 1420 et

246 1493 377 1565 anceps
410 1481 447 1543 et
473 1471 617 1543 lubrica.
639 1469 757 1543 Nostis
783 1471 830 1541 nil
850 1469 952 1542 vobis
985 1469 1053 1542 nisi
1085 1493 1182 1544 arma
1209 1481 1325 1542 vestra

246 1605 349 1688 atque
364 1595 561 1667 intestinam
576 1594 787 1666 discordiam
805 1594 979 1666 nocuisse.
993 1594 1047 1664 En
1061 1593 1182 1666 vivere
1202 1593 1324 1666 iterum

246 1716 410 1812 incipitis:
437 1716 675 1806 recognoscite
700 1737 847 1808 gressus
874 1725 1027 1800 vestros,
1062 1727 1098 1787 et
1129 1727 1253 1790 cavete
1284 1737 1326 1790 ue

246 1838 380 1910 eisdem
394 1836 552 1928 vestigiis
569 1838 691 1909 eodem
709 1838 922 1910 relabamini.
939 1838 974 1910 Si
988 1838 1054 1910 hoc
1069 1836 1244 1926 caveritis,
1259 1863 1327 1914 cae-

247 1969 321 2031 tera
342 1970 415 2031 tuta
437 1969 533 2044 sunt;
555 1959 706 2033 victores
732 1960 894 2035 exomni
915 1961 987 2033 acie
1009 1959 1177 2032 redibitis.
1206 1960 1327 2052 Amate

246 2101 311 2154 vos
332 2082 496 2166 invicem,
519 2090 635 2155 amate
655 2082 837 2168 iustitiam,
857 2095 970 2156 amate
991 2105 1128 2180 pacem,
1147 2094 1184 2155 et
1204 2084 1236 2156 si
1258 2094 1328 2157 stu-

245 2202 342 2276 dium
363 2202 443 2276 belli
466 2214 571 2289 tenet,
591 2205 637 2276 ite
658 2205 694 2276 in
714 2204 805 2277 bella
825 2205 978 2277 feliciter.
1001 2207 1185 2301 Nunquam
1206 2207 1327 2281 hostes

246 2324 405 2397 deerunt.
428 2327 574 2398 Tantum
595 2326 695 2399 bellis
715 2326 876 2400 civilibus
897 2326 1080 2402 abstinete.

388 2473 534 2545 avinione,
550 2473 683 2530 Kalendis
696 2474 867 2531 Novembris.

665 2894 844 2960 EPISTOLA
864 2896 909 2960 vl.

326 3079 521 3130 rannmsctts
541 3079 712 3130 Psrntnca
732 3081 806 3131 DUCl
827 3081 868 3131 ΕΤ
889 3081 1034 3132 CONSILIO
1055 3081 1253 3132 ttmt’usmcm

630 3185 798 3236 lintrensis
819 3187 845 3236 S.
867 3189 895 3236 P.
918 3188 947 3235 l).

267 3351 389 3406 Latatur
401 3350 507 3406 ballum
522 3351 605 3407 abiis
619 3367 683 3407 oum
697 3367 762 3423 rege
773 3316 950 3424 susceptum,
965 3353 1147 3426 hortaturque
1161 3358 1193 3408 ut
1207 3354 1236 3408 in
1253 3353 1312 3409 eius

562 3440 676 3496 exitium
690 3445 849 3497 constanter
863 3441 1017 3498 conficiant.

347 3674 449 3758 Quod
469 3671 631 3766 optabam
653 3672 772 3744 video:
794 3673 840 3744 ab
860 3682 940 3744 ortu
959 3672 1005 3745 ad
1025 3693 1189 3744 occasum
1213 3673 1329 3746 victri-

248 3799 300 3870 cia
323 3777 423 3890 signa
442 3795 657 3869 convertitis.
676 3795 739 3867 Hic
756 3816 879 3889 precor
899 3794 1101 3880 incumbite,
1121 3794 1189 3865 viri
1205 3796 1326 3880 sortes,

248 3915 442 4012 hoc'agite:
465 3918 529 3991 hoc
555 3920 664 4012 pium,
691 3918 758 3990 hoo
782 3919 927 4003 iustum,
962 3917 1028 3989 hoc
1062 3926 1235 4002 sanctum,
1264 3919 1330 3991 hoc

248 4040 388 4112 minime
409 4039 560 4113 italicum
581 4040 710 4112 bellum
731 4049 800 4124 est;
822 4041 878 4113 hio
897 4040 947 4112 rei
967 4038 1126 4111 militaris
1144 4036 1330 4112 artificium

248 4169 353 4253 atque
373 4159 507 4232 animos
528 4183 709 4245 exercere,
733 4161 789 4233 hic
810 4183 875 4234 vos
896 4161 1061 4256 impetum
1090 4160 1189 4254 sequi
1210 4161 1326 4253 cupio,
