2958 4804
362 369 455 422 nrnnn
477 369 987 430 onlnrusuno1uus.-nrrsrcna
1009 378 1037 424 v.
1177 363 1237 426 293

132 529 197 579 me
224 506 372 599 negotio
390 506 577 579 miscuisse
592 506 737 593 dicerer,
756 531 836 581 cum
854 532 916 582 nec
934 510 1109 583 hominem
1130 512 1238 584 dede-

132 639 222 700 ceat
255 629 432 716 humanis,
461 651 525 702 nec
553 630 703 702 italicum
731 631 855 704 italicis
882 633 983 705 malis
1005 634 1117 728 tangi,
1145 645 1182 707 et
1207 636 1235 708 si

134 748 225 823 lieri
250 751 362 846 possit
382 773 582 836 occurrere3
609 774 678 847 qua
711 755 746 825 in
772 775 811 826 re
836 753 905 826 nisi
930 726 1016 828 fallit
1035 756 1233 842 aestimatio,

136 875 237 946 nulli
258 859 317 945 me
337 874 452 946 animo
474 874 664 947 secundum
686 875 783 948 facio.
801 876 900 949 Nunc
918 877 1056 949 tandem
1076 878 1236 950 inclinata

137 998 219 1068 iam
241 1019 296 1082 re,
319 1019 383 1068 nec
403 997 534 1090 exiguo
555 999 725 1092 sanguine
742 999 920 1092 mitigatis,
941 1009 979 1071 ut
995 1000 1160 1086 arbitror,
1180 1023 1235 1072 ar-

139 1119 299 1192 doribus
320 1118 491 1203 odiorum,
515 1119 609 1192 baud
630 1121 713 1192 mihi
733 1121 896 1216 deinceps
917 1121 1159 1218 intempestive
1186 1124 1237 1194 vi-

142 1240 239 1314 deor
258 1243 415 1314 facturus
438 1243 480 1328 si,
504 1252 542 1314 ut
561 1242 609 1316 ita
629 1243 794 1330 dixerim,
817 1245 971 1338 receptui
988 1245 1156 1318 cecinero.
1180 1244 1236 1317 ld-

144 1387 223 1459 que
261 1366 351 1439 adeo
387 1365 539 1440 fidenter
574 1390 642 1441 non
676 1369 848 1454 iacerem,
882 1371 951 1442 nisi
987 1393 1108 1444 eorum
1146 1351 1235 1464 quos

146 1489 314 1582 alloquor
331 1510 447 1562 mores
464 1499 617 1562 nossem.
635 1491 736 1562 Nulla
754 1512 841 1582 gens
859 1495 915 1564 vel
933 1492 968 1562 in
984 1491 1073 1564 bello
1090 1493 1236 1566 ferocior

146 1613 211 1682 vel
236 1611 273 1681 in
293 1610 439 1684 victoria
472 1613 656 1684 humanior
677 1613 871 1706 mitiorque.
893 1613 1044 1686 Vicistis.
1065 1612 1237 1707 Conquie-

151 1734 257 1820 scite,
281 1757 325 1807 ne
342 1735 421 1830 quis
443 1757 508 1806 vos
526 1744 725 1808 vestrorum
744 1758 878 1808 morum
901 1746 998 1829 putet
1014 1735 1150 1808 oblitos.
1169 1735 1235 1806 Ne-

150 1881 223 1950 que
244 1859 374 1930 etenim
394 1857 589 1930 illustribus
611 1867 745 1930 tantum
765 1859 850 1930 viris
869 1880 909 1931 ac
926 1860 1073 1954 populis,
1094 1856 1157 1930 sed
1176 1882 1236 1932 nc-

150 1978 283 2053 bilibus
303 1981 406 2053 etiam
428 1982 511 2052 ieris
532 1982 618 2053 satis
638 1991 694 2052 est
714 1981 855 2064 vicisse,
878 1981 1090 2072 ignobilibus
1116 1993 1234 2054 autem

154 2103 286 2173 saevira
306 2103 451 2176 ulterius
472 2111 527 2174 est
547 2106 723 2197 voluptas,
746 2125 811 2175 nec
831 2101 976 2174 victoria
1002 2104 1077 2174 sitis
1098 2105 1233 2175 cruoris

153 2224 382 2316 extinguitur.
407 2226 480 2298 Vos
506 2226 611 2317 igitur
643 2224 897 2298 humanissima
922 2235 1064 2319 pectora
1091 2224 1157 2296 iam
1184 2226 1237 2296 vi-

153 2347 280 2420 ctrices
302 2349 446 2422 dextras
467 2373 489 2422 a
510 2347 680 2440 sanguine
698 2346 869 2419 cohibete.
889 2347 1019 2418 Tulerit
1034 2346 1113 2418 belli
1132 2367 1236 2419 casus

156 2492 217 2543 eos
238 2471 299 2564 qui
319 2473 353 2543 in
373 2472 494 2568 praelio
514 2482 733 2545 corruerunt:
751 2471 854 2543 luerit
872 2469 957 2542 illud
977 2470 1110 2543 martiae
1128 2469 1236 2540 virtu·

156 2593 215 2664 tis:
238 2603 274 2664 at
295 2594 458 2690 reliquias
479 2595 586 2666 armis
606 2594 769 2666 insectari
795 2615 864 2664 non
885 2601 941 2664 est
966 2600 1097 2664 vestrae
1118 2594 1238 2664 lenita-

156 2717 211 2787 tis.
234 2717 356 2811 Neque
376 2719 469 2790 enim
489 2729 545 2791 est
564 2719 663 2792 facile
684 2719 771 2790 inter
792 2718 960 2790 micantes
981 2719 1126 2788 telorum
1144 2719 1237 2789 acies

155 2851 281 2917 exacto
302 2862 448 2935 prorsus
469 2841 631 2914 examine
651 2839 778 2913 librare
801 2839 950 2932 singula,
973 2861 1077 2932 quem
1097 2839 1237 2910 stillanti

157 2965 273 3056 gladio
286 2963 400 3048 leriae,
410 2962 502 3034 unde
516 2985 657 3035 manum
671 2963 841 3034 retrahas.
856 2962 980 3035 Omnia
993 2961 1115 3034 miscet
1127 2961 1236 3055 impe-

157 3097 214 3157 tus
227 3086 402 3179 ardorque
416 3085 653 3179 pugnantium,
667 3084 727 3179 qui
742 3085 801 3156 ubi
816 3086 953 3169 resedit,
964 3082 1135 3179 rediitque
1142 3095 1236 3156 tran-

155 3208 309 3302 quillitas
330 3209 537 3292 animorum,
561 3207 665 3280 simul
682 3217 717 3280 et
734 3207 851 3282 iudicii
873 3208 1015 3280 libertas
1037 3207 1237 3280 intermissa

157 3330 357 3428 reuertitur,
380 3341 453 3402 tum
480 3332 618 3401 frenare
643 3331 796 3403 animum
823 3330 937 3414 decet,
964 3341 999 3400 ct
1024 3331 1238 3404 humanitate

158 3451 300 3524 notabili
321 3451 465 3544 dignum
487 3472 567 3524 sese
588 3451 736 3545 probare
758 3451 911 3522 victoria.
933 3451 1034 3534 Quod
1055 3451 1150 3523 haud
1174 3450 1240 3522 du-

156 3572 212 3645 bie
232 3573 330 3646 iacile
351 3573 585 3669 praestabunt,
607 3573 736 3666 quibus
756 3593 826 3645 non
852 3593 944 3677 nova
963 3578 999 3641 et
1019 3570 1156 3642 insueta
1182 3592 1238 3642 res

155 3705 212 3770 est
231 3696 382 3769 vincere.
406 3697 571 3770 Insolenti
591 3695 684 3768 enim
711 3695 840 3788 gaudio
865 3694 1062 3788 praecipites
1088 3702 1240 3785 aguntur
1305 3766 1307 3771 ,

155 3822 254 3892 leves
276 3821 398 3902 animi,
420 3831 455 3893 et
471 3823 618 3893 lraenum
640 3818 782 3892 rationis
804 3817 937 3890 excutit
956 3814 1136 3911 repentina
1153 3815 1240 3886 laeti-

157 3943 211 4016 tia.
233 3944 343 4016 Vobis
364 3945 506 4016 vincere
526 3945 595 4014 iam
622 3943 656 4012 in
682 3939 970 4014 consuetudinem
996 3957 1141 4010 versum
1167 3946 1237 4019 est,

157 4075 310 4158 quotque
327 4087 390 4161 per
407 4063 528 4137 orbem
550 4074 720 4136 terrarum
733 4061 823 4134 bella
839 4060 1077 4146 lanuensium,
1097 4058 1239 4131 totidem

158 4185 313 4260 victoriae
326 4195 567 4260 numerantur.
584 4185 693 4262 Maria
712 4206 818 4279 prope
835 4182 987 4257 omnium
1007 4182 1162 4277 gentium
1181 4203 1241 4254 ue-
