2958 4804
235 387 241 398 ·
338 408 431 457 LIBER
452 407 735 458 DECIMUSTERTIUS.
749 408 952 456 -Eulsloul
975 409 992 456 l.
1140 396 1193 456 *lli

117 547 244 616 vulnus
263 545 351 615 illud
368 545 477 636 prima
496 543 625 618 scilicet
642 543 885 616 adolescentiae
904 553 1001 638 parte
1020 567 1196 639 perpesso.

118 667 185 738 Sed
205 676 247 738 ut
267 666 314 738 ad
339 689 412 737 reni
434 669 587 752 veniam,
615 678 725 759 pater,
761 667 879 740 audivi
894 685 897 690 ·
913 668 1003 753 heri,
1025 691 1104 739 cum
1129 669 1197 740 iam

118 794 445 887 advesperasceret,
469 813 644 863 rumorem
666 800 831 864 moestum
845 813 885 862 ac
906 791 1064 876 flebilem,
1080 791 1198 862 audivi

117 937 305 988 moerorem
324 923 420 986 tuum
437 925 472 986 et
490 923 597 986 testes
615 914 752 1008 pietatis
766 913 907 986 eximiae
924 915 1093 998 lacrimae,
1109 935 1198 1007 quas

117 1061 187 1110 non
209 1039 314 1110 modo
334 1061 401 1110 non
427 1037 597 1132 improbo,
633 1039 697 1110 sed
730 1039 832 1110 valde
867 1037 970 1111 etiarn
1003 1037 1125 1132 probo,
1152 1039 1199 1112 ita

116 1173 233 1234 tamen
254 1162 284 1233 si
305 1161 444 1244 breves,
466 1163 495 1232 si
513 1161 651 1246 sobriae,
673 1163 702 1233 si
719 1161 888 1234 modeste
909 1163 1047 1246 fuerint,
1066 1185 1198 1255 easque

116 1287 209 1358 adeo
225 1295 318 1358 certe
338 1307 407 1356 non
427 1284 599 1379 improbo,
623 1294 661 1356 ut
682 1305 751 1356 non
772 1295 842 1357 tam
867 1285 982 1358 vicina
1002 1307 1074 1358 nox
1094 1287 1141 1358 ad
1164 1297 1198 1358 te

118 1406 310 1488 confestim,
326 1415 467 1498 accepto
485 1428 630 1489 rumore,
651 1415 904 1500 properantem,
919 1427 1023 1498 quam
1037 1406 1198 1498 cogitatio

120 1531 176 1602 illa
196 1530 399 1602 retraxerit:
425 1529 548 1600 demus
570 1551 673 1600 unam
695 1541 828 1602 noctem
851 1529 1043 1602 iustissimo
1070 1529 1196 1612 dolori,

121 1655 245 1726 demus
279 1651 396 1745 pietati
431 1651 600 1746 spatium;
634 1651 719 1724 fluat
754 1662 945 1726 nocturnus
978 1653 1196 1726 lacrimarum

121 1776 245 1860 imber,
268 1797 338 1868 quo
359 1774 514 1846 serenior
528 1774 702 1846 crastinus
720 1775 797 1852 dies
815 1775 987 1850 adveniat.
1004 1775 1095 1860 Quid
1112 1797 1198 1848 vero

122 1923 211 1972 nunc
244 1899 382 1971 dicam?
414 1899 526 1970 Unum
561 1900 676 1992 potius
710 1899 986 1972 recentissimum
1015 1902 1118 1972 animi
1149 1904 1196 1972 tui

125 2025 249 2094 vulnus
278 2021 453 2114 attingam.
476 2022 585 2092 Mater
613 2021 671 2092 tibi
698 2021 901 2096 dulcissima
927 2025 1038 2116 periit,
1060 2046 1142 2118 quae
1168 2025 1197 2096 si

121 2145 201 2216 nibil
223 2145 318 2219 aliud
337 2144 420 2217 felix
440 2155 500 2218 aut
519 2146 708 2217 iucundum
730 2145 912 2218 habuisset
932 2146 966 2215 in
988 2147 1068 2228 vila,
1090 2169 1195 2238 quam

122 2267 214 2362 quod
246 2277 281 2338 te
314 2269 416 2339 talem
442 2265 550 2338 lilium
571 2267 705 2360 genuit,
728 2288 830 2338 nenio
855 2266 938 2336 mihi
964 2265 1196 2336 felicissimam

121 2391 271 2484 negabit.
292 2390 449 2462 Cornelia
462 2389 604 2462 illustris
623 2389 750 2460 femina
762 2386 913 2460 Africani
931 2385 1013 2474 filia,
1028 2389 1199 2460 Graccho·

120 2539 193 2586 rurn
217 2524 343 2597 mater,
366 2515 447 2586 dum
471 2511 559 2586 filios
577 2512 703 2585 acerba
719 2524 829 2584 morte
847 2522 1014 2586 mactatos
1033 2523 1197 2593 cerneret,

118 2636 412 2732 complorantibus
436 2637 638 2708 mulieribus
661 2658 741 2729 quae
764 2636 923 2718 aderant,
953 2645 989 2708 et
1016 2635 1108 2706 illam
1135 2635 1199 2706 rni-

120 2785 234 2834 seram
276 2761 461 2834 identidem
498 2760 647 2832 feminea
686 2758 933 2831 vociferatione
970 2757 1196 2840 iactantibus

121 2905 177 2974 epo
198 2906 279 2955 cero
300 2906 470 2974 nunquam
491 2906 555 2967 me,
578 2881 699 2975 inquit,
721 2884 875 2952 emiseram
895 2883 1035 2976 fatebor,
1057 2903 1129 2974 que
1149 2893 1199 2950 ta-

114 3011 165 3079 les
184 3009 271 3102 filios
289 3009 399 3099 penei.
426 3006 529 3091 Quod
555 3006 585 3078 si
609 3005 698 3078 dixit
724 3005 780 3078 illa
806 3002 885 3078 filiis
913 3005 987 3078 suis
1013 3005 1198 3087 extinctiS,

120 3132 213 3224 quid,
234 3141 268 3202 te
284 3115 368 3202 vivo
385 3140 420 3201 et
441 3127 611 3214 incolumi,
629 3127 745 3200 dicere
761 3127 872 3222 potuit
891 3139 1002 3201 mater
1022 3131 1101 3202 tua‘?
1122 3130 1200 3222 lpsa

122 3265 159 3354 ιθΛ
173 3256 255 3325 alvo
276 3251 422 3344 gravida
440 3273 552 3344 usque
573 3251 608 3320 in
628 3249 799 3321 decimum
821 3273 977 3322 inensem
997 3273 1077 3320 curn
1104 3250 1201 3320 fasti-

120 3379 177 3450 dio
198 3399 240 3449 ac
261 3377 378 3448 labore
398 3375 564 3468 gestavit,
587 3375 663 3466 ipsa
682 3397 760 3446 cunr
783 3374 911 3466 gaudio
937 3396 976 3445 ac
1000 3373 1119 3444 dolore
1140 3396 1201 3466 pc.-

121 3502 223 3594 perit,
253 3499 387 3594 ipsein
411 3498 510 3570 cunis
543 3497 656 3592 posito
687 3512 848 3568 somnum
869 3495 996 3566 blando
1023 3517 1199 3566 murmure

122 3625 244 3706 suasit,
263 3623 340 3715 ipsa
356 3620 450 3693 molli
469 3618 576 3690 fascia
592 3619 795 3690 obvolutum
813 3620 1080 3710 vagientemque
1101 3617 1200 3687 dulce

121 3761 209 3811 onus
230 3741 393 3831 amplexa
412 3748 479 3820 est,
499 3738 574 3832 ipsa
593 3745 781 3828 reptantem
801 3733 934 3816 sedula,
958 3733 1034 3826 ipsa
1054 3751 1199 3821 gressus

122 3861 304 3954 ambiguos
318 3872 504 3933 tentantem
519 3859 663 3954 trepida,
680 3859 755 3951 ipsa
768 3854 954 3930 coaetaneis
968 3853 1196 3926 colludentem

124 3983 243 4069 anxia,
266 3983 344 4076 ipsa
364 3992 537 4076 petentem
560 3984 697 4055 scholas
715 4003 861 4074 puerum
879 3979 1036 4062 sollicita,
1056 3977 1131 4072 ipsa
1146 4000 1200 4047 re-

123 4101 245 4173 ducem
268 4101 524 4173 adolescentem
545 4103 626 4170 laeta
645 4095 839 4190 conspexit.
863 4095 934 4166 Sibi
955 4095 1022 4166 iam
1044 4095 1196 4176 iuvenis,

122 4221 185 4294 iam
208 4225 276 4308 vir,
300 4223 367 4295 iarn
390 4222 543 4316 sapiens,
568 4222 634 4294 iarn
655 4221 792 4305 doctus,
816 4220 882 4292 iam
905 4222 976 4292 Deo
997 4230 1031 4290 et
1051 4218 1200 4291 bomini-
