3078 4798
276 312 336 372 alo
434 333 440 346 ’
613 325 654 372 un
674 323 775 372 annus
798 321 1021 371 Fllllbllltlbbs

276 482 331 530 me
351 479 457 550 agere
477 455 622 549 dignum
641 468 754 551 putes.
776 455 822 527 At
844 479 950 529 unum
972 455 1032 527 tibi
1050 477 1120 528 non
1136 455 1279 530 excidat
1296 479 1359 540 me,

275 582 305 653 si
327 581 429 652 detur
449 580 542 673 optio
563 578 684 664 libera,
704 580 807 671 longe
826 581 967 652 Romam
986 579 1071 651 locis
1088 578 1251 651 omnibus
1271 600 1362 672 prae·

274 707 377 786 ferre,
405 703 500 796 quod
525 704 572 774 ita
602 724 684 774 esse
717 700 827 772 verbo
861 723 1001 795 semper
1033 701 1184 786 ostendi,
1211 711 1248 774 et
1274 703 1361 797 ipsis

275 825 508 898 ostendissem
529 825 650 909 rebus,
674 825 704 895 si
730 825 798 896 mei
823 823 955 896 arbitrii
976 824 1217 926 luissem3Fui
1243 835 1361 898 autem

276 950 344 1022 sub
364 949 508 1021 arbitrio
529 950 690 1032 fortunae,
713 949 770 1019 eui
791 968 894 1038 reges
920 947 1163 1040 principesque
1190 956 1362 1022 terrarum

277 1072 443 1157 subsunt,
466 1083 501 1143 et
521 1071 577 1142 oui
598 1069 633 1141 in
655 1069 759 1141 rebus
780 1068 943 1140 humanis
963 1079 1091 1161 praeter
1113 1070 1259 1145 solidam
1280 1093 1362 1144 oon-

279 1205 558 1287 summatamque
578 1192 758 1276 virtulem,
777 1213 798 1264 a
816 1213 886 1284 qua
904 1192 1023 1285 procul
1040 1191 1179 1278 absum,
1195 1193 1240 1264 nil
1258 1216 1363 1289 pror·

277 1338 340 1388 sus
361 1315 538 1387 eximitur.
561 1314 661 1387 Nunc
680 1336 766 1406 ergo
799 1334 869 1405 quo
903 1313 1015 1406 magis
1035 1315 1155 1400 dilato,
1182 1337 1224 1387 eo
1250 1319 1363 1409 magis

277 1438 413 1511 ardenti
433 1439 608 1512 desiderio
633 1438 713 1508 illuc
739 1435 868 1507 trahor.
895 1421 1015 1530 ltaque
1049 1437 1099 1508 sic
1127 1435 1270 1524 habeto,
1297 1440 1363 1512 hoo

277 1560 382 1654 affige
404 1560 531 1644 animo,
569 1559 599 1631 si
633 1569 789 1631 sanctam
822 1558 999 1653 civitatem
1030 1561 1138 1630 semel
1172 1560 1360 1647 intravero,

279 1705 457 1777 nunquam
478 1682 560 1754 inde
579 1681 770 1774 digrediar;
791 1704 861 1753 non
883 1681 988 1753 sime
1007 1683 1146 1754 Samum
1166 1682 1261 1769 lurno,
1283 1683 1364 1756 Gni-

278 1806 363 1877 dum
384 1805 523 1888 Venus,
546 1804 831 1899 Iupiter‘Cretam
854 1815 967 1875 vocet.
988 1805 1084 1875 Vale.

425 1948 468 2003 Ad
483 1947 598 2004 Fontem
613 1947 727 2018 Sorgiae.
741 1947 807 2002 VlIl
821 1948 961 2004 Kalendas
974 1949 1068 2003 Maias.

704 2387 881 2453 EPISTOLA
899 2388 945 2452 lx.

454 2573 650 2624 Fannclscos
671 2572 842 2622 Parauaea
862 2571 965 2623 botulo
985 2572 1044 2624 Sllo
1065 2573 1091 2623 S.
1113 2575 1142 2624 Ρ.
1163 2575 1193 2624 D.

298 2752 403 2808 Urbem
418 2753 537 2808 Romam
553 2767 700 2825 perperam
714 2768 778 2807 cum
792 2751 931 2823 Babylone
950 2753 1118 2825 comparari,
1135 2769 1187 2808 nec
1205 2768 1267 2807 eam
1285 2753 1348 2808 odio

369 2841 494 2897 numinis
507 2840 650 2896 laborare:
671 2845 841 2912 quapropter
859 2841 948 2912 magis
967 2843 1111 2914 magisque
1128 2841 1167 2898 ibi
1187 2858 1217 2898 se
1237 2858 1348 2898 mansu·

369 2942 433 2984 rum
446 2945 559 3000 cupere.

381 3154 452 3223 lam
474 3155 553 3225 vale
573 3154 747 3242 dixeram,
768 3157 978 3255 'signatoque
995 3161 1053 3234 die
1070 3162 1251 3256 epistolam
1271 3183 1364 3234 oom-

282 3275 467 3372 plicabam,
489 3275 573 3349 dum
591 3300 684 3351 nova
700 3279 788 3352 'clam
806 3280 980 3375 obrepens
1000 3273 1164 3376 cogitatio
1184 3283 1365 3376 scriplurae

282 3398 449 3493 longioris
475 3400 663 3474 admonuit.
685 3403 777 3487 Quid
801 3405 973 3476 lacerem?
992 3405 1091 3478 Prior
1115 3427 1270 3504 papyrus
1293 3409 1366 3501 ple-

282 3544 338 3608 na,
373 3545 439 3596 nec
472 3523 621 3596 addendi
654 3524 785 3619 aliquid
821 3527 918 3599 locus
951 3538 1039 3608 erat,
1076 3549 1307 3624 summusque
1330 3527 1364 3599 in

282 3646 439 3738 margine
459 3667 585 3719 uersus
606 3645 818 3732 adhaeserat,
842 3655 880 3718 ut
899 3648 948 3719 ait
967 3649 1071 3722 Naso.
1094 3651 1196 3722 Certe
1215 3651 1310 3745 quod
1326 3650 1365 3719 il-

282 3768 327 3839 lic
345 3768 516 3841 omissum
537 3770 602 3841 luit
621 3768 677 3840 hic
693 3791 883 3864 exsequar:
907 3779 1000 3844 tanto
1019 3771 1162 3866 quidem
1183 3771 1284 3845 nobis
1309 3794 1365 3844 ac-

283 3893 438 3963 curatius
460 3893 597 3984 agenda
618 3901 702 3964 sunt
725 3891 853 3976 omnia,
875 3901 1006 3985 quanto
1032 3893 1182 3988 pluriam
1209 3892 1366 3965 subitura

282 4010 462 4098 iudicium,
502 4013 703 4110 saepiusque
738 4014 829 4086 inter
875 4014 1020 4087 livorem
1067 4016 1365 4110 ignorantiamque

271 4128 457 4207 'versanda
478 4146 569 4208 sunt.
592 4134 630 4207 ld
655 4135 797 4208 minime
822 4136 1070 4231 negligendum
1106 4148 1144 4209 ut
1174 4137 1365 4233 superioris
