3024 4802
420 353 514 403 nrnaa
536 349 1001 402 concensemus-nmmum
1024 352 1086 402 xvi.
1236 339 1290 400 col

214 500 398 586 praetereo,
420 491 468 561 nil
491 489 526 560 in
552 487 701 559 transitu
726 488 862 582 patiens
889 510 958 582 quo
983 489 1117 580 fatiger.
1151 489 1221 560 lam
1249 488 1294 560 de

213 614 356 707 reliquis
376 620 412 683 et
431 611 571 684 brevior
590 621 625 681 et
645 610 758 682 notior
791 608 850 680 tibi
876 611 956 681 olim
982 612 1126 683 historia
1152 623 1216 684 est.
1243 612 1294 682 Ne

213 737 299 830 quid
318 747 433 807 tamen
455 735 612 806 variante
632 734 783 818 fortuna,
799 741 837 803 ut
858 731 910 816 fit,
930 732 1132 806 derivandi
1149 756 1295 807 consue-

214 858 333 932 tudine
352 858 572 928 immutatum
592 855 790 950 suspiceris,
815 856 874 950 qui
894 856 1027 927 fueram
1048 879 1142 928 sum:
1164 859 1292 929 victum

213 1002 331 1052 meum
349 980 454 1064 nosti,
472 999 633 1050 somnum
649 1000 802 1072 quoque.
821 978 882 1050 llis
900 990 938 1051 ut
954 979 1082 1052 addam
1101 981 1193 1051 nulla
1209 981 1294 1051 milri

214 1127 368 1198 unquam
386 1106 524 1176 fortuna
545 1102 710 1175 suaserit:
731 1101 835 1175 demo
854 1103 970 1196 potius
990 1104 1120 1196 aliquid
1146 1103 1182 1174 in
1202 1103 1292 1188 dies,

213 1228 352 1321 iamque
382 1248 425 1298 eo
456 1236 664 1320 perventum
698 1234 753 1298 est
784 1235 823 1297 ut
855 1225 1026 1298 modicum
1053 1226 1146 1298 demi
1172 1227 1293 1321 possit.

212 1351 368 1443 Denique
390 1369 458 1422 non
479 1349 508 1421 si
530 1349 639 1441 regiae
665 1369 750 1441 opes
783 1348 1005 1434 advenerint,
1028 1357 1089 1422 aut
1119 1371 1139 1421 e
1172 1369 1295 1421 mensa

212 1472 444 1563 frugalitatem
464 1472 591 1565 pellere
611 1480 788 1565 poterunt,
811 1479 872 1542 aut
890 1470 926 1540 in
950 1470 1147 1543 cubiculum
1172 1473 1294 1562 longos

214 1613 355 1666 somnos
385 1613 575 1666 arcessere.
610 1594 796 1687 Nunquam
830 1614 886 1664 me
920 1615 1045 1666 sanum
1078 1615 1119 1666 ac
1151 1593 1294 1686 vigilem

213 1717 322 1787 lectus
342 1714 458 1800 habet,
481 1736 659 1808 nunquam
679 1715 746 1787 nisi
768 1735 864 1808 aeger
883 1724 944 1787 aut
965 1715 1152 1803 dormiens
1175 1716 1293 1788 stratis

214 1859 347 1909 versor.
381 1839 490 1909 Simul
522 1848 557 1909 et
590 1860 646 1908 me
682 1859 826 1910 somnus
851 1849 886 1908 et
911 1860 978 1930 ego
1003 1841 1128 1910 lectum
1154 1838 1291 1911 desero.

213 1961 378 2030 Somnum
396 1958 551 2030 mortiet
568 1959 731 2030 lectulum
743 1957 849 2029 busto
863 1956 1072 2033 simillimum
1091 1958 1191 2031 duco.
1207 1959 1293 2029 Cum

213 2100 397 2174 supremus
419 2101 522 2173 sopor
539 2079 749 2174 obrepserit,
774 2081 859 2151 satis
880 2100 1057 2174 superque
1079 2081 1113 2150 in
1133 2079 1293 2152 cubiculo
1354 2067 1359 2082 '

213 2212 327 2275 terreo
341 2223 404 2276 seu
419 2223 528 2274 saxeo
541 2201 748 2286 iacebimus;
762 2202 798 2274 id
809 2201 983 2275 meditans
997 2205 1158 2274 lectulum
1176 2221 1321 2274 meum·

213 2326 288 2412 odi,
309 2325 356 2397 ad
375 2327 471 2398 illum
492 2325 560 2397 nisi
586 2334 732 2417 urgente
756 2323 962 2398 necessitate
989 2347 1058 2397 non
1085 2323 1206 2410 redeo,
1229 2324 1293 2398 sed

212 2449 257 2522 ab
282 2451 339 2522 illo
363 2473 462 2536 mox,
490 2458 528 2521 ut
552 2470 609 2520 me
633 2459 768 2520 naturae
789 2449 914 2520 vinclis
934 2447 1135 2542 explicitum
1162 2448 1291 2533 sentio,

212 2577 503 2646 intereunotanter
527 2573 675 2658 avellor,
703 2573 808 2665 inque
832 2570 1076 2644 bibliothecam
1102 2572 1149 2642 illi
1173 2572 1293 2666 proxi-

212 2699 304 2768 mam
335 2699 434 2768 velut
464 2696 500 2766 in
532 2717 648 2767 arcem
681 2694 787 2786 fugio.
814 2693 868 2766 Fit
893 2694 959 2766 hoo
984 2695 1154 2766 internos
1175 2691 1292 2765 media

212 2828 313 2890 nocte
330 2816 529 2890 divortium.
548 2817 650 2902 Quod
669 2817 698 2888 si
715 2816 856 2911 quaudo
873 2811 961 2889 scite
976 2817 1034 2888 vel
1052 2837 1123 2887 nox
1140 2814 1290 2900 brevior,

211 2942 269 3010 vel
288 2940 418 3032 vigiliae
438 2940 613 3033 longiores
634 2961 752 3013 moras
774 2940 958 3026 traxerint,
978 2951 1015 3012 at
1035 2942 1186 3034 prolecto
1203 2962 1293 3008 nun-

211 3083 315 3156 qnam
338 3063 441 3134 simul
459 3085 586 3137 aurora
605 3085 668 3136 nos
689 3064 832 3136 invenit.
854 3065 1033 3136 Postremo
1052 3062 1164 3136 modis
1181 3061 1293 3136 omni-

210 3183 279 3255 bus
295 3185 398 3268 nitor,
421 3205 465 3254 ne
484 3183 571 3275 quid
589 3184 789 3257 melioribus
806 3186 900 3256 curis
917 3187 1141 3272 interveniat,
1163 3198 1292 3282 praeter

211 3305 247 3378 id
279 3309 392 3378 solum
424 3305 520 3398 quod
551 3305 736 3399 imperiose
770 3309 963 3381 necessitas
994 3318 1130 3380 naturae
1163 3310 1289 3403 exigit:

213 3449 372 3501 somnum
406 3427 482 3500 dico
515 3439 551 3500 et
567 3403 701 3511 cibum,
729 3439 764 3500 et
783 3425 893 3500 breve
922 3431 1179 3525 honestumque
1201 3435 1291 3503 sola-

213 3556 298 3625 tium
318 3551 517 3646 vegetando
536 3553 671 3644 corpori
691 3552 951 3647 refovendoque
971 3554 1087 3626 animo
1106 3553 1291 3628 dumtaxat

212 3678 385 3750 idoneum.
408 3675 448 3748 ld
468 3677 647 3749 enimvero
666 3676 749 3769 quia
770 3697 832 3770 pro
847 3675 1020 3748 uarietate
1038 3686 1232 3769 temporum
1249 3697 1290 3749 ac

212 3801 365 3873 locorum
390 3800 518 3872 variari
544 3807 692 3891 oportet,
714 3808 749 3888 et
775 3801 875 3891 quale
896 3797 981 3869 mihi
1013 3820 1105 3870 nunc
1138 3799 1193 3885 sit,
1220 3798 1307 3872 nisi⁴

212 3921 335 3994 audias
362 3943 467 3994 nosse
486 3943 556 3994 non
581 3933 692 4021 potae,
728 3921 852 3994 dicam.
886 3919 975 3994 Amo
1004 3918 1225 3993 solitudinem
1253 3930 1290 3991 ut
1341 3922 1343 3928 '

213 4047 320 4129 soleo,
342 4054 522 4138 sectorque
543 4043 732 4129 silentium,
752 4043 926 4116 nisiinter
946 4042 1075 4116 amicos
1094 4044 1183 4114 inter
1199 4063 1288 4136 quos

213 4189 314 4250 nemo
340 4189 395 4240 me
417 4167 607 4260 loquacior3
634 4167 724 4239 hanc
749 4189 828 4240 reor
848 4165 892 4240 oh
917 4189 1058 4241 causam
1085 4166 1178 4260 quod
1204 4168 1289 4238 ami-
