3062 4798
281 345 340 405 444
615 359 656 407 ns
679 360 778 408 nunus
800 359 1022 409 resultamus

281 488 455 581 praecipue
474 490 558 559 vitae
575 489 693 561 brevis
711 493 904 582 fragmenta
922 513 1175 564 consumerem.
1190 495 1238 563 Te
1255 492 1360 583 igitur

281 610 436 700 cogitans
461 620 496 681 et
521 634 582 682 rus
608 613 691 683 illud
710 613 794 684 dum
817 615 875 686 tibi
898 616 966 686 ista
989 615 1154 687 dictarem
1182 615 1360 686 memoriae

282 731 426 803 credidi:
461 754 576 825 neque
609 736 700 806 enim
735 735 906 807 scribendi
937 738 1170 808 instrumenta
1200 738 1358 810 aderant:

206 888 213 900 ·
282 855 336 925 illa
359 864 474 927 autem
496 856 553 925 nbi
576 857 718 927 domum
738 867 793 928 est
810 859 958 931 reditum
976 860 1172 952 depositum
1187 858 1277 931 bona
1295 857 1361 931 lide

283 977 442 1049 restitnit.
457 978 586 1070 Scripsi
604 978 710 1069 igitur
727 981 804 1052 haec
821 982 866 1052 ad
882 1003 1067 1076 vesperam
1080 984 1115 1052 in
1128 983 1281 1053 thalamo
1296 1003 1361 1053 non

283 1100 522 1193 philosophico
542 1101 732 1194 poeticove‚
754 1104 817 1174 sed
837 1104 933 1196 regio
949 1126 1031 1197 quae
1047 1104 1235 1175 meditatus
1252 1126 1358 1188 eram,

281 1245 351 1294 non
371 1225 477 1293 multo
499 1233 579 1293 ante
600 1223 684 1294 solis
702 1246 877 1309 occasum,
898 1230 994 1299 solus
1008 1227 1052 1298 ihi
1067 1227 1220 1298 herboso
1241 1226 1360 1320 cespiti

281 1344 462 1430 insistens,
486 1345 554 1416 sub
573 1346 725 1439 ingentis
749 1347 871 1419 umbra
890 1361 1075 1421 castaneae.
1096 1350 1194 1420 Vale.

413 1479 491 1559 Ι1111,
514 1490 652 1547 Kalendas
675 1493 850 1563 Novembris,
872 1495 901 1550 in
923 1512 985 1551 arce
1009 1496 1101 1552 Sancti
1118 1496 1292 1553 Columbani.

701 1905 878 1970 EPISTOLA
901 1907 944 1970 Vl.

416 2099 610 2150 suluclsctls
631 2101 800 2150 PETRARCA
821 2102 992 2158 Rosulano
1015 2101 1216 2154 nudulssonm

596 2207 728 2256 Pueslot
750 2207 887 2256 COllENSl
908 2207 935 2256 S.
956 2209 984 2256 P.
1007 2209 1037 2256 ll.

299 2371 417 2426 Excusat
431 2388 460 2426 se
474 2371 549 2442 quod
563 2371 687 2427 noudum
704 2371 821 2427 Comum
834 2374 950 2441 venerit,
965 2375 1133 2446 nunciatque
1148 2375 1226 2430 iussu
1240 2373 1344 2429 domini

544 2463 653 2533 longius
668 2463 721 2517 iter
733 2479 763 2516 se
776 2462 936 2534 propediem
951 2463 1096 2518 initurum.

380 2693 455 2765 Mos
476 2701 531 2765 est
550 2715 679 2787 equum
701 2693 853 2765 residem
875 2693 1022 2785 geminis
1045 2693 1229 2765 sollicitare
1254 2695 1363 2765 calca·

281 2816 392 2889 ribus:
414 2839 491 2888 mea
514 2817 658 2888 tarditas
678 2817 789 2926 tribus
816 2817 1014 2909 impellitur;
1037 2818 1102 2890 loci
1127 2817 1207 2888 novi
1230 2827 1363 2910 specta-

281 2943 370 3022 culo,
394 2938 506 3009 dulcis
527 2938 628 3008 amici
649 2937 837 3022 desiderio,
858 2949 900 3010 et
924 2939 1148 3012 observantia
1174 2939 1362 3031 promisso-

282 3082 369 3129 rum.
404 3060 449 3128 Et
481 3059 634 3149 prolecto
659 3059 888 3153 propinquam
910 3062 1033 3134 urbem
1062 3064 1153 3134 illam
1183 3062 1363 3154 Cisalpinae

282 3181 400 3252 Galliae
420 3178 565 3250 collibus
583 3181 696 3251 aereis
714 3181 981 3274 circumseptam
1000 3163 1155 3278 ipsisque
1174 3183 1362 3255 subiectam

173 3369 179 3384 ,
282 3301 442 3397 Alpibus,
465 3310 502 3374 et
516 3305 651 3374 famoso
668 3305 758 3375 lacui
772 3305 1030 3398 impendentem
1043 3309 1100 3378 vel
1115 3309 1222 3377 semel
1240 3305 1363 3398 cupide

282 3425 440 3496 viderem
462 3427 620 3510 Comum,
655 3425 715 3518 qui
749 3427 943 3521 Campanas
977 3429 1104 3500 totiens
1126 3429 1253 3499 Cumas
1280 3426 1361 3498 vidi.

284 3551 397 3621 Talem
419 3571 504 3621 vero
525 3529 673 3620 amicum
695 3552 803 3622 multo
824 3550 998 3643 cupidius:
1020 3561 1082 3622 aut
1102 3551 1193 3623 enim
1215 3573 1282 3642 ego
1302 3550 1364 3620 lal-

283 3675 347 3756 lor‚
367 3681 427 3743 aut
448 3674 541 3744 nulla
561 3671 709 3745 dulcedo
730 3673 839 3744 maior
859 3675 968 3745 oculis
989 3695 1094 3766 quam
1120 3683 1283 3766 exoptata
1316 3674 1364 3742 la·

222 3885 225 3894 .
284 3796 354 3866 cies
373 3795 484 3865 amici.
507 3794 640 3888 Duplici
662 3807 777 3866 autem
798 3804 882 3867 voto
904 3817 981 3866 mco
1003 3806 1261 3868 sacrosanctum
1283 3791 1363 3863 fidei

285 3916 411 4007 pignus
432 3917 580 3988 accedit:
603 3917 744 4008 promisi
763 3917 889 3989 etenim
913 3940 969 3989 me
989 3926 1189 4001 venturum,
1211 3939 1274 3988 nec
1291 3936 1364 4007 poe-

285 4036 369 4106 nitet
393 4038 610 4128 promisisse:
637 4038 744 4132 pudet
770 4038 885 4132 potius
919 4037 1013 4132 quod
1042 4036 1262 4130 promiserim
1296 4056 1363 4107 non

283 4154 458 4243 implesse.
494 4157 636 4247 Singula
669 4161 809 4252 quidem
845 4160 1002 4232 vellicant
1037 4164 1159 4232 fateor:
1202 4160 1365 4232 universa
