3062 4798
395 327 488 376 arana
510 324 1015 378 cernuusnsmnus.-·nnrsronn
1037 331 1100 379 vrn.
1226 318 1285 380 mc

204 488 272 538 non
294 463 452 556 requirit:
475 483 554 534 sese
569 470 731 534 contenta
747 472 813 545 est,
833 462 908 557 ipsa
928 463 993 534 sibi
1011 465 1123 536 calcar
1138 474 1174 536 et
1194 485 1286 558 prae-

204 587 321 657 mium.
344 584 379 654 Si
400 585 484 677 quid
504 584 647 655 uberius
669 582 830 674 obtigerit
847 605 916 654 non
935 586 1095 656 amicitiae
1112 588 1189 658 laus
1210 589 1285 658 fue·

202 707 260 793 rit,
284 708 347 778 sed
368 708 529 778 fortunae:
553 706 643 777 sicut
663 729 732 776 non
754 706 876 777 melior
892 705 1043 798 piscator
1060 717 1115 778 est
1133 708 1197 779 sed
1215 709 1285 780 for-

203 828 368 912 tunatior,
390 828 444 900 oui
466 828 501 896 in
522 827 718 898 visceribus
740 827 831 919 capti
852 827 957 919 piscis
986 826 1094 922 iaspis
1117 827 1283 902 inventus

201 959 267 1033 est,
290 971 353 1020 nec
370 957 515 1020 venator
531 948 595 1018 fuit
612 949 734 1019 melior
746 949 804 1042 qui
819 971 963 1020 avorum
983 949 1198 1045 temporibus
1218 951 1285 1022 sub

153 1095 156 1099 ·
201 1069 327 1144 Arctoa
339 1071 453 1166 plaga,
469 1069 500 1142 si
514 1061 628 1141 tamen
641 1091 725 1142 vera
738 1072 829 1143 fama
842 1078 911 1156 est,
926 1093 1071 1144 cervum
1086 1081 1209 1163 torque
1222 1093 1284 1144 an-

200 1217 261 1268 reo
274 1195 365 1268 circa
379 1195 504 1265 collum
519 1192 634 1288 coepit,
656 1193 690 1264 in
713 1215 791 1287 quo,
815 1204 852 1264 ut
870 1193 1063 1287 perhibent,
1084 1194 1283 1267 vetustissi-

201 1318 266 1390 mis
286 1319 409 1390 litteris
431 1317 598 1411 scriptum
615 1326 706 1389 erat:
725 1337 820 1387 nemo
837 1337 889 1386 me
907 1317 1034 1409 capiat,
1051 1337 1156 1408 quem
1174 1316 1282 1390 Iulius

200 1443 319 1514 Caesar
339 1441 486 1512 liberum
508 1459 589 1512 esse
614 1439 726 1511 iussit.
754 1436 859 1510 Aliud
885 1437 1014 1530 agebat
1033 1438 1198 1530 agricola,
1225 1438 1281 1512 cui

201 1562 267 1635 sub
285 1562 437 1634 laniculo
457 1573 581 1634 terram
603 1561 758 1633 molienti
777 1570 941 1655 septenos
959 1558 1066 1632 fibros
1089 1577 1224 1652 graecos
1242 1582 1281 1634 ac

198 1683 336 1770 latinos,
358 1695 393 1755 et
412 1682 828 1775 NumaePompilii'regis
849 1681 993 1753 bustum
1015 1703 1119 1755 casus
1146 1682 1281 1764 obtulit,

198 1807 297 1899 Saepe
321 1829 379 1877 me
403 1785 518 1879 vineae
538 1807 651 1878 fossor
671 1807 792 1877 Romae
824 1805 909 1876 adiit
942 1811 1114 1896 gemmam
1149 1805 1296 1911 antiqui)

92 1941 98 1956 ·
198 1928 378 2023 temporis,
405 1936 465 1998 aut
489 1949 633 1998 aureum
660 1921 934 2019 argenteumque
966 1949 1147 1998 nummum
1174 1916 1295 2002 manui

197 2058 335 2131 tenens,
356 2068 602 2138 nonnunquam
620 2046 732 2137 rigido
748 2046 852 2117 dente
871 2047 996 2137 ligonis
1014 2047 1182 2132 attritum,
1204 2051 1280 2122 siue

195 2177 235 2240 ut
248 2190 416 2252 emerem,
432 2166 507 2239 sive
520 2175 559 2238 ut
572 2168 761 2259 insculptos
775 2189 895 2239 eorum
909 2170 1027 2240 vultus
1041 2191 1288 2260 agnoscerem

195 2295 405 2366 Fortunatus
432 2315 527 2387 saepe
552 2293 774 2377 architectus,
803 2293 887 2366 dum
916 2293 1142 2367 fundamento
1157 2296 1278 2368 'stabili

198 2417 318 2488 sedem
336 2415 470 2509 quaerit,
491 2437 613 2517 urnqm
636 2437 778 2486 auream
798 2415 1045 2511 defossumque
1065 2416 1132 2488 sub
1150 2426 1276 2490 terram

195 2539 323 2635 reperit
343 2539 555 2611 thesaurum.
579 2527 771 2631 Quisquam
798 2533 991 2608 ne'ho'rum
1013 2539 1203 2612 adventitio
1223 2543 1276 2614 lu-

194 2683 253 2734 cro
270 2663 394 2733 famam
411 2681 486 2732 suae
500 2662 584 2733 artis
603 2670 663 2731 aut
679 2659 809 2751 ingenii
829 2669 1036 2730 consecutus
1057 2662 1134 2731 est?
1154 2661 1276 2732 Fortu·

194 2804 249 2854 nae
270 2784 360 2856 dona
383 2792 465 2855 sunt
485 2777 560 2854 haec
580 2805 650 2854 non
670 2781 848 2854 hominum
870 2781 1008 2854 laudes:
1027 2783 1204 2882 multoque
1224 2781 1276 2854 di-

193 2905 296 2997 gnius
316 2905 419 2976 habet
435 2905 577 2977 artificis
597 2901 859 2996 nomen,'qnem
880 2903 945 2973 rite
962 2901 1077 2975 omnia
1093 2901 1274 2975 facientem

192 3024 314 3118 vipera
333 3027 493 3096 cavernis
514 3029 614 3120 lapsa
634 3025 813 3108 deterruit,
840 3045 946 3118 quam
971 3024 1002 3094 is
1022 3046 1126 3117 quem
1145 3032 1274 3096 temere

192 3152 316 3216 cuncta
328 3145 530 3215 miscentem
544 3141 685 3218 latentis
693 3122 944 3219 aurifortuitus
957 3149 1155 3238 fulgorlaeta
1164 3147 1275 3218 admi-

192 3267 324 3339 ratione
340 3265 530 3359 suspendit.
548 3267 645 3337 Idem
662 3269 697 3336 in
715 3268 872 3339 amicitiis
889 3267 1075 3339 dicendum
1092 3279 1156 3340 est.
1174 3270 1274 3360 Eiegi

191 3388 342 3462 amicum
367 3387 570 3484 prudenter,
598 3386 713 3458 amavi
738 3388 925 3471 ferventer,
952 3387 1041 3459 colui
1067 3387 1271 3480 diiigenter,

192 3509 295 3584 fidem
316 3510 360 3584 ad
378 3516 573 3582 extremum
591 3503 754 3605 praestiti.¹
768 3509 852 3580 Haec
869 3508 954 3579 mihi
971 3509 1120 3581 amicitia
1136 3509 1272 3585 labores

191 3633 313 3718 attufit,
332 3653 435 3706 curas
452 3641 556 3724 atque
577 3629 744 3725 pericula:
765 3632 880 3702 nullus
902 3631 958 3702 hic
978 3652 1075 3703 error
1095 3631 1269 3716 amicitiae,

192 3756 256 3827 sed
275 3757 424 3826 fortunae
444 3762 509 3826 est.
532 3755 590 3824 1116
610 3753 701 3825 idem
723 3752 897 3848 praestitit,
918 3755 981 3826 sed
998 3753 1138 3848 obeam
1159 3752 1270 3846 ipsam

191 3875 376 3948 amicitiam
390 3877 522 3948 honore
536 3885 671 3959 auctus,
691 3895 773 3947 aere
790 3873 920 3947 ditatus
938 3885 1003 3947 est.
1022 3876 1094 3946 Iam
1111 3874 1184 3946 dixi
1202 3877 1271 3946 for-

191 3999 341 4070 tunatior
359 4000 518 4084 fortasse,
545 4019 614 4069 non
639 3998 760 4070 melior
784 4008 840 4069 est
863 3997 1005 4070 amicus.
1038 3996 1135 4070 Alter
1155 4006 1269 4070 autem

191 4119 372 4194 amicitiam
407 4119 585 4206 simulavit
618 4117 793 4212 fidemque
826 4118 909 4192 dum
942 4118 1090 4211 fingeret
1122 4098 1266 4202 invenit,
1312 4193 1316 4200 ,
