2988 4800
251 358 308 418 lll
586 370 626 416 uu
648 369 748 417 nunus
769 369 990 418 rnnrmnmuus

250 507 372 578 animis
392 506 516 600 tepidis
535 507 695 578 amicitiae
717 511 837 598 regula
858 510 972 578 locum
989 505 1104 577 habet.
1125 507 1250 578 Contra
1267 529 1326 578 au-

251 643 318 702 tem
341 632 431 702 sicut
451 634 510 724 qui
531 630 664 702 felicius
687 655 809 702 arvum
835 635 967 715 colunt,
997 631 1045 701 sic
1066 653 1132 720 ego
1148 654 1237 702 oum
1260 631 1325 702 tuis

249 755 419 838 omnibus
436 755 564 848 quibus
584 756 720 826 animus
735 754 909 826 desiderio
923 755 1050 826 ardeus
1065 767 1127 837 est,
1149 755 1206 824 tali
1224 754 1328 825 vicis-

249 878 399 948 situdine
420 901 487 950 non
509 900 664 968 egemus.
689 879 835 970 Semper
855 878 969 970 potius
992 887 1025 946 te
1051 887 1270 973 praesentem,
1299 878 1327 948 si

249 1002 322 1074 lieri
343 1002 467 1094 possit,
491 1002 691 1092 nullamque
713 1001 762 1070 tui
795 1002 914 1071 vultus
948 1001 1103 1094 eclipsim
1132 1001 1240 1073 oculis
1267 1023 1328 1071 no-

249 1125 329 1194 stris
351 1146 536 1194 occurrere
553 1133 588 1193 et
606 1124 766 1218 cupimus
788 1132 823 1194 et
840 1144 1016 1213 rogamus.
1038 1125 1082 1193 Et
1103 1145 1187 1194 saue
1202 1133 1240 1194 ut
1258 1124 1325 1208 tibi,

248 1271 313 1318 nec
326 1247 410 1316 mihi
425 1247 539 1317 minus
559 1246 619 1339 qui
637 1249 772 1339 loquor,
793 1247 875 1317 utile
892 1246 1077 1317 consilium
1094 1258 1197 1318 vetus
1212 1270 1326 1318 meum
1409 1295 1420 1308 ·

250 1370 431 1452 inculcem,
456 1380 592 1462 tempus
623 1380 677 1440 est
709 1369 777 1439 iam
811 1378 849 1438 ut
882 1369 994 1463 proris
1029 1368 1073 1439 ad
1101 1369 1182 1440 litus
1215 1370 1327 1441 versis

250 1502 387 1586 portum
420 1501 579 1587 petamus
610 1493 821 1586 proximum,
849 1493 909 1563 ubi
935 1493 1033 1563 iactis
1061 1493 1200 1564 tandem
1226 1514 1328 1564 anco-

250 1614 298 1685 ris
330 1617 567 1706 quiescamuS,
603 1615 800 1707 linquentes
833 1615 909 1685 aliis
945 1628 1113 1686 terrarum
1147 1615 1328 1706 pelagique

250 1738 413 1808 circuitus
452 1741 572 1831 plenos
612 1737 912 1809 innumerabilium
950 1738 1189 1810 difficultatum
1227 1748 1329 1830 atque

251 1859 501 1932 discriminum.
530 1860 619 1930 Satis
645 1882 819 1952 superque
846 1861 944 1944 satis,
967 1863 1035 1932 nisi
1059 1864 1169 1947 fallor,
1193 1863 1329 1956 experti

250 2005 372 2054 sumus
388 1991 556 2075 quantum
576 1993 737 2076 torqueat
753 2007 885 2078 pernox
904 2007 998 2067 cura,
1020 1996 1187 2076 quantum
1205 1985 1328 2055 diurna

251 2107 390 2199 negotia
409 2107 564 2198 fatigent,
594 2130 698 2200 quem
724 2109 923 2192 anhelitum,
950 2131 1054 2200 quem
1081 2108 1245 2179 sudorem
1271 2110 1326 2178 vel

250 2230 442 2301 adscensus
470 2230 594 2301 montis
621 2230 751 2302 excitet
778 2233 835 2301 vel
867 2230 1083 2302 descensus:
1118 2229 1202 2323 quid
1234 2229 1327 2301 taedii

249 2353 362 2446 pariat
382 2351 552 2422 immensa
568 2352 740 2443 planities,
764 2352 848 2444 quid
868 2351 1038 2422 nimbosae
1059 2353 1169 2422 noctis
1190 2374 1275 2423 cura
1295 2351 1329 2420 in

249 2474 400 2545 tenebris
422 2475 563 2544 terroris
586 2474 719 2560 afferat,
742 2487 777 2545 et
797 2476 873 2546 irati
891 2475 996 2544 maris
1017 2473 1110 2545 unda
1128 2475 1326 2555 ferventior,

247 2609 281 2669 et
302 2600 436 2668 ululatu
459 2596 598 2666 nautico
625 2597 820 2689 permixtus
846 2598 998 2670 ferientis
1026 2598 1205 2692 scopulum
1232 2619 1328 2692 cym-

248 2720 304 2793 bae
324 2724 450 2813 fragor.
478 2723 521 2790 Et
546 2722 656 2792 lutum
681 2731 715 2792 et
741 2724 922 2814 pulverem
947 2733 981 2792 et
1006 2723 1106 2792 nives
1129 2729 1163 2792 et
1182 2722 1328 2813 glaciem

248 2853 283 2915 et
304 2866 392 2914 saxa
413 2843 653 2925 transivimus;
675 2854 710 2913 et
730 2843 934 2934 grandinem
949 2854 983 2915 et
996 2843 1178 2936 procellas,
1201 2854 1326 2915 ventos

247 2967 429 3059 nubesque
461 2966 680 3058 pertulimus,
708 2976 818 3038 aestus
851 2979 885 3038 et
910 2968 1039 3059 frigora
1064 2976 1099 3036 et
1123 2967 1327 3060 praedonum

248 3088 391 3160 insidias
416 3099 451 3159 et
475 3090 642 3182 impetum
669 3089 873 3161 belluarum.
899 3091 1038 3176 Nullum
1064 3090 1135 3160 lere
1160 3088 1239 3160 mali
1265 3109 1327 3178 ge-

246 3233 313 3280 nus
340 3211 544 3283 intentatum
570 3212 748 3306 liquimuS,
776 3222 812 3284 et
838 3213 927 3285 sicut
950 3237 1013 3309 per
1038 3214 1105 3284 ista
1130 3211 1327 3282 iuveniliter

247 3335 467 3420 transivisse,
488 3349 590 3430 atque
612 3338 735 3408 horum
756 3347 877 3430 postea
898 3338 1097 3408 meminisse
1114 3333 1324 3416 delectabile,

248 3459 297 3530 sic
317 3458 436 3531 abhis
459 3484 635 3554 nunquam
656 3461 775 3534 divelli
795 3483 900 3554 posse
921 3461 1155 3532 miserrimum
1177 3469 1240 3530 est.
1268 3458 1327 3526 Di-

246 3581 424 3654 mittamus
451 3584 556 3676 igitur
581 3584 657 3656 haec
682 3585 758 3656 aliis
783 3585 841 3655 vel
870 3584 1063 3676 inexpertis
1089 3585 1145 3653 vel
1169 3579 1326 3674 expertis

245 3707 332 3777 forte
353 3707 497 3780 felicius
521 3708 563 3776 lli
586 3708 726 3800 quidem
753 3709 848 3802 quod
872 3707 1002 3778 nostris
1028 3705 1213 3777 didicimus
1233 3703 1327 3798 peri-

246 3831 341 3916 culiS,
357 3831 430 3901 suis
444 3830 590 3902 discant.
605 3831 646 3900 Hi
664 3840 778 3903 autem
796 3853 859 3904 suo
874 3843 983 3901 marte
1001 3829 1218 3924 protendant,
1233 3827 1326 3898 unde

245 3951 347 4024 nobis
370 3954 439 4024 iam
465 3963 500 4024 et
526 3955 770 4046 tempestivum
798 3964 833 4025 et
857 3953 1076 4025 commodum
1104 3962 1159 4022 est
1183 3950 1323 4021 reverti.

246 4074 333 4143 Sunt
351 4074 478 4166 quihus
500 4078 732 4149 inexhaustus
756 4075 853 4146 labor
878 4085 915 4144 et
939 4075 1019 4164 iuge
1045 4065 1236 4165 periculum
1262 4091 1326 4163 pro

245 4199 422 4292 voluptate
444 4171 505 4268 sits
521 4199 641 4283 Nobis,
670 4198 699 4272 si
724 4197 949 4290 professionis
975 4218 1164 4288 rerumque
1190 4202 1326 4265 nostra-
