3062 4798
287 361 346 420 tll
578 362 582 370 '
630 370 670 418 na
687 369 789 418 ussus
810 367 1033 416 Fttlltlnttlssbs

288 511 379 580 abes·
399 507 482 579 felix
504 509 685 600 utriusque
706 506 835 596 linguae
856 504 976 578 notitia
1002 505 1186 596 singulari3
1211 506 1371 578 Barlaam

289 641 445 703 nostrum
468 629 552 700 mihi
573 650 669 700 mors
686 628 841 707 abstulit,
860 637 909 712 et,
929 637 968 699 ut
982 625 1110 698 ‘verum
1131 630 1253 709 fatear,
1275 628 1372 698 illum

288 775 354 844 ego
371 752 456 822 mihi
474 753 570 844 prius
589 751 812 822 abstuleram.
830 750 999 820 Iacturam
1018 770 1130 820 meam
1149 748 1233 818 dum
1250 747 1374 820 honori

290 876 367 946 eius
388 877 606 945 consulerem
629 894 697 944 non
718 872 859 964 aspexi:
881 872 996 964 itaque
1017 873 1100 944 dum
1122 871 1166 942 ad
1187 870 1375 965 Episcopa-
1452 933 1458 940 .

292 1009 364 1068 tum
386 997 609 1068 scandentem
633 994 781 1066 sublevo
807 994 1010 1087 magistrum
1038 993 1187 1086 perdidi,
1216 995 1285 1065 sub
1306 1015 1375 1087 quo

292 1119 440 1190 militare
461 1139 635 1210 coeperam
654 1138 878 1208 magnacum
898 1139 970 1210 spe.
989 1118 1110 1208 Longe
1126 1119 1238 1212 impar
1255 1119 1373 1198 fateor,

295 1243 344 1313 tui
365 1250 400 1334 et
420 1241 511 1311 illius
533 1239 631 1311 ratio,
650 1241 700 1311 Tu
719 1239 804 1308 mibi
816 1242 938 1322 multa,
953 1261 1021 1331 ego
1039 1239 1097 1310 tibi
1117 1241 1202 1332 quid
1218 1225 1377 1311 conferre

294 1363 425 1458 possim
447 1383 516 1436 non
535 1362 701 1454 intelligo:
720 1362 778 1432 ille
798 1373 929 1447 autem,
951 1385 1030 1460 cum
1053 1365 1159 1435 multa
1181 1363 1266 1432 mibi
1293 1383 1378 1454 quo·

295 1488 425 1559 tidiano
451 1485 652 1578 magisterio
678 1485 843 1579 ooepisset
868 1485 1091 1578 impendere·
1116 1507 1185 1556 non
1215 1485 1377 1578 pauciora

293 1611 450 1704 quidem,
474 1631 569 1704 saepe
589 1610 694 1681 etiam
714 1611 849 1680 luorum
871 1609 994 1700 ingens
1012 1631 1060 1679 ex
1077 1609 1240 1680 convictu
1260 1621 1378 1680 nostru

296 1755 375 1804 sese
393 1732 573 1824 percipere
603 1732 775 1804 fatebatur
808 1730 941 1802 urbane
966 1715 1086 1804 neseio
1114 1753 1158 1801 an
1191 1753 1294 1803 vere:
1317 1732 1379 1803 sed

294 1865 370 1927 erat
389 1855 446 1924 ille
464 1854 532 1939 vir,
557 1866 595 1926 ut
614 1853 908 1950 locupletissimus
927 1874 1068 1946 gruem,
1089 1853 1138 1924 sio
1155 1875 1313 1925 romanae
1332 1856 1379 1925 la-

295 1976 433 2048 cundiae
454 1976 712 2069 pauperrimus,
731 1976 842 2069 etqui
860 1975 1131 2067 ingenioagilis,
1151 1975 1379 2047 enunciandis

297 2108 412 2168 tamen
426 2098 608 2171 affectibus
625 2100 809 2170 laboraret.
828 2099 1134 2191 ltaquevioissim,
1153 2109 1190 2169 et
1206 2120 1276 2190 ego
1293 2097 1379 2168 fines

297 2244 391 2307 suos²
415 2222 596 2305 illuduea
620 2224 754 2316 trepide
776 2222 949 2306 subibam,
968 2231 1005 2293 et
1020 2221 1076 2293 ille
1097 2232 1177 2317 post
1202 2245 1260 2293 me
1286 2241 1381 2315 saepe

297 2346 426 2416 nostris
448 2344 635 2417 infinibus
655 2345 855 2427 oberrabat,
877 2367 1089 2438 quamquam
1117 2344 1295 2416 stabiliore
1319 2365 1382 2414 ve-

298 2468 412 2558 stigio.
435 2467 522 2537 Nam
541 2477 576 2538 et
594 2466 651 2538 hio
670 2489 810 2561 quoque
829 2465 916 2538 ratio
936 2466 1089 2540 diversa.
1112 2466 1163 2535 llli
1188 2465 1280 2536 enim
1301 2465 1381 2558 plns

299 2591 407 2661 multo
428 2590 542 2671 latini,'
561 2611 666 2681 qnam
693 2589 777 2659 mibi
807 2576 914 2682 g‘raeoi
939 2599 1015 2660 erat
1038 2587 1179 2681 eloquii.
1205 2589 1278 2677 Ego
1307 2597 1380 2657 tum

298 2712 450 2806 primum
476 2711 695 2796 inchoabam,
724 2711 974 2804 aliquantulum
1001 2712 1058 2782 ille
1084 2720 1318 2804 processerat,
1347 2723 1383 2779 ut

299 2835 359 2928 qui
378 2835 490 2908 italica
507 2844 612 2907 natus
630 2846 727 2906 esset
743 2834 778 2905 in
795 2833 944 2918 Graeoia,
961 2834 1071 2927 etqui
1087 2835 1168 2904 licet
1184 2842 1287 2905 aetate
1305 2854 1381 2926 pre

301 2959 451 3041 rectior,
492 2957 681 3027 latinorum
723 2957 1026 3028 conversationem
1074 2957 1383 3050 magisteriumque

300 3077 458 3160 sortitus,
481 3076 528 3147 ad
548 3087 706 3146 naturam
728 3077 901 3171 propriam
924 3078 1057 3152 laoilius
1079 3090 1260 3152 remearet.
1282 3079 1380 3150 lllum

300 3220 408 3282 mors,
431 3207 471 3270 ut
495 3201 597 3291 paulo
623 3211 705 3270 ante
728 3209 877 3292 questus
900 3223 992 3287 sum,
1020 3211 1053 3274 te
1079 3202 1163 3273 mibi
1189 3201 1382 3278 martinon

302 3321 471 3395 absimilis
493 3323 582 3415 rapit
602 3322 772 3395 absentia.
798 3324 874 3396 Etsi
896 3325 1003 3410 enim,
1023 3315 1235 3418 ubicumque
1256 3323 1322 3409 sis,
1340 3323 1383 3394 de

196 3520 201 3530 ,
302 3454 397 3517 tanto
418 3444 590 3536 gaudeam
616 3447 738 3531 amico,
765 3445 857 3542 viva¹
876 3456 992 3518 tamen
1018 3447 1076 3518 illa
1102 3458 1275 3531 tuanen,
1303 3465 1384 3539 quae

303 3567 459 3640 discendi
481 3567 586 3651 sitim,
602 3591 673 3661 qua
692 3591 747 3642 me
765 3569 874 3640 teneri
895 3591 964 3640 non
981 3569 1173 3654 dissimulo,
1189 3580 1310 3666 posset
1329 3571 1383 3640 vel

304 3689 508 3774 accendere,
525 3692 581 3761 vel
599 3689 719 3776 lenire,
735 3692 876 3763 minime
893 3713 997 3765 aures
1011 3713 1109 3764 meas
1123 3693 1212 3777 serit,
1228 3694 1385 3785 sineque

306 3813 477 3883 Homerus
492 3822 572 3884 tuus
586 3814 679 3905 apud
697 3836 754 3884 me
771 3821 904 3899 mutus,
920 3815 989 3889 imo
1002 3835 1087 3886 vero
1099 3835 1167 3906 ego
1184 3815 1277 3909 apud
1292 3815 1383 3884 illum

306 3934 435 4005 surdus
467 3955 556 4006 sum.
590 3935 733 4010 Gaudeo
755 3946 870 4008 tamen
891 3939 949 4009 vel
968 3947 1112 4030 aspectu
1134 3941 1209 4010 solo
1230 3947 1266 4009 et
1292 3957 1386 4031 saepe

305 4055 399 4125 illum
414 4060 598 4149 amplexus
620 4059 859 4153 assuspirans
880 4058 972 4131 dieo:
991 4061 1020 4130 Ο
1041 4082 1169 4151 magne
1193 4061 1261 4142 vir,
1282 4079 1383 4151 quam

309 4174 433 4263 cupide
448 4184 481 4244 to
494 4176 666 4248 audirem!
684 4180 753 4251 Sed
767 4180 902 4252 aurium
920 4201 1077 4254 mearum
1096 4179 1198 4250 aliam
1218 4197 1313 4250 mors
1326 4167 1386 4250 ob-
