2988 4800
255 365 313 427 tto
584 377 626 426 nn
648 378 748 430 aneos
769 377 990 428 rnuuraamus

255 514 515 608 augustissimae
534 511 660 587 domus
686 535 775 600 suae,
801 514 931 605 ingenti
956 533 1137 605 procerum
1152 492 1203 582 'ac
1231 512 1328 584 nobi-

255 637 352 722 lium,
367 636 554 708 amicorum
575 619 829 729 custodumque
847 636 901 707 sui
918 635 1072 731 corporis
1090 635 1329 707 circumvalla-

256 769 313 830 tus
333 758 483 850 agmine,
506 760 584 829 luce
605 759 731 843 media,
753 759 810 830 die
829 761 918 829 festo
951 779 1097 830 securus
1114 766 1150 828 et
1169 757 1328 829 incautus

256 883 292 952 in
311 881 468 953 obscoeni
491 903 532 952 ac
561 881 737 975 desperati
757 881 853 954 canis
874 892 922 968 et,
944 903 988 952 ne
1007 881 1092 974 quid
1108 881 1328 952 immanitatis

258 1004 405 1090 abforet,
432 1005 507 1074 eius
538 1005 634 1076 canis
665 1028 768 1098 quem
802 1003 848 1076 ad
876 1025 1034 1076 mensam
1060 1025 1160 1075 suam
1189 1005 1246 1076 illo
1276 1005 1330 1076 die

258 1136 402 1221 paverat
419 1127 631 1220 assidueque
648 1127 825 1222 pascebat,
841 1126 972 1198 rabiem
985 1136 1216 1222 cruentosque
1232 1129 1330 1200 nisus

258 1251 389 1335 incidit,
422 1258 463 1320 ut
494 1251 589 1321 nutlo
617 1272 769 1342 unquam
789 1249 976 1342 indigniori
997 1250 1193 1343 spectaculo
1213 1253 1332 1323 oculos

258 1373 436 1444 hominum
455 1373 605 1466 pollutos
623 1395 711 1444 rear.
730 1372 817 1443 Cum
832 1371 925 1444 enim
942 1371 1009 1465 ipsi
1025 1371 1085 1464 qui
1103 1374 1217 1443 scelus
1234 1370 1334 1443 audi-

260 1495 376 1566 vimus
399 1494 449 1565 sio
470 1493 581 1565 affecti
602 1515 739 1579 sumus,
761 1516 865 1586 quam
886 1493 1005 1565 miseri
1026 1501 1109 1566 sunt
1133 1493 1261 1586 quibus
1281 1494 1335 1566 vi-

259 1616 342 1688 dere
362 1616 506 1708 contigit
525 1615 749 1688 mitissimum
775 1625 880 1710 atque
905 1617 973 1689 alio
997 1615 1067 1689 fine
1091 1616 1333 1710 dignissimum

259 1739 353 1809 illum
368 1740 481 1811 virum
495 1738 715 1833 belluamque
727 1739 890 1812 infamem
903 1760 944 1811 ac
957 1739 1157 1833 pestiferam
1175 1728 1246 1812 uno
1262 1761 1336 1812 mo-

259 1872 376 1931 mento
392 1862 557 1955 temporis
581 1883 721 1956 unoque
737 1864 834 1935 velut
850 1861 987 1934 turbine
1006 1866 1231 1934 corruentes?
1251 1864 1335 1934 Tam

260 2004 414 2077 praeceps
431 1983 525 2054 enim
537 1983 784 2079 inopinumque
801 1987 928 2056 malum
945 1986 1018 2070 fuit,
1035 1997 1174 2080 tamque
1187 1986 1337 2060 incredi-

260 2106 340 2178 bilis
359 2106 571 2180 adstantium
589 2117 724 2201 stupor,
743 2119 782 2180 ut
798 2107 969 2180 fidissima
985 2118 1124 2202 pectora
1139 2129 1203 2202 pro
1222 2107 1337 2181 dilecti

261 2231 382 2325 capitis
405 2234 517 2303 salute
536 2241 681 2304 mortem
708 2251 811 2324 aequo
835 2231 951 2304 animo
982 2231 1153 2316 subitura,
1180 2231 1265 2303 nihii
1290 2231 1338 2302 ilii
1417 2305 1424 2311 ,

261 2355 421 2450 pereunti
443 2355 662 2448 tempestivae
678 2355 753 2451 opis
771 2353 895 2428 afferre
911 2354 1099 2451 potuerint,
1117 2355 1184 2426 nisi
1200 2363 1239 2426 ut
1255 2375 1337 2448 pars

262 2477 481 2571 expirantem
493 2480 676 2562 attolleret,
695 2499 777 2570 pars
793 2476 970 2549 infandum
987 2476 1193 2562 carnificem,
1212 2498 1338 2550 excar-

263 2599 442 2674 nificatum
462 2601 555 2671 mille
571 2601 782 2704 ¹vulneribus
807 2599 1001 2674 conficeret.
1028 2601 1103 2672 Heu
1128 2601 1239 2696 impar
1264 2621 1340 2672 soe-

263 2725 326 2796 leri
340 2723 502 2810 vindicta,
517 2723 588 2795 beu
600 2723 742 2794 nimium
757 2745 819 2816 par
830 2723 948 2796 exitus
959 2724 1142 2820 imparium
1157 2723 1337 2818 spirituum

263 2857 300 2920 et
319 2847 353 2918 in
371 2847 514 2919 diversa
533 2844 762 2940 pergentium.
783 2846 871 2930 Quae
897 2868 974 2918 oum
1001 2845 1050 2918 ita
1074 2845 1157 2932 sint,
1177 2845 1338 2940 precibus

265 2982 379 3042 tamen
400 2970 568 3042 hactenus
593 2967 750 3040 obluctor
771 2969 854 3055 tuis,
876 2990 945 3040 non
967 2968 1124 3041 laborum
1148 2970 1243 3062 fuga,
1271 2990 1340 3040 non

265 3092 529 3185 occupationum
549 3091 655 3176 mole,
677 3091 838 3184 quamvis
859 3091 917 3164 illa
937 3112 1034 3186 saepe
1053 3091 1159 3177 adsit,
1182 3093 1259 3163 baec
1278 3114 1340 3163 au·

266 3223 336 3288 tem
357 3235 535 3309 nunquam
550 3213 658 3301 desit,
677 3215 818 3287 demum
836 3237 905 3287 non
922 3213 1022 3288 aliam
1040 3215 1086 3288 ob
1101 3235 1258 3299 causam,
1273 3212 1340 3286 nisi

266 3360 310 3410 ne
335 3339 444 3409 semel
468 3335 653 3430 absumpto
677 3337 806 3410 doloris
830 3338 977 3431 impetu,
1004 3337 1169 3428 frigescat
1192 3339 1340 3409 fortasse

268 3462 417 3548 animus,
439 3461 499 3554 qui
520 3461 605 3532 tanti
624 3461 725 3534 amici
746 3462 923 3546 memoria,
946 3470 982 3532 et
1001 3459 1209 3532 indeficienti
1229 3462 1341 3554 lacry-

268 3606 404 3658 marum
417 3583 561 3678 materia
573 3583 770 3666 delectatur,
779 3583 966 3656 exhaurire
978 3586 1096 3656 oculos
1109 3582 1341 3675 metuitque
1420 3613 1422 3618 ·

270 3708 421 3802 tidieque
440 3705 507 3779 sibi
524 3705 655 3800 aliquid
672 3714 830 3777 reservat
849 3703 882 3802 (o
898 3706 1047 3777 flebilem
1061 3702 1338 3799 parsimoniami)

271 3830 365 3922 quod
384 3829 429 3902 de
447 3830 505 3902 illo
524 3831 700 3922 loquatur,
718 3827 814 3921 quod
832 3827 1040 3914 meminerit,
1058 3827 1153 3922 quod
1172 3827 1340 3921 deploret;

271 3962 447 4046 postremo
467 3954 523 4026 cui
543 3953 757 4048 propositum
783 3961 838 4025 est
862 3950 953 4023 iilius
973 3950 1041 4022 viri
1066 3948 1189 4020 faciem
1209 3971 1249 4022 ac
1269 3969 1342 4018 mo-

272 4095 343 4158 res,
365 4074 457 4147 illius
478 4075 643 4148 virtutem
675 4097 716 4148 ac
747 4077 918 4147 fortunam
952 4094 1088 4168 semper
1118 4079 1200 4144 ante
1224 4071 1342 4142 oculos

272 4193 417 4279 habere,
444 4206 479 4268 et
503 4217 583 4268 cum
608 4204 732 4268 cuncta
752 4194 933 4287 suspiciat,
957 4192 1041 4265 nihil
1064 4199 1192 4287 praeter
1210 4189 1342 4308 exitum
