2988 4800
313 340 317 356 r
421 341 511 389 urana
533 340 958 392 noueremus-umerum
980 343 1043 392 run.
1217 332 1271 392 ltl

604 663 780 729 EPISTOLI
801 663 871 731 XIII.

384 874 576 924 raubetscus
597 875 765 926 Parauaea
786 876 961 928 Falufflsco
983 877 1088 927 PRIORI

440 979 629 1029 sanctonum
651 978 879 1030 apostotouuu
900 981 926 1029 S.
948 982 976 1030 P.
998 982 1027 1031 b.

257 1185 376 1243 Nunciat
387 1204 447 1244 rem
460 1188 585 1244 Ubertini
596 1189 724 1244 monachi
737 1205 754 1244 a
769 1205 798 1244 se
811 1194 986 1261 procuratam
1000 1188 1070 1244 bene
1084 1189 1211 1259 cessisse,

392 1275 472 1348 eique
487 1276 562 1348 quod
576 1277 709 1332 auxilium
722 1277 881 1350 praestiterit
894 1278 994 1349 gratias
1008 1277 1073 1350 agit.

292 1555 501 1642 Ridiculum,
521 1556 735 1629 rancidulum
758 1557 972 1629 stornachulo
993 1557 1149 1630 incidens
1174 1559 1267 1650 quod

199 1679 376 1752 Umbrosae
395 1680 503 1750 Vallis
521 1679 630 1752 abbas
652 1680 802 1752 instabili
828 1681 911 1750 mibi
936 1691 1098 1754 votorum
1120 1685 1268 1754 alterna-

197 1803 286 1873 tione
306 1813 496 1895 pepererat,
517 1803 560 1874 de
577 1825 646 1895 quo
663 1813 776 1874 tecum
791 1823 894 1895 saepe,
910 1805 940 1874 si
953 1805 1102 1890 memini,
1117 1814 1265 1898 questus

196 1947 303 2009 eram,
334 1934 499 1996 excutere
526 1925 640 2003 nisus,
669 1947 804 1999 summa
827 1949 967 2020 precum
989 1927 1037 2013 vi,
1064 1927 1158 2020 quod
1184 1927 1267 1997 mihi

146 2065 148 2074 ’
196 2069 371 2139 nunquam
385 2050 526 2130 fueram,
542 2047 589 2120 lui
602 2049 677 2120 aliis
690 2047 904 2133 ambitiosus
921 2049 1074 2133 sedulus
1090 2051 1264 2121 sollicitus.

193 2169 365 2255 Vidisses,
388 2170 578 2242 iucundum
599 2170 701 2241 simul
722 2179 758 2241 et
783 2169 981 2242 miserabile
1008 2174 1263 2264 spectaculum,

193 2315 248 2365 me
269 2291 464 2366 solitudinis
482 2292 622 2366 avidum
642 2302 746 2386 atque
762 2293 833 2378 otii,
853 2300 889 2363 et
905 2292 939 2362 in
958 2292 1056 2364 silvis
1073 2314 1191 2364 errare
1209 2315 1266 2365 so-

192 2415 303 2501 litum,
326 2416 468 2486 mutatis
495 2423 637 2509 repente
663 2415 801 2499 studiis,
827 2436 905 2487 cum
933 2414 1064 2506 ingenti
1084 2415 1264 2486 curialium

191 2550 332 2612 caterva
350 2539 427 2611 dies
453 2548 541 2611 totos
562 2538 762 2633 pontificum
784 2539 943 2634 superbis
964 2539 1141 2612 liminibus
1162 2541 1263 2613 ober-

191 2675 337 2749 rantem,
356 2662 560 2735 mirantibus
577 2663 705 2749 amicis,
726 2663 1021 2736 stomachantibus
1035 2686 1169 2736 mecum
1187 2689 1264 2736 mu-

191 2786 249 2858 sis.
268 2785 359 2871 Quid
380 2787 514 2857 multa?
533 2784 623 2858 Vicit
640 2786 779 2858 tandem
800 2786 897 2858 labor
916 2787 1134 2879 importunus
1155 2787 1263 2858 obsti-

191 2920 303 2982 natam
330 2908 509 2981 duritiem:
539 2907 717 3003 pridieque
746 2909 912 2980 kalendas
941 2909 1061 2994 maiaS‚
1097 2909 1180 2981 dum
1215 2931 1262 2982 en

189 3053 284 3104 more
303 3031 338 3102 in
360 3031 445 3102 solio
462 3030 643 3123 piscatoris
664 3031 819 3124 pontifex
839 3031 1014 3104 niaximus
1031 3033 1259 3119 consedisset,

188 3158 289 3251 pleno
301 3155 444 3227 concilio
456 3153 729 3247 conscriptorum
743 3163 887 3248 patrum,
906 3155 1039 3227 amicus
1059 3167 1177 3228 noster
1195 3157 1261 3229 sub

189 3279 311 3351 umbra
330 3277 398 3349 mei
418 3277 581 3362 nominis,
609 3278 704 3371 quod
729 3278 785 3350 illo
810 3277 869 3350 die
887 3278 922 3348 in
942 3299 1003 3348 ore
1028 3281 1259 3352 maximorum

188 3401 365 3472 bominum
383 3401 584 3472 ventilatum
602 3411 706 3494 atque
727 3411 918 3484 versatum,
942 3401 1143 3492 multisque,
1166 3403 1259 3473 veris

188 3523 331 3607 utinam,
350 3522 512 3594 laudibus
526 3533 705 3594 oneratum
722 3524 798 3608 luit,
817 3525 928 3594 laetus
945 3531 1002 3592 est
1016 3521 1088 3592 voti
1103 3543 1256 3614 compos.

188 3646 263 3730 Qua
282 3647 318 3716 in
338 3668 375 3716 re
392 3654 427 3716 et
446 3645 596 3716 amicitia
621 3644 687 3716 sibi
712 3643 837 3738 proluit
861 3655 896 3716 et
920 3643 1095 3726 meritum,
1124 3642 1188 3713 sed
1210 3642 1258 3712 nil

187 3767 299 3859 magis
319 3789 424 3860 quam
445 3767 659 3839 inimicorum
686 3765 906 3838 inexorabilis
932 3775 968 3837 et
991 3766 1172 3858 implacata
1198 3786 1257 3836 su-

187 3892 313 3986 perbia,
327 3900 363 3962 et
375 3889 565 3984 indignatio
582 3913 667 3976 mea,
683 3911 765 3984 quae
779 3889 826 3961 de
841 3889 941 3982 segni
957 3911 1013 3960 me
1031 3887 1256 3981 vigilantissi-

187 4036 282 4086 mum
306 4016 443 4088 lecerat.
472 4015 545 4086 Pati
575 4035 644 4086 non
677 4011 771 4106 potui
804 4023 871 4084 tam
902 4013 1044 4084 licenter
1074 4012 1256 4084 veritatem

187 4137 362 4210 mendacio
378 4137 512 4209 calcari.
536 4137 573 4228 ld
594 4136 760 4228 gavisuro
780 4137 838 4210 tibi
857 4136 1055 4210 nunciatum
1078 4134 1186 4220 votui,
1211 4136 1257 4208 si-
