2958 4804
264 320 323 382 256
604 334 645 380 ns
667 333 767 382 sunus
787 333 1008 384 raumtumnus

268 501 283 537 n
312 473 378 544 viri
410 472 550 566 optimi?
578 471 669 555 Quid
702 472 891 557 rebellatis,
925 471 1010 567 quid
1043 473 1284 567 transfugitis‘l
1304 476 1347 546 ln

269 622 284 658 »
312 594 413 666 vobis
434 593 641 686 regnabam,
669 595 704 665 in
729 595 830 670 vobis
848 595 1063 682 habitabam,
1091 597 1238 669 tentoria
1255 595 1347 668 fixe-

268 746 284 782 »
313 741 388 789 ram
401 720 436 788 in
451 718 568 790 vobis:
586 740 652 809 ego
666 719 810 810 gloriam
825 719 926 791 vobis
940 719 1154 806 addideram,
1169 741 1235 792 vos
1248 719 1346 789 milri.

270 870 284 905 l
312 842 398 924 Quis
426 863 482 910 me
511 839 555 910 de
588 840 704 911 medio
731 850 890 912 vestrum
909 842 1053 935 expulit,
1075 841 1154 936 quis
1174 841 1348 913 disiunxit
1457 939 1458 942 Ἴ

269 993 281 1028 tt
313 965 509 1048 unanimes
531 972 580 1046 et,
605 975 643 1034 ut
660 965 796 1056 proprie
816 965 942 1048 dicam,
966 965 1010 1036 de
1030 986 1100 1037 uno
1119 965 1235 1036 animo
1255 965 1346 1038 duos

267 1115 282 1150 »
311 1090 416 1160 fecit?
435 1087 558 1158 Redite
578 1087 613 1157 in
633 1106 700 1157 vos
720 1097 756 1158 et
776 1088 821 1159 ad
843 1110 897 1158 me
915 1088 1040 1173 redite,
1064 1109 1189 1182 meque
1209 1086 1256 1160 ad
1276 1109 1344 1160 vos
1386 1082 1391 1093 ’

267 1237 283 1274 l
312 1211 515 1282 redeuntem
542 1208 726 1295 admittite,
755 1210 830 1282 sine
856 1231 926 1303 quo
954 1231 1126 1303 nusquam
1151 1210 1244 1283 bene
1267 1211 1346 1284 erit.

232 1376 237 1383 -
269 1358 284 1393 »
312 1329 433 1402 Redite
454 1332 489 1401 in
510 1332 672 1424 gratiam,
694 1333 730 1403 in
751 1332 972 1425 colloquium,
1001 1334 1037 1405 in
1064 1336 1262 1429 amplexuS,
1284 1334 1346 1406 de-

266 1482 282 1518 »
311 1464 410 1526 xtras
437 1455 642 1548 animosque
665 1459 878 1548 coniungite,
898 1458 1023 1529 iterum
1041 1479 1062 1528 e
1078 1456 1217 1529 duobus
1236 1479 1345 1528 unum

269 1578 457 1652 »conflate
487 1576 651 1652 animum.
673 1580 745 1650 Hoc
773 1580 936 1651 virtutem
957 1590 1111 1652 vestram
1132 1579 1252 1664 decet,
1280 1578 1346 1650 hoc

268 1727 283 1762 »
313 1700 459 1772 alienam
480 1701 640 1784 delectat,
664 1700 730 1772 hoc
750 1701 870 1794 patriae
885 1702 1043 1795 expedit,
1066 1702 1133 1773 hoc
1153 1700 1267 1772 bonos
1283 1703 1346 1772 lae-

269 1850 284 1886 >l
313 1821 430 1906 tilicat,
452 1823 519 1894 hoc
535 1822 700 1894 terrificat
721 1825 917 1896 sceleratos.
940 1824 1007 1908 Qui
1026 1824 1073 1897 de
1098 1833 1217 1896 vestro
1238 1823 1343 1896 dissi-

272 1971 286 2006 »
314 1943 372 2015 dio
393 1965 473 2038 spes
498 1945 645 2016 nefarias
674 1955 917 2039 conceperunt,
944 1945 1138 2040 concipiant
1156 1947 1201 2018 de
1225 1957 1346 2017 vestra

268 2093 284 2130 »
314 2066 606 2158 redintegratione
626 2067 855 2138 formidinem.
878 2069 980 2140 Certe
996 2069 1027 2140 si
1046 2069 1172 2142 acriter
1196 2069 1344 2142 intendi-

270 2217 285 2254 »
316 2189 369 2274 tis,
381 2190 411 2260 is
425 2211 541 2260 rerum
554 2199 751 2262 vestrarum
760 2200 871 2262 status
881 2204 945 2275 est,
954 2199 994 2261 ut
1005 2192 1263 2284 quodammodo
1276 2193 1346 2264 sive

272 2341 287 2377 »
315 2313 512 2386 volentibus
527 2312 602 2384 sive
613 2313 809 2386 nolentibus
823 2315 934 2398 vobis,
949 2315 983 2384 in
995 2313 1153 2386 eiusdem
1166 2315 1275 2406 regiae
1291 2337 1347 2410 pe

271 2465 286 2500 »
315 2434 1344 2530 netralibushabitandumsitouantoautemsereniorquan-

273 2589 288 2624 »
319 2569 423 2652 toque
441 2560 656 2653 tranquillior
677 2561 747 2633 vita
767 2559 843 2644 erit,
867 2561 976 2653 pulsis
994 2559 1123 2632 irarum
1143 2557 1296 2645 nebuliS,
1317 2558 1344 2630 si

271 2711 287 2746 »
316 2705 404 2775 quas
420 2686 508 2755 forte
526 2683 628 2755 vobis
649 2669 908 2776 impurissimus
923 2704 1152 2755 susurronum
1169 2681 1274 2752 ssatus
1295 2682 1344 2752 in-

271 2833 287 2868 »
315 2805 475 2876 vexerit?
492 2805 531 2877 ld
551 2815 589 2876 ut
604 2804 784 2897 optimum,
804 2803 855 2875 sic
875 2805 1015 2877 minime
1031 2825 1229 2900 operosum.
1246 2805 1344 2876 Haud

271 2955 288 2990 »
316 2927 478 3020 equidem
504 2926 612 2998 maior
637 2926 921 2999 reconciliationis
942 2949 1049 3000 causa
1068 2927 1132 2998 fuit
1152 2928 1228 3001 sive
1247 2927 1344 3019 quln-

274 3076 289 3114 »
318 3048 513 3141 quennalis
545 3047 620 3118 sive
652 3070 768 3119 annua
797 3059 832 3120 et
861 3051 1041 3122 semestris
1067 3071 1237 3134 censura,
1269 3069 1344 3142 quae

275 3197 290 3233 o
319 3167 493 3238 AEmilium
511 3169 678 3263 Lepidum
698 3180 734 3241 et
753 3147 913 3242 Flaccum
933 3173 1093 3244 Fulvium
1113 3170 1344 3243 reconiunxit:

275 3321 290 3357 »
321 3313 385 3364 nec
398 3291 507 3364 maior
519 3291 609 3366 Livii
627 3293 827 3366 Salinatoris
845 3304 880 3366 et
897 3293 1031 3366 Claudii
1046 3292 1193 3364 Neronis
1211 3314 1344 3364 annuus

275 3445 291 3484 »
319 3418 534 3500 consulatue,
556 3415 616 3510 qui
635 3415 809 3488 oblivione
826 3416 1004 3488 lenissima
1020 3426 1170 3488 atrocem
1189 3414 1346 3487 oblitera-

277 3570 292 3606 t»
320 3541 372 3611 vit
403 3538 575 3622 iniuriam,
611 3559 713 3631 quam
735 3548 853 3612 vestra
877 3548 932 3612 est
956 3562 1026 3612 non
1046 3537 1151 3610 huius
1176 3548 1237 3610 aut
1261 3536 1346 3608 illius

277 3692 293 3728 l
321 3661 437 3747 oflicii,
461 3662 525 3734 sed
549 3660 654 3734 totius
687 3661 771 3733 vitae
804 3685 874 3734 non
905 3670 985 3734 anta
1015 3661 1117 3734 finem
1146 3660 1346 3754 deponenda

278 3814 293 3850 »
322 3785 487 3868 societas;
508 3805 572 3856 nec
597 3784 768 3878 potentior
783 3784 934 3856 Africani
951 3783 1146 3878 Superioris
1166 3791 1203 3853 et
1223 3781 1343 3854 Tiberii

279 3934 295 3970 »
323 3905 467 3979 Gracchi
485 3929 617 3992 mensa,
632 3927 713 4000 quae
732 3929 821 4001 quos
842 3907 961 3980 hostes
982 3916 1163 4000 acceperat
1183 3927 1253 3978 non
1279 3916 1347 3976 tan·

281 4054 296 4092 »
325 4037 398 4098 tum
417 4029 566 4102 amicitia
583 4032 708 4117 veteri,
729 4029 792 4102 sed
808 4051 898 4104 nova
914 4033 1017 4104 etiam
1030 4029 1195 4104 affinitate
1212 4029 1345 4102 conium

282 4177 298 4214 n
326 4162 399 4221 ctos
420 4151 581 4238 reddidit,
604 4175 708 4245 quam
727 4165 844 4225 vester
864 4153 1029 4228 assiduus
1049 4153 1242 4226 convictus.
1263 4151 1344 4237 Quid
