3002 4794
459 391 553 443 nmen
574 391 686 461 nonus.
699 389 902 441 -narsronl
924 393 953 441 v.
1195 375 1235 439 ab

155 546 273 618 dorem
290 548 409 613 autem
423 541 575 633 prolecto
592 548 625 611 te
642 538 776 610 hostem
794 535 890 622 mihi,
911 535 940 609 si
954 557 1010 608 me
1024 534 1085 606 tibi
1097 534 1235 607 bostem

157 669 291 741 scirem.
314 667 464 736 Stultum
485 672 539 734 est
557 661 648 733 enim
669 660 724 732 cni
744 659 860 732 odium
883 669 1031 754 praestes
1049 657 1094 730 ab
1114 678 1157 727 eo
1174 655 1236 726 be-

155 789 389 863 nevolentiam
408 795 604 881 expectare.
625 783 713 855 Veni
734 803 801 875 ego
819 782 864 853 ad
884 783 1066 854 ecclesiam
1083 789 1118 853 et
1136 782 1181 854 ad
1200 794 1235 854 te

155 912 353 1008 quiescendi
375 931 443 981 non
465 907 619 1000 litigandi
632 905 886 999 aemulandique
906 903 1030 975 animo.
1049 905 1236 976 Placebant

153 1057 281 1120 mores,
302 1033 494 1107 delectabat
512 1030 709 1102 humanitas
737 1039 805 1114 tua,
832 1049 912 1122 quae
939 1048 1077 1120 semper
1102 1026 1235 1099 utinam

155 1162 373 1232 consultores
394 1157 447 1228 sui
465 1155 594 1227 similes
616 1153 812 1240 habuisset;
833 1150 917 1222 nihil
935 1152 970 1221 in
984 1160 1017 1222 te
1031 1149 1236 1245 displicebat

156 1292 215 1355 eut
243 1281 415 1374 displicet,
445 1278 513 1350 nisi
545 1279 632 1348 sorte
665 1276 772 1347 nimia
804 1275 992 1347 credulitas
1025 1273 1238 1367 facilitasque

156 1405 275 1490 animi,
296 1425 392 1498 quae,
416 1402 446 1476 si
466 1404 567 1496 culpa
586 1408 653 1487 est,
672 1399 814 1470 minime
832 1398 950 1490 gravis
970 1404 1039 1482 est,
1062 1397 1129 1468 nisi
1149 1398 1240 1468 lero-

156 1528 308 1600 cioribus
329 1525 481 1597 consiliis
503 1525 732 1616 ingravescat.
752 1522 840 1592 Nam
863 1519 1014 1593 sibonis
1035 1518 1238 1592 suasoribus

156 1651 371 1744 obsequitur,
387 1671 482 1742 saepe
496 1646 645 1720 salubris
665 1656 720 1719 est
739 1654 775 1716 et
794 1644 900 1734 nimia
920 1641 1084 1716 essenon
1107 1649 1234 1738 potest.

157 1775 246 1846 Veni
265 1773 374 1866 igitur
392 1794 462 1843 non
482 1770 639 1864 ignarus,
663 1770 727 1842 sed
746 1770 791 1840 de
812 1769 1026 1840 humanitate
1045 1779 1175 1854 certus,
1194 1767 1239 1840 de

161 1897 329 1992 sapientia
346 1902 406 1968 tua
423 1915 566 1988 sperans
575 1885 586 1979 ,’
597 1915 710 1986 neque
725 1901 764 1963 ut
776 1890 821 1962 ad
832 1891 958 1962 iratum
975 1890 1112 1964 hostem
1126 1892 1189 1962 sed
1203 1901 1240 1964 ut

159 2020 203 2093 ad
222 2019 408 2115 propitium
436 2027 567 2112 patrem
593 2016 688 2103 veni,
716 2037 821 2109 quem
845 2014 1010 2109 putabam
1037 2016 1122 2086 tanti
1145 2016 1240 2086 aesti-

159 2165 255 2214 mare
284 2144 459 2227 virtutem,
484 2148 524 2211 ut
549 2140 642 2210 nullo
668 2139 735 2209 alio
759 2138 881 2208 merito
903 2159 980 2207 meo
1002 2157 1114 2221 carus,
1138 2136 1184 2206 ob
1204 2136 1240 2207 id

160 2273 254 2336 certe
274 2263 478 2336 carissimus
498 2283 614 2334 essem
636 2259 707 2347 tibi,
729 2259 823 2353 quod
845 2267 1018 2330 tantorum
1034 2258 1239 2351 tamquein-

162 2386 315 2479 signium
334 2387 522 2458 amicorum
543 2407 693 2470 causam,
720 2383 801 2455 licet
827 2383 1000 2455 adversus
1028 2392 1070 2466 te,
1097 2380 1240 2452 feliciter

163 2509 407 2582 defendissem.
437 2510 557 2603 Neque
583 2532 638 2580 me
668 2508 783 2581 fefellit
809 2528 913 2602 spes3
939 2515 1072 2602 patrem
1097 2503 1235 2602 reperii,

161 2641 291 2724 patrem
313 2631 417 2717 colui,
441 2633 629 2723 colamque,
652 2630 718 2702 nisi
743 2630 927 2724 prohibeor
951 2631 985 2699 in
1007 2615 1131 2699 finem?
1149 2628 1237 2711 Quae

161 2776 239 2826 cum
259 2753 307 2825 ita
329 2755 408 2840 sint,
429 2754 563 2848 depone
582 2774 705 2849 precor
725 2754 818 2826 hunc
839 2753 1006 2838 animum,
1030 2751 1100 2822 noli
1117 2773 1240 2844 quaeso

163 2877 330 2970 suspicari
352 2886 389 2947 ut
409 2875 503 2970 quod
522 2899 700 2969 nunquam
720 2887 822 2949 antea
838 2873 988 2968 cogitavi
1006 2895 1098 2945 nunc
1115 2893 1240 2964 eggre-

162 2997 247 3086 diar,
269 3010 305 3070 et
323 2999 405 3092 quia
429 2999 520 3083 olim,
542 2999 696 3070 nondum
715 3008 819 3071 notus
840 2998 909 3083 tibi,
932 2995 1239 3068 reverentissimus

161 3121 323 3194 defensor
343 3122 533 3193 amicorum
565 3122 699 3207 luerim,
733 3117 860 3194 idcirco
890 3143 981 3192 nunc
1010 3143 1145 3191 morum
1179 3141 1240 3214 pe-

164 3247 256 3318 nitus
281 3246 463 3316 immemor
488 3266 659 3330 meorum,
687 3244 927 3316 fallacissimus
970 3252 1151 3315 accusator
1189 3241 1240 3314 tui

165 3367 240 3453 sim,
261 3391 309 3440 ex
329 3388 398 3460 quo
420 3376 522 3439 notus
542 3377 578 3438 et
597 3387 700 3438 carus
721 3377 755 3438 et
776 3365 1122 3439 honorificentissime
1143 3365 1243 3437 habi-

166 3499 234 3574 tus,
260 3489 413 3583 denique
437 3511 484 3560 ex
510 3510 587 3584 quc,
614 3499 653 3561 ut
678 3489 782 3578 alunt,
810 3500 891 3564 tuus
909 3494 1030 3563 oculus
1050 3511 1139 3561 sum.
1159 3488 1243 3558 Sani

164 3613 339 3707 proprium
359 3620 415 3683 est
434 3613 524 3684 oculi
545 3612 600 3684 sui
623 3612 744 3708 capitis
768 3614 959 3710 periculum
983 3635 1053 3684 non
1080 3608 1242 3703 equidem

165 3753 354 3819 arcessere,
378 3735 441 3805 sed
473 3735 658 3828 providere
686 3735 814 3828 potius,
844 3758 884 3808 ac
907 3735 1090 3806 vitandum
1115 3749 1242 3802 caven-

164 3853 315 3950 dumque
337 3865 548 3929 monstrare:
570 3857 646 3930 sani
665 3879 805 3951 quoque
826 3858 947 3952 capitis
968 3865 1024 3928 est
1040 3876 1143 3926 suum
1159 3873 1244 3924 ocu-

164 3979 236 4050 lum
249 4003 318 4052 non
332 3979 544 4079 odissc,sed
565 3981 652 4052 inter
672 4001 794 4051 omnes
815 4000 999 4074 corporeas
1021 3977 1162 4072 quidem
1179 3977 1243 4049 do-

166 4107 217 4174 tes
237 4101 414 4194 exquisita
434 4104 583 4195 quadam
605 4100 773 4193 singulari
793 4101 970 4194 diligentia
989 4123 1217 4199 praeservare.

261 4226 384 4299 Restat
404 4228 540 4300 illorum
560 4225 744 4300 calumniae
760 4227 972 4322 respondere
989 4228 1049 4323 qui
1062 4226 1146 4300 certi
1160 4225 1242 4298 nihil
