2988 4800
258 355 297 416 96
594 367 636 414 DE
658 365 759 414 llEBUS
781 365 1004 414 FhlllhlhlllBUS

259 512 296 574 ut
317 523 385 572 non
406 501 591 585 immerito,
614 524 693 572 cum
715 499 813 570 virile
833 499 900 570 hoc
922 509 956 570 et
976 495 1198 588 magnificum
1217 507 1334 569 vatum

259 648 370 717 genus
404 647 531 716 magno
561 647 698 718 semper
723 624 758 693 in
783 623 894 716 pretio
919 623 1035 703 fuerit,
1063 621 1148 692 illud
1173 621 1336 693 humilius

260 750 407 842 stiloque
433 747 570 820 mollius
605 747 740 819 severis
774 745 945 818 iudicibus
979 745 1129 816 infamiae
1154 745 1335 815 habeatur.

258 871 387 958 HaheS,
410 874 530 956 frater,
553 869 778 963 quantumin
805 879 875 940 tam
901 867 1002 938 brevi
1023 867 1187 960 temporis
1211 869 1334 963 spatio,

259 1006 399 1088 tamque
421 1004 515 1065 aroto
536 992 725 1064 verborum
745 990 876 1062 ambitu
897 991 1000 1074 licuit,
1025 999 1094 1062 tres
1107 991 1184 1061 illas
1198 991 1305 1062 viasl
1322 1033 1338 1044 -

259 1118 493 1202 mosissimas,
516 1139 578 1210 per
599 1137 687 1209 quas
709 1115 861 1186 humana
882 1113 1067 1185 curiositas
1100 1113 1200 1185 aliter
1233 1123 1337 1207 atque

261 1243 358 1313 aliter
378 1243 596 1332 multumque
615 1238 768 1310 diversis
792 1239 957 1331 passibus
983 1239 1125 1322 incedit,
1152 1237 1187 1309 in
1209 1239 1337 1330 quibus

259 1362 422 1434 omnibus
445 1362 638 1434 studiorum
659 1362 787 1432 eminet
807 1359 941 1432 infinita
973 1361 1159 1433 dissensio.
1180 1363 1252 1433 llas
1278 1385 1338 1433 au·

262 1497 330 1555 tem
352 1485 438 1569 vias,
460 1508 608 1578 quarum
629 1492 665 1554 et
684 1481 891 1554 Aristoteles
909 1493 945 1554 et
961 1484 1245 1579 philosophorum
1263 1486 1337 1576 plu·

260 1631 317 1682 res
338 1608 543 1689 meminere,
566 1628 629 1678 neo
650 1606 761 1699 poetis
786 1605 924 1697 ignotas
950 1605 1107 1689 noveris,
1134 1605 1201 1676 etsi
1225 1605 1262 1676 in
1286 1606 1360 1704 eis·

260 1729 487 1822 designandis
509 1750 605 1799 more
626 1750 690 1799 suo
706 1739 939 1800 exerceantur
955 1728 1133 1800 occultius.
1148 1729 1222 1798 Hoc
1240 1728 1338 1820 equi-

259 1854 338 1924 dem
359 1852 539 1947 importari
550 1852 670 1923 'voluit
690 1874 753 1945 per
773 1860 948 1922 certamen
966 1851 1050 1923 illud
1064 1850 1166 1922 trium
1181 1850 1336 1934 dearum,

258 1975 294 2045 in
326 1998 395 2067 quo
427 1979 658 2071 voluptuosus
685 1975 814 2048 arbiter
841 1978 972 2046 electus
998 1977 1084 2046 falso
1109 1974 1248 2070 penitus
1275 1975 1338 2046 sed

259 2098 396 2188 vulgari
413 2098 538 2169 iudicio
555 2099 727 2168 Venerem
745 2095 866 2168 lunoni
882 2095 1035 2189 praetulit
1047 2117 1087 2167 ao
1105 2095 1285 2180 Minervae,
1305 2108 1340 2167 et

259 2221 409 2314 pretium
436 2220 547 2292 iudice
574 2220 720 2313 dignum·
739 2218 803 2290 fuit
823 2221 984 2312 voluptas
1013 2219 1140 2290 blanda
1165 2219 1230 2290 sed
1260 2217 1340 2290 bre-

259 2345 327 2428 vis;
349 2345 449 2415 dulce
469 2344 688 2440 principium,
711 2341 820 2413 amari
840 2340 969 2412 exitus.
991 2343 1037 2412 Et
1056 2343 1101 2413 de
1117 2341 1238 2435 primis
1259 2341 1340 2434 qui·
1428 2385 1434 2404 .

259 2468 339 2539 dem
360 2466 499 2538 duabus
520 2467 588 2537 viis
610 2467 692 2537 nihil
714 2475 770 2536 est
795 2467 890 2558 quod
922 2465 1039 2536 mirer.
1061 2468 1111 2536 De
1145 2466 1245 2537 tertia
1270 2489 1339 2538 non

259 2589 376 2660 mirari
396 2610 532 2681 nequeo
552 2589 642 2660 inter
662 2609 724 2659 eos
745 2589 852 2682 ipsos
875 2587 935 2680 qui
956 2611 1062 2659 unam
1087 2597 1206 2660 tenent
1230 2589 1337 2674 viam,

258 2735 407 2805 eamque
428 2721 497 2784 tarn
517 2721 647 2782 certam
670 2711 717 2806 (et
738 2711 830 2782 inea
849 2712 925 2805 ipsa
943 2733 1013 2782 uno
1031 2711 1170 2784 nomine
1190 2713 1341 2804 glorian-

260 2844 331 2917 tur,
354 2833 584 2926 dicunturque
605 2833 812 2928 philosophi)
838 2855 919 2905 esse
946 2834 1215 2906 innumerabiles
1239 2855 1341 2929 paene

261 2966 375 3027 sectas
396 2955 655 3039 dissidentium,
678 2978 766 3048 quas
789 2955 903 3028 sciens
923 2967 1106 3051 praetereo:
1125 2959 1219 3050 quod
1235 2967 1271 3030 et
1287 2959 1341 3028 ni-

261 3077 339 3146 miae
360 3076 462 3146 nimis
485 3086 580 3162 sunt,
601 3088 637 3148 et
657 3100 678 3148 a
698 3081 815 3152 Marco
838 3081 1009 3163 Varmne,
1033 3103 1073 3152 ac
1093 3093 1172 3172 post
1192 3103 1273 3152 eum
1294 3079 1340 3150 ab

260 3195 456 3289 Augustino
477 3200 715 3273 curiosissime
737 3206 940 3276 recollectae.
956 3203 1041 3275 lllud
1056 3226 1141 3274 vero
1159 3227 1227 3275 non
1247 3223 1339 3298 prae-

262 3328 366 3404 tereo,
389 3320 424 3389 in
444 3322 499 3392 his
520 3321 605 3414 ipsis
627 3324 731 3395 tantis
753 3324 900 3416 ingeniis
914 3325 1069 3419 virisque
1082 3334 1152 3397 tam
1170 3324 1339 3417 gravibus

262 3452 391 3516 tantam
412 3466 493 3516 esse
513 3444 732 3530 discordiam,
755 3456 794 3517 ut
813 3449 899 3518 alter
917 3450 1064 3524 alterum
1081 3456 1222 3541 spernat
1236 3469 1276 3518 ac
1293 3447 1339 3517 ri-

260 3567 355 3651 deat,
378 3569 571 3661 quodcum
594 3570 711 3642 multis
732 3570 856 3663 possit,
872 3593 942 3640 uno
955 3570 1205 3642 monstrabitur
1217 3592 1340 3641 exem-

262 3695 328 3783 plo.
352 3693 512 3765 Socrates
534 3694 589 3764 ille
611 3717 714 3787 quem
735 3694 885 3787 primurn
911 3694 1064 3766 omnium
1090 3696 1204 3767 ferunt
1229 3695 1340 3788 philo-

263 3816 419 3908 sophiam
441 3819 539 3887 velut
557 3839 578 3888 e
598 3820 685 3890 coelo
706 3817 740 3887 in
759 3827 871 3890 terras
894 3819 1056 3903 traxisse,
1075 3828 1147 3890 eta
1165 3817 1338 3890 sideribus

263 3936 447 4010 abductam
461 3939 550 4010 inter
561 3939 720 4010 homines
734 3939 900 4024 habitare,
915 3941 1028 4034 deque
1041 3941 1218 4012 hominum
1234 3941 1340 4012 mori-

263 4058 328 4131 bus
346 4082 387 4130 ac
404 4060 510 4132 rebus
527 4062 702 4135 disserere
719 4064 886 4155 coegisse,
905 4062 950 4134 ab
967 4063 1151 4134 Aristotele
1164 4063 1338 4146 irridetur,

263 4181 320 4273 qui
342 4204 420 4252 eum
442 4184 544 4276 quasi
568 4185 647 4257 vilis
674 4185 801 4277 negotii
826 4183 1052 4257 exercitorem
1086 4207 1126 4257 ao
1159 4207 1341 4256 mercena-
