2958 4804
263 332 320 390 att
602 343 643 388 uu
661 343 760 390 nunus
782 341 1003 389 ruuuuummus

262 477 370 546 bitum
389 497 451 567 pro
472 475 613 546 arbitrio
635 475 855 570 praeceptoris
881 475 1016 546 inflecti.
1040 477 1111 546 Hoc
1137 475 1204 546 sihi
1234 497 1339 570 super

261 609 389 668 caetera
410 598 664 669 incommodum
688 599 833 681 accedit,
861 569 954 690 quod
978 598 1013 667 in
1034 598 1111 690 ipso
1131 597 1280 669 confinio
1301 599 1341 667 li-

260 720 422 803 bertatis,
446 743 512 803 me,
531 721 625 812 quod
643 721 838 802 miraberis,
863 731 1017 804 auctore,
1040 721 1215 812 parmensi
1236 719 1340 790 etiam

261 843 444 937 gymnasio
464 852 618 936 ereptus,
638 842 682 913 ad
699 842 844 926 curiam,
860 863 940 934 quae
958 864 1101 912 romana
1115 842 1252 926 dicitur,
1268 864 1340 912 me-

260 987 338 1034 cum
359 966 466 1048 venit,
491 967 549 1036 ubi
570 987 675 1058 prope
689 966 756 1035 iam
770 989 897 1036 annum
913 965 1071 1060 perdidit.
1090 965 1336 1058 IrreparabiliS,

261 1090 384 1170 fateor,
408 1088 551 1158 iactura:
578 1089 654 1174 sed,
684 1089 711 1159 si
734 1091 833 1181 culpa
861 1101 928 1170 est,
952 1111 1017 1179 ego
1038 1087 1253 1182 culpandus,
1281 1074 1337 1180 qui

261 1210 296 1281 id
317 1210 425 1280 volui:
450 1233 514 1280 non
537 1212 631 1302 quod
652 1211 735 1280 mihi
756 1214 906 1303 placeret
926 1212 1009 1283 illud
1030 1211 1174 1282 Horatii:

620 1400 786 1472 Quaerenda
804 1399 930 1478 pecunia
945 1399 1080 1477 primum
1089 1424 1097 1473 3

501 1505 603 1568 Virtus
620 1510 686 1583 post
703 1521 861 1580 nummos,

261 1712 324 1783 sed
342 1710 490 1782 verebar
507 1732 566 1792 ue,
583 1711 610 1780 si
629 1709 712 1802 quid
730 1709 814 1778 mihi
832 1710 1033 1782 humanitus
1051 1712 1243 1796 accidisset,
1264 1734 1340 1784 meo

261 1834 424 1928 praesidio
448 1833 651 1904 destitutum
685 1855 783 1904 saeva
815 1843 1001 1926 paupertas
1021 1835 1243 1928 opprimeret,
1268 1844 1341 1906 stu-

260 1957 436 2028 diosorum
450 1955 576 2039 hostis,
596 1966 699 2048 atque
715 1978 895 2047 emergere
911 1957 1108 2028 volentibus
1121 1957 1338 2034 obstaculum

260 2103 329 2152 nou
367 2081 481 2150 minus
519 2102 623 2172 quam
657 2080 838 2152 immensae
871 2081 1017 2152 divitiae:
1052 2080 1128 2151 sive
1161 2079 1265 2150 etiam
1299 2101 1341 2150 eo

261 2204 373 2274 maius
393 2203 487 2295 quod
508 2203 707 2275 divitiarum
733 2204 870 2296 pondus
896 2203 1045 2274 abiicere
1075 2223 1281 2296 possumne,
1311 2202 1340 2272 si

261 2329 423 2398 volumus
447 2325 553 2420 (quod
571 2326 667 2397 multi
685 2325 751 2396 viri
769 2325 991 2398 famosissimi
1009 2323 1183 2418 feceruut),
1202 2336 1341 2417 egesta-

261 2449 304 2517 tis
320 2447 489 2518 sarcinam
503 2458 679 2533 excutere,
698 2471 768 2519 non
785 2449 891 2520 estin
908 2459 1029 2520 nostra
1045 2459 1224 2543 potestate.
1241 2450 1340 2520 Hunc

261 2569 367 2660 igitur
393 2592 528 2641 mecum
554 2593 635 2642 esse
660 2571 763 2656 iussi,
787 2584 825 2642 ut
856 2571 1017 2642 omnibus
1044 2593 1202 2666 praeseus
1226 2571 1337 2658 horis,

261 2714 386 2785 meque
407 2693 612 2764 conditionis
634 2715 708 2765 suae
729 2694 920 2766 admoneus
949 2709 989 2766 ac
1015 2696 1140 2766 tacitus
1173 2695 1338 2791 interpel-

260 2817 348 2899 tans,
371 2825 560 2910 conspectu
587 2837 651 2886 suo
677 2816 871 2888 tarditatem
890 2839 1001 2889 meam
1018 2819 1197 2889 excitaret.
1218 2817 1340 2891 Adfuit

261 2938 412 3007 humano
434 2938 541 3028 pietas
563 2937 682 3007 divina
702 2937 854 3008 consilio.
877 2940 995 3032 Itaque
1013 2941 1081 3010 iam
1095 2949 1264 3033 quantum
1282 2963 1339 3013 sa-

261 3060 304 3128 tis
337 3071 393 3128 est
423 3060 525 3131 dives
553 3061 739 3131 canonicus
770 3063 976 3134 veronensis
1010 3062 1054 3133 ad
1087 3073 1120 3134 te
1152 3064 1254 3150 redit,
1282 3065 1337 3136 cui

259 3182 369 3274 prima
388 3180 493 3253 dehet
511 3183 669 3278 pueritiae
690 3171 895 3256 rudimenta.
917 3187 1050 3280 Excipe
1070 3188 1177 3272 illum,
1201 3209 1335 3280 quaeso,

261 3304 473 3376 humanitate
491 3304 548 3377 illa
567 3315 623 3376 tua
640 3307 835 3392 notissima,
851 3319 886 3378 et
902 3308 1039 3393 insiste,
1057 3311 1086 3380 si
1103 3332 1172 3403 qua
1189 3310 1248 3380 via
1264 3319 1334 3392 est,

260 3437 299 3509 ut
320 3428 417 3500 tarde
437 3430 653 3520 surgentium
672 3429 845 3501 viatorum
864 3453 971 3516 more,
991 3433 1149 3503 matutini
1170 3434 1335 3526 temporis

259 3555 425 3625 iacturam
443 3553 632 3625 meridiana
646 3554 866 3625 festinatione
880 3565 1061 3626 restauret.
1081 3555 1172 3638 Quid
1189 3557 1334 3629 ulterius

258 3676 394 3748 dicam?
414 3679 511 3747 Dono
531 3677 623 3748 hunc
643 3677 818 3748 hominem
838 3679 912 3763 tibi,
932 3694 1033 3772 quem
1055 3680 1230 3751 meliorem
1251 3680 1334 3752 mihi

259 3803 436 3886 restitues,
453 3811 490 3871 ut
509 3823 626 3896 spero;
648 3800 742 3893 quod
763 3803 921 3874 Socrates
942 3803 1099 3894 promisit
1112 3803 1278 3875 AEschini.
1296 3805 1334 3876 ld

259 3930 297 3991 ut
316 3923 478 3993 libentius
500 3932 661 4014 praestes,
684 3922 795 3994 dicam
826 3925 920 4017 quod
944 3925 1120 4018 Philippus
1146 3924 1332 3996 Aristoteli.

256 4043 399 4115 Gaudeo
420 4044 581 4136 equidem
617 4056 652 4115 et
682 4067 747 4133 ego
762 4085 766 4099 ‹
780 4044 871 4116 hunc
892 4055 950 4116 tua
971 4024 1078 4118 aetate
1095 4057 1213 4116 natum
1232 4067 1331 4128 esse,

256 4165 316 4256 qui
339 4187 399 4256 per
419 4177 451 4237 te
467 4167 596 4258 aliquid
618 4167 684 4252 fiat,
710 4168 737 4238 si
758 4190 821 4259 per
842 4170 1013 4240 hominem
1033 4169 1104 4240 fieri
1124 4179 1250 4262 potest;
1269 4193 1332 4240 nec
