2988 4800
258 371 296 434 ol
598 385 637 433 na
660 385 760 434 annus
782 383 1002 432 rnurninninus

257 533 439 594 enumeret
459 520 682 594 diversitates
704 519 903 594 innumeras
925 522 1052 619 quibus
1070 524 1159 592 inter
1176 544 1214 594 se
1233 523 1336 594 dissi-

257 646 340 720 dent
360 648 536 730 mortaleS‚
560 656 598 716 ut
617 669 680 719 nec
705 667 773 716 una
793 646 927 738 species
950 654 1049 729 certe,
1073 667 1136 716 nec
1153 670 1261 716 unum
1276 671 1335 740 ge-

258 795 324 845 nus
354 773 458 846 homo
491 797 570 845 cum
595 769 734 843 homine
760 770 944 843 videatur?
969 771 1118 842 Omissis
1145 793 1230 863 ergo
1257 791 1335 864 quae

256 897 441 992 perstringi
461 907 647 989 nequeunt,
671 904 777 966 totam
796 917 869 964 rem
889 904 958 965 tres
976 894 1011 962 in
1024 905 1150 988 partes,
1165 903 1201 965 et
1214 917 1336 964 unam-

256 1043 429 1114 quamque
442 1041 566 1091 rursus
579 1021 614 1088 in
630 1016 959 1089 multasinimieitias
974 1038 1115 1088 secuere
1129 1016 1335 1111 philosophi,

256 1143 348 1214 unde
364 1154 398 1213 et.
416 1153 520 1213 sectae
537 1163 663 1211 nomen
676 1140 828 1212 creditur
840 1138 1047 1209 derivatum.
1065 1136 1233 1208 Videmus
1247 1137 1333 1208 alios

256 1266 493 1359 voluptatibus
535 1264 704 1347 addictoS,
744 1285 825 1358 quac
857 1262 982 1354 ingens
1015 1270 1051 1332 et
1083 1259 1333 1332 inaestimabilis

257 1388 358 1465 turba
377 1399 445 1461 est:
468 1389 662 1481 inquibus
685 1389 781 1458 Deus
798 1382 904 1457 bone!
926 1395 1055 1478 quanta
1071 1373 1233 1469 varietas
1253 1393 1335 1474 quot

256 1526 361 1598 antea,
385 1536 489 1607 quam
511 1535 579 1584 non
601 1511 692 1582 idem
714 1520 848 1602 gustus
871 1533 940 1580 non
956 1532 1026 1580 nna
1044 1508 1226 1580 sententia.
1249 1507 1335 1578 Huic

256 1635 414 1730 displicet
434 1633 527 1726 quod
547 1635 659 1726 placet
678 1632 739 1716 illi,
766 1631 822 1702 hie
848 1609 1015 1702 miserum
1036 1640 1135 1724 putat
1159 1630 1254 1723 quod
1280 1631 1334 1700 ille

256 1759 490 1831 felicissimum
523 1755 720 1826 arbitratur.
755 1755 880 1826 Multos
914 1765 1067 1826 actuosae
1094 1754 1177 1826 vitae
1210 1753 1334 1824 studiis

226 1859 228 1865 ¹
256 1885 406 1954 intentos
441 1880 631 1962 cernimus
666 1901 751 1973 opes
782 1879 1041 1972 potentiamque
1064 1882 1253 1961 sectantem
1274 1878 1336 1948 ho

256 2027 405 2098 rumque
425 2004 511 2074 alios
531 2004 634 2085 bello,
658 2024 742 2096 pace
762 2001 862 2084 alica,
885 1999 1086 2084 hesternis,
1109 2002 1173 2072 hos
1195 2003 1332 2094 pelage,

256 2130 425 2224 quosdam
460 2149 580 2210 manu,
612 2127 795 2197 nonnullos
829 2135 944 2196 autem
976 2124 1115 2216 ingenio
1149 2127 1256 2194 fretos
1290 2125 1335 2196 ad

256 2264 411 2348 optatum
427 2251 497 2320 niti.
513 2249 557 2320 Et
574 2251 629 2322 hic
642 2271 781 2342 quoqne
795 2247 874 2340 quis
887 2250 1074 2319 multarum
1090 2247 1185 2318 labor
1199 2247 1334 2328 artium,

256 2398 337 2468 quae
361 2375 469 2446 variae
495 2396 612 2444 rerum
638 2376 773 2456 formae,
800 2393 880 2464 quae
905 2371 1067 2443 distincta
1089 2371 1274 2443 sedulitas!
1299 2371 1336 2441 ln

256 2499 311 2567 his
332 2495 469 2567 duobus
496 2493 639 2565 vivendi
673 2494 859 2585 generibus
894 2507 1080 2568 versantur
1112 2496 1180 2566 illae
1213 2518 1336 2567 omnes

256 2641 344 2712 quas
370 2617 590 2688 mechanicas
617 2617 751 2703 dicunt,
775 2620 951 2710 corporeis
972 2619 1240 2691 necessitatibus
1262 2641 1337 2691 ser-

256 2741 404 2824 vientes
428 2761 508 2833 quae
530 2739 590 2810 vix
613 2739 753 2811 tandem
775 2740 863 2812 inter
879 2751 973 2812 artes
991 2753 1145 2830 caeteras
1158 2742 1333 2826 admissae,

256 2867 367 2937 locum
379 2865 592 2956 philosophica
607 2851 615 2884 ¹
629 2863 860 2935 novissimum
874 2867 1103 2958 quorumdam
1119 2866 1244 2937 iudicio
1262 2889 1336 2936 mc-

258 2996 411 3059 ruerunt.
433 2990 483 3059 De
503 3009 572 3081 qno
593 3010 685 3058 nunc
706 2989 899 3059 accuratius
920 2989 1088 3061 tractandi
1112 3013 1181 3060 non
1206 2999 1261 3059 est
1286 2992 1336 3059 lo-

257 3135 331 3182 cus.
353 3113 473 3204 ltaque
494 3111 696 3183 varietatem
722 3109 952 3182 humanorum
980 3123 1118 3184 actuum
1145 3133 1336 3205 persequa-

258 3257 346 3305 mur.
367 3237 501 3306 Paucos
522 3229 663 3328 quidem
686 3235 866 3329 sapientiae
884 3245 918 3306 et
938 3235 1218 3329 contemplationi
1237 3231 1337 3306 dedi-

258 3372 311 3430 tos
333 3359 495 3429 andimus
518 3358 648 3451 saepius
666 3382 769 3450 qnam
788 3359 960 3432 videmus.
980 3361 1076 3431 AEtas
1094 3369 1212 3431 nostra
1233 3380 1336 3451 snpe-

259 3482 408 3554 rioribus
431 3481 568 3554 duabus
591 3481 749 3573 graditur
768 3481 850 3562 viis,
873 3505 913 3553 ac
934 3484 1035 3553 tertia
1052 3484 1177 3568 nullus,
1193 3492 1252 3554 aut
1265 3492 1335 3552 tam

258 3603 368 3697 pauci,
388 3612 426 3675 nt
447 3625 554 3699 prope
574 3603 643 3673 iam
657 3606 750 3674 nullo
763 3604 893 3675 recenti
907 3605 1056 3696 vestigio
1070 3603 1207 3697 signata
1222 3603 1276 3674 sit.
1292 3605 1337 3674 Et

258 3729 420 3820 quamvis
439 3751 559 3802 veram,
576 3728 776 3822 sapientiam
795 3750 900 3799 unam
918 3751 1000 3801 esse
1026 3752 1095 3800 non
1116 3727 1160 3799 sit
1178 3727 1333 3809 dubium,

258 3850 366 3922 Deum
389 3875 533 3925 noscere
565 3861 601 3923 et
631 3853 758 3937 colere,
787 3852 1041 3946 propterquod
1069 3851 1334 3943 scriptumest:

257 3976 361 4065 pictos
382 3986 428 4044 est
449 3976 685 4066 sapientiam
709 3998 814 4068 quam
836 3974 990 4047 omniurn
1018 3973 1271 4044 nobilissimum
1294 3993 1335 4041 ac

261 4095 533 4169 sacratissimum
556 4099 708 4170 studium
730 4099 927 4170 hominibus
949 4100 1065 4170 datum
1091 4106 1179 4182 erat,
1203 4096 1269 4168 nisi
1295 4097 1336 4165 il-

338 4231 346 4264 ⁴
363 4232 391 4283 ln
403 4234 464 4285 Cod.
478 4235 612 4286 Parisiensi
622 4235 773 4286 vlllnlonlx
786 4239 890 4300 legitur:
908 4239 988 4288 locum
1002 4249 1145 4288 arianarum
1155 4237 1323 4288 novosimum.
