2958 4804
344 369 437 418 niusa
459 369 954 420 onclltttstalttltts-Erlsrotn
977 374 1028 420 un.
1163 363 1221 424 tta

132 517 205 579 tur.
226 505 322 590 Quid
335 527 428 597 ergo,
448 507 588 599 qnando
609 529 723 600 neque
743 529 764 578 a
786 505 970 580 scribendo
986 529 1138 596 cessare,
1160 533 1222 584 ne-

131 651 206 722 que
227 627 384 720 requiem
407 627 475 720 pati
496 633 662 723 possum?
682 628 835 700 Scribam
855 628 928 715 tibi,
952 653 1020 702 non
1037 633 1130 724 quod
1147 655 1221 704 ma·

132 771 298 844 gnopere
329 759 364 820 te
395 749 463 820 ista
494 750 713 842 contingant,
749 750 811 822 sed
842 753 925 845 quia
956 775 1069 847 neque
1103 778 1219 829 rernm

131 873 299 967 cupidior
320 894 489 946 novarum
509 883 544 944 et
563 874 737 969 praecipue
755 895 920 958 mearum,
939 897 1052 971 neque
1071 881 1221 952 occulta·

133 1021 219 1070 rum
236 995 480 1090 vestigandos,
499 1018 612 1089 neque
628 996 815 1069 difficilium
833 996 1085 1090 intelligentior,
1105 1023 1220 1094 neque

103 1137 109 1150 ·
133 1119 396 1194 incredibilium
429 1118 684 1192 examinantior
712 1119 802 1190 alius
831 1119 914 1190 mibi
940 1127 1010 1192 tam
1039 1122 1220 1214 proximus

135 1266 233 1316 nunc
259 1251 367 1314 extet.
396 1241 531 1318 Audisti
563 1264 643 1316 ecce
664 1243 731 1314 iam
751 1251 885 1334 partem
908 1251 1019 1316 status
1037 1245 1104 1316 mei
1124 1245 1221 1320 labo-

135 1365 297 1459 riosique
317 1365 433 1450 animi,
460 1365 678 1438 ct‘labellam
704 1366 909 1438 interseram
935 1387 1016 1459 quae
1043 1377 1077 1438 te
1101 1370 1220 1442 mirari

136 1489 291 1581 amplius
315 1498 428 1582 cogat,
456 1511 582 1582 meque
606 1510 692 1560 vera
720 1477 870 1561 locutum
896 1488 1028 1583 probet.
1059 1489 1219 1564 Amicum

136 1610 249 1682 habui
266 1610 302 1682 in
319 1611 477 1684 sublimis
495 1611 654 1684 amicitiae
672 1633 808 1684 summo
822 1611 943 1704 gradu.
959 1612 992 1682 ls
1009 1634 1052 1685 eo
1065 1624 1220 1706 tempore

137 1755 210 1825 quo
235 1733 480 1806 ardentissime
508 1734 657 1824 Africam
683 1756 797 1806 meam
821 1735 1020 1826 ingressus,
1048 1744 1217 1830 quantum

137 1879 318 1950 nunquam
341 1861 413 1930 sole
434 1859 570 1930 leonem
592 1857 767 1930 obtinente
786 1858 886 1942 arsit,
913 1856 1034 1949 Africo
1053 1881 1141 1954 opus
1162 1860 1215 1930 in·-

138 2002 311 2074 ceperam,
330 1981 425 2074 quod
441 1981 531 2052 inter
547 2001 672 2054 manus
689 2001 786 2052 meas
805 1980 936 2052 diutius
954 1980 1022 2052 iam
1040 1983 1216 2078 pependit,

138 2114 175 2177 et
199 2104 296 2198 quod
321 2127 442 2189 unum,
472 2107 503 2176 si
530 2127 599 2199 qua
632 2125 714 2200 spes
741 2104 861 2177 salutis
887 2112 956 2186 est,
982 2105 1095 2178 anheli
1127 2105 1218 2176 sitim

142 2228 292 2321 pectoris
313 2239 395 2321 pnto
411 2230 469 2300 vel
487 2227 590 2300 leniet
606 2229 661 2300 vel
682 2228 872 2320 extinguet,
891 2251 970 2301 cnm
991 2229 1140 2301 vidisset
1155 2228 1218 2298 im·

141 2350 276 2424 modico
301 2349 417 2423 labore
440 2352 645 2436 conlectum,
672 2348 862 2444 improviso
888 2373 1047 2424 sermone
1074 2373 1131 2422 me
1154 2372 1219 2444 ag·

141 2497 297 2568 gressus,
316 2474 411 2569 petiit
426 2496 555 2546 munus
572 2474 636 2546 sibi
655 2485 801 2566 gratum,
824 2474 909 2546 mihi
929 2476 1104 2568 perfacile:
1123 2474 1218 2567 quod

140 2617 217 2668 cum
239 2596 383 2687 ignarus
403 2595 612 2680 annuissem,
632 2607 671 2668 ut
685 2596 741 2667 cni
760 2617 891 2688 negare
911 2595 995 2667 nihil
1013 2617 1164 2689 possem,
1182 2606 1218 2666 et
1236 2645 1246 2661 ..

140 2741 243 2812 quem
265 2716 390 2790 scirem
410 2718 457 2788 nil
477 2717 545 2788 nisi
565 2717 775 2790 amicissimo
794 2717 909 2790 animo
928 2718 1139 2814 petiturnm;
1161 2709 1215 2804 da,

140 2841 259 2936 inquit,
282 2840 365 2912 mihi
385 2842 504 2914 claves
524 2839 663 2913 armarii
678 2841 742 2924 tui;
760 2863 849 2934 quos
867 2863 947 2914 oum
963 2840 1138 2914 dedissem
1156 2844 1218 2916 ad-

139 2966 287 3049 mirans,
313 2963 361 3036 ibi
387 2965 544 3058 protinus
569 2963 675 3036 libros
701 2984 824 3036 omnes
848 2985 945 3036 meos
971 2975 1076 3058 atque
1102 2965 1217 3038 omnia

139 3089 183 3162 ad
227 3086 448 3160 scribendum
492 3085 723 3158 instrumenta
761 3088 930 3161 conclusit
969 3087 1216 3183 obseravitque

139 3211 292 3294 somnne,
316 3221 420 3303 atque
439 3209 540 3290 anim
572 3218 608 3280 n
627 3210 758 3294 necem,
780 3210 903 3304 inquit,
927 3210 988 3284 tini
1009 3211 1145 3286 uterum
1166 3195 1238 3284 red,

138 3334 208 3406 rias
228 3331 357 3415 indico,
379 3343 414 3404 et
434 3353 481 3404 ex
501 3343 601 3426 pacto
618 3331 722 3405 iubeo
741 3330 885 3425 nequid
905 3333 971 3406 hoe
993 3343 1149 3428 tempore
1168 3336 1215 3406 le·

138 3475 200 3547 gas
227 3466 289 3528 aut
315 3454 458 3528 scribas.
483 3453 621 3546 Agnovi
639 3455 774 3526 ludum.
802 3455 943 3526 Otiosus
968 3455 1048 3538 sibi,
1071 3435 1228 3528 mancus

137 3575 221 3648 mibi
238 3595 420 3648 remanere
431 3577 531 3650 visus
549 3599 654 3648 eram.
670 3577 760 3662 Quid
774 3580 961 3670 expectas?
974 3577 1123 3648 Transiit
1139 3577 1214 3650 dies

138 3697 193 3771 ille
221 3721 314 3771 nnnc
339 3700 473 3792 longior
498 3720 567 3770 non
594 3699 669 3771 sine
695 3699 818 3782 taedio;
844 3699 901 3772 die
926 3700 1035 3770 altero
1060 3697 1213 3770 dolorem

137 3818 259 3913 capitis
279 3841 301 3892 a
321 3840 422 3892 mane
444 3821 489 3892 ad
509 3841 693 3914 vesperam
719 3841 847 3914 passus
869 3842 967 3904 snm,
990 3817 1112 3890 tertius
1138 3818 1213 3891 dies

139 3941 301 4014 illuxerat
321 3951 357 4014 et
375 3943 546 4036 quasdam
571 3941 676 4014 febris
696 3943 925 4018 motiunculas
945 3940 1075 4014 sentire
1099 3963 1214 4035 cmpe-

140 4086 228 4136 rnm:
250 4065 352 4140 rediit
371 4067 436 4152 ille,
459 4089 498 4139 re
517 4066 667 4158 cognita,
687 4068 874 4159 clavesque
894 4065 1054 4138 restituit.
1077 4067 1128 4137 lta
1147 4086 1213 4158 ego

141 4199 280 4281 repente
301 4191 475 4275 convalui,
498 4198 533 4259 et
556 4190 630 4282 ipsc
652 4189 870 4283 postmodum
889 4210 945 4261 me
966 4187 1142 4262 laboribus
1168 4189 1212 4259 ali
