<?xml version="1.0" encoding="UTF-8"?>
<!DOCTYPE html PUBLIC "-//W3C//DTD XHTML 1.0 Transitional//EN"
    "http://www.w3.org/TR/xhtml1/DTD/xhtml1-transitional.dtd">
<html xmlns="http://www.w3.org/1999/xhtml" xml:lang="en" lang="en">
 <head>
  <title>
</title>
<meta http-equiv="Content-Type" content="text/html;charset=utf-8" />
  <meta name='ocr-system' content='tesseract 3.04.00' />
  <meta name='ocr-capabilities' content='ocr_page ocr_carea ocr_par ocr_line ocrx_word'/>
</head>
<body>
  <div class='ocr_page' id='page_1' title='image "./franciscipetrar01fracgoog_0565.png"; bbox 0 0 3024 4802; ppageno 0'>
   <div class='ocr_carea' id='block_1_1' title="bbox 247 363 998 427">
    <p class='ocr_par' dir='ltr' id='par_1_1' title="bbox 247 363 998 427">
     <span class='ocr_line' id='line_1_1' title="bbox 247 363 998 427; baseline -0.015 0"><span class='ocrx_word' id='word_1_1' title='bbox 247 363 306 427; x_wconf 62' lang='grc'>554</span> <span class='ocrx_word' id='word_1_2' title='bbox 589 372 631 420; x_wconf 81' lang='lat' dir='ltr'>DE</span> <span class='ocrx_word' id='word_1_3' title='bbox 652 370 752 420; x_wconf 73' lang='lat' dir='ltr'>nanus</span> <span class='ocrx_word' id='word_1_4' title='bbox 774 368 998 418; x_wconf 78' lang='lat' dir='ltr'>FllllllelllBUS</span> 
     </span>
    </p>
   </div>
   <div class='ocr_carea' id='block_1_2' title="bbox 175 500 1333 4284">
    <p class='ocr_par' dir='ltr' id='par_1_2' title="bbox 175 500 1333 4284">
     <span class='ocr_line' id='line_1_2' title="bbox 246 500 1329 607; baseline -0.01 -21"><span class='ocrx_word' id='word_1_5' title='bbox 246 514 446 607; x_wconf 80' lang='lat' dir='ltr'>perveniam</span> <span class='ocrx_word' id='word_1_6' title='bbox 474 529 545 601; x_wconf 94' lang='lat' dir='ltr'>quo</span> <span class='ocrx_word' id='word_1_7' title='bbox 568 507 690 591; x_wconf 91' lang='lat' dir='ltr'>velim,</span> <span class='ocrx_word' id='word_1_8' title='bbox 720 503 811 578; x_wconf 88' lang='lat' dir='ltr'>bene</span> <span class='ocrx_word' id='word_1_9' title='bbox 836 507 921 578; x_wconf 89' lang='lat' dir='ltr'>erit:</span> <span class='ocrx_word' id='word_1_10' title='bbox 947 503 1100 598; x_wconf 87' lang='lat' dir='ltr'>alioquin</span> <span class='ocrx_word' id='word_1_11' title='bbox 1132 500 1223 574; x_wconf 88' lang='lat' dir='ltr'>benc</span> <span class='ocrx_word' id='word_1_12' title='bbox 1248 521 1329 576; x_wconf 90' lang='lat' dir='ltr'>esse</span> 
     </span>
     <span class='ocr_line' id='line_1_3' title="bbox 246 626 1328 714; baseline -0.011 -6"><span class='ocrx_word' id='word_1_13' title='bbox 246 636 427 710; x_wconf 87' lang='lat' dir='ltr'>voluerim.</span> <span class='ocrx_word' id='word_1_14' title='bbox 449 634 616 704; x_wconf 91' lang='lat' dir='ltr'>Faustum</span> <span class='ocrx_word' id='word_1_15' title='bbox 637 629 733 714; x_wconf 90' lang='lat' dir='ltr'>illud,</span> <span class='ocrx_word' id='word_1_16' title='bbox 756 630 823 702; x_wconf 91' lang='lat' dir='ltr'>hoc</span> <span class='ocrx_word' id='word_1_17' title='bbox 849 626 1030 702; x_wconf 83' lang='lat' dir='ltr'>laudabile.</span> <span class='ocrx_word' id='word_1_18' title='bbox 1052 626 1141 699; x_wconf 97' lang='lat' dir='ltr'>lllud</span> <span class='ocrx_word' id='word_1_19' title='bbox 1160 637 1218 698; x_wconf 90' lang='lat' dir='ltr'>est</span> <span class='ocrx_word' id='word_1_20' title='bbox 1237 627 1328 698; x_wconf 91' lang='lat' dir='ltr'>euim</span> 
     </span>
     <span class='ocr_line' id='line_1_4' title="bbox 246 749 1329 845; baseline -0.009 -15"><span class='ocrx_word' id='word_1_21' title='bbox 246 758 463 840; x_wconf 74' lang='lat' dir='ltr'>inaltatus,</span> <span class='ocrx_word' id='word_1_22' title='bbox 484 755 551 827; x_wconf 91' lang='lat' dir='ltr'>hoe</span> <span class='ocrx_word' id='word_1_23' title='bbox 571 753 606 824; x_wconf 85' lang='lat' dir='ltr'>io</span> <span class='ocrx_word' id='word_1_24' title='bbox 627 763 747 826; x_wconf 90' lang='lat' dir='ltr'>nostra</span> <span class='ocrx_word' id='word_1_25' title='bbox 771 775 877 824; x_wconf 91' lang='lat' dir='ltr'>manu</span> <span class='ocrx_word' id='word_1_26' title='bbox 898 752 1062 845; x_wconf 88' lang='lat' dir='ltr'>positum.</span> <span class='ocrx_word' id='word_1_27' title='bbox 1084 749 1148 824; x_wconf 89' lang='lat' dir='ltr'>llic</span> <span class='ocrx_word' id='word_1_28' title='bbox 1168 753 1329 821; x_wconf 88' lang='lat' dir='ltr'>insistam</span> 
     </span>
     <span class='ocr_line' id='line_1_5' title="bbox 246 873 1330 966; baseline -0.013 -11"><span class='ocrx_word' id='word_1_29' title='bbox 246 895 285 957; x_wconf 91' lang='lat' dir='ltr'>ut</span> <span class='ocrx_word' id='word_1_30' title='bbox 305 885 421 954; x_wconf 93' lang='lat' dir='ltr'>nullus</span> <span class='ocrx_word' id='word_1_31' title='bbox 442 880 534 962; x_wconf 88' lang='lat' dir='ltr'>dias,</span> <span class='ocrx_word' id='word_1_32' title='bbox 556 879 650 951; x_wconf 85' lang='lat' dir='ltr'>nulla</span> <span class='ocrx_word' id='word_1_33' title='bbox 670 899 757 962; x_wconf 85' lang='lat' dir='ltr'>nox,</span> <span class='ocrx_word' id='word_1_34' title='bbox 778 897 846 947; x_wconf 91' lang='lat' dir='ltr'>nou</span> <span class='ocrx_word' id='word_1_35' title='bbox 867 873 980 959; x_wconf 89' lang='lat' dir='ltr'>labor,</span> <span class='ocrx_word' id='word_1_36' title='bbox 1001 896 1071 946; x_wconf 93' lang='lat' dir='ltr'>non</span> <span class='ocrx_word' id='word_1_37' title='bbox 1089 873 1242 966; x_wconf 82' lang='lat' dir='ltr'>requies,</span> <span class='ocrx_word' id='word_1_38' title='bbox 1261 893 1330 943; x_wconf 90' lang='lat' dir='ltr'>non</span> 
     </span>
     <span class='ocr_line' id='line_1_6' title="bbox 247 993 1331 1097; baseline -0.011 -21"><span class='ocrx_word' id='word_1_39' title='bbox 247 1006 410 1097; x_wconf 90' lang='lat' dir='ltr'>voluptas</span> <span class='ocrx_word' id='word_1_40' title='bbox 432 1002 585 1073; x_wconf 92' lang='lat' dir='ltr'>animum</span> <span class='ocrx_word' id='word_1_41' title='bbox 611 999 656 1073; x_wconf 94' lang='lat' dir='ltr'>ab</span> <span class='ocrx_word' id='word_1_42' title='bbox 678 1000 823 1071; x_wconf 86' lang='lat' dir='ltr'>honesta</span> <span class='ocrx_word' id='word_1_43' title='bbox 849 997 1038 1069; x_wconf 84' lang='lat' dir='ltr'>intentione</span> <span class='ocrx_word' id='word_1_44' title='bbox 1063 993 1252 1067; x_wconf 84' lang='lat' dir='ltr'>dimoveat.</span> <span class='ocrx_word' id='word_1_45' title='bbox 1283 995 1331 1064; x_wconf 89' lang='lat' dir='ltr'>De</span> 
     </span>
     <span class='ocr_line' id='line_1_7' title="bbox 250 1117 1329 1220; baseline -0.012 -22"><span class='ocrx_word' id='word_1_46' title='bbox 250 1129 383 1220; x_wconf 89' lang='lat' dir='ltr'>reliquo</span> <span class='ocrx_word' id='word_1_47' title='bbox 405 1134 532 1197; x_wconf 88' lang='lat' dir='ltr'>sortem</span> <span class='ocrx_word' id='word_1_48' title='bbox 552 1145 664 1196; x_wconf 88' lang='lat' dir='ltr'>meam</span> <span class='ocrx_word' id='word_1_49' title='bbox 683 1143 752 1193; x_wconf 88' lang='lat' dir='ltr'>oon</span> <span class='ocrx_word' id='word_1_50' title='bbox 771 1128 903 1194; x_wconf 87' lang='lat' dir='ltr'>tantum</span> <span class='ocrx_word' id='word_1_51' title='bbox 926 1141 1039 1214; x_wconf 85' lang='lat' dir='ltr'>aequo,</span> <span class='ocrx_word' id='word_1_52' title='bbox 1055 1118 1118 1191; x_wconf 87' lang='lat' dir='ltr'>sed</span> <span class='ocrx_word' id='word_1_53' title='bbox 1135 1120 1204 1190; x_wconf 90' lang='lat' dir='ltr'>alto</span> <span class='ocrx_word' id='word_1_54' title='bbox 1225 1117 1329 1190; x_wconf 88' lang='lat' dir='ltr'>etiam</span> 
     </span>
     <span class='ocr_line' id='line_1_8' title="bbox 251 1239 1330 1341; baseline -0.013 -20"><span class='ocrx_word' id='word_1_55' title='bbox 251 1252 366 1322; x_wconf 91' lang='lat' dir='ltr'>animo</span> <span class='ocrx_word' id='word_1_56' title='bbox 386 1251 504 1321; x_wconf 86' lang='lat' dir='ltr'>leram.</span> <span class='ocrx_word' id='word_1_57' title='bbox 532 1249 567 1317; x_wconf 90' lang='lat' dir='ltr'>Si</span> <span class='ocrx_word' id='word_1_58' title='bbox 594 1247 787 1341; x_wconf 73' lang='lat' dir='ltr'>posteritati</span> <span class='ocrx_word' id='word_1_59' title='bbox 812 1265 940 1317; x_wconf 86' lang='lat' dir='ltr'>noscar</span> <span class='ocrx_word' id='word_1_60' title='bbox 960 1243 1170 1340; x_wconf 64' lang='lat' dir='ltr'>probaque,</span> <span class='ocrx_word' id='word_1_61' title='bbox 1190 1239 1330 1334; x_wconf 90' lang='lat' dir='ltr'>quidni</span> 
     </span>
     <span class='ocr_line' id='line_1_9' title="bbox 251 1362 1332 1466; baseline -0.013 -22"><span class='ocrx_word' id='word_1_62' title='bbox 251 1371 445 1466; x_wconf 79' lang='lat' dir='ltr'>gaudeam?</span> <span class='ocrx_word' id='word_1_63' title='bbox 471 1371 529 1440; x_wconf 87' lang='lat' dir='ltr'>Sin</span> <span class='ocrx_word' id='word_1_64' title='bbox 554 1369 685 1455; x_wconf 91' lang='lat' dir='ltr'>minus,</span> <span class='ocrx_word' id='word_1_65' title='bbox 713 1378 845 1441; x_wconf 81' lang='lat' dir='ltr'>nostrae</span> <span class='ocrx_word' id='word_1_66' title='bbox 869 1379 989 1440; x_wconf 90' lang='lat' dir='ltr'>uotum</span> <span class='ocrx_word' id='word_1_67' title='bbox 1016 1365 1141 1437; x_wconf 89' lang='lat' dir='ltr'>sufficit</span> <span class='ocrx_word' id='word_1_68' title='bbox 1165 1363 1271 1435; x_wconf 85' lang='lat' dir='ltr'>aetati.</span> <span class='ocrx_word' id='word_1_69' title='bbox 1298 1362 1332 1432; x_wconf 90' lang='lat' dir='ltr'>Si</span> 
     </span>
     <span class='ocr_line' id='line_1_10' title="bbox 250 1475 1331 1588; baseline -0.007 -22"><span class='ocrx_word' id='word_1_70' title='bbox 250 1475 293 1567; x_wconf 86' lang='lat' dir='ltr'>ne</span> <span class='ocrx_word' id='word_1_71' title='bbox 314 1494 462 1588; x_wconf 88' lang='lat' dir='ltr'>idipsum</span> <span class='ocrx_word' id='word_1_72' title='bbox 489 1501 674 1566; x_wconf 85' lang='lat' dir='ltr'>assecutus</span> <span class='ocrx_word' id='word_1_73' title='bbox 699 1492 833 1576; x_wconf 83' lang='lat' dir='ltr'>videar,</span> <span class='ocrx_word' id='word_1_74' title='bbox 855 1490 976 1586; x_wconf 88' lang='lat' dir='ltr'>paucis</span> <span class='ocrx_word' id='word_1_75' title='bbox 997 1501 1059 1561; x_wconf 85' lang='lat' dir='ltr'>aut</span> <span class='ocrx_word' id='word_1_76' title='bbox 1081 1489 1141 1560; x_wconf 92' lang='lat' dir='ltr'>uni</span> <span class='ocrx_word' id='word_1_77' title='bbox 1163 1487 1244 1559; x_wconf 87' lang='lat' dir='ltr'>mihi</span> <span class='ocrx_word' id='word_1_78' title='bbox 1272 1507 1331 1559; x_wconf 90' lang='lat' dir='ltr'>no·</span> 
     </span>
     <span class='ocr_line' id='line_1_11' title="bbox 250 1613 1331 1707; baseline -0.003 -18"><span class='ocrx_word' id='word_1_79' title='bbox 250 1631 324 1690; x_wconf 93' lang='lat' dir='ltr'>tum</span> <span class='ocrx_word' id='word_1_80' title='bbox 345 1620 457 1691; x_wconf 85' lang='lat' dir='ltr'>fuisse</span> <span class='ocrx_word' id='word_1_81' title='bbox 479 1616 709 1689; x_wconf 83' lang='lat' dir='ltr'>satisfuerit:</span> <span class='ocrx_word' id='word_1_82' title='bbox 736 1618 837 1687; x_wconf 91' lang='lat' dir='ltr'>talem</span> <span class='ocrx_word' id='word_1_83' title='bbox 858 1615 966 1688; x_wconf 94' lang='lat' dir='ltr'>modo</span> <span class='ocrx_word' id='word_1_84' title='bbox 989 1637 1044 1686; x_wconf 91' lang='lat' dir='ltr'>me</span> <span class='ocrx_word' id='word_1_85' title='bbox 1063 1613 1223 1686; x_wconf 87' lang='lat' dir='ltr'>noverim</span> <span class='ocrx_word' id='word_1_86' title='bbox 1247 1637 1331 1707; x_wconf 90' lang='lat' dir='ltr'>qua·</span> 
     </span>
     <span class='ocr_line' id='line_1_12' title="bbox 249 1735 1332 1833; baseline -0.003 -23"><span class='ocrx_word' id='word_1_87' title='bbox 249 1740 293 1810; x_wconf 91' lang='lat' dir='ltr'>lis</span> <span class='ocrx_word' id='word_1_88' title='bbox 316 1741 404 1822; x_wconf 88' lang='lat' dir='ltr'>sum,</span> <span class='ocrx_word' id='word_1_89' title='bbox 428 1737 576 1829; x_wconf 85' lang='lat' dir='ltr'>talisque</span> <span class='ocrx_word' id='word_1_90' title='bbox 600 1741 665 1830; x_wconf 85' lang='lat' dir='ltr'>sim</span> <span class='ocrx_word' id='word_1_91' title='bbox 686 1738 799 1829; x_wconf 91' lang='lat' dir='ltr'>qualis</span> <span class='ocrx_word' id='word_1_92' title='bbox 820 1757 902 1809; x_wconf 86' lang='lat' dir='ltr'>esse</span> <span class='ocrx_word' id='word_1_93' title='bbox 921 1735 1032 1833; x_wconf 87' lang='lat' dir='ltr'>cupio.</span> <span class='ocrx_word' id='word_1_94' title='bbox 1054 1737 1182 1828; x_wconf 81' lang='lat' dir='ltr'>Magna</span> <span class='ocrx_word' id='word_1_95' title='bbox 1201 1757 1259 1808; x_wconf 90' lang='lat' dir='ltr'>res</span> <span class='ocrx_word' id='word_1_96' title='bbox 1283 1737 1332 1808; x_wconf 84' lang='lat' dir='ltr'>sa-</span> 
     </span>
     <span class='ocr_line' id='line_1_13' title="bbox 250 1857 1332 1953; baseline -0.002 -22"><span class='ocrx_word' id='word_1_97' title='bbox 250 1871 324 1932; x_wconf 87' lang='lat' dir='ltr'>teor</span> <span class='ocrx_word' id='word_1_98' title='bbox 341 1869 375 1931; x_wconf 89' lang='lat' dir='ltr'>et</span> <span class='ocrx_word' id='word_1_99' title='bbox 391 1857 543 1953; x_wconf 91' lang='lat' dir='ltr'>optanda</span> <span class='ocrx_word' id='word_1_100' title='bbox 558 1858 690 1931; x_wconf 82' lang='lat' dir='ltr'>facilius</span> <span class='ocrx_word' id='word_1_101' title='bbox 708 1882 813 1953; x_wconf 91' lang='lat' dir='ltr'>quam</span> <span class='ocrx_word' id='word_1_102' title='bbox 830 1859 1015 1953; x_wconf 89' lang='lat' dir='ltr'>speranda.</span> <span class='ocrx_word' id='word_1_103' title='bbox 1033 1859 1127 1931; x_wconf 88' lang='lat' dir='ltr'>luter</span> <span class='ocrx_word' id='word_1_104' title='bbox 1144 1859 1208 1930; x_wconf 90' lang='lat' dir='ltr'>has</span> <span class='ocrx_word' id='word_1_105' title='bbox 1227 1857 1332 1951; x_wconf 80' lang='lat' dir='ltr'>igitur</span> 
     </span>
     <span class='ocr_line' id='line_1_14' title="bbox 250 1980 1333 2076; baseline -0.003 -21"><span class='ocrx_word' id='word_1_106' title='bbox 250 2003 354 2055; x_wconf 89' lang='lat' dir='ltr'>curas</span> <span class='ocrx_word' id='word_1_107' title='bbox 375 2003 471 2074; x_wconf 83' lang='lat' dir='ltr'>agor,</span> <span class='ocrx_word' id='word_1_108' title='bbox 487 2003 582 2075; x_wconf 86' lang='lat' dir='ltr'>saepe</span> <span class='ocrx_word' id='word_1_109' title='bbox 601 1983 734 2053; x_wconf 85' lang='lat' dir='ltr'>interea</span> <span class='ocrx_word' id='word_1_110' title='bbox 753 1983 863 2053; x_wconf 87' lang='lat' dir='ltr'>Deum</span> <span class='ocrx_word' id='word_1_111' title='bbox 882 2003 988 2055; x_wconf 91' lang='lat' dir='ltr'>orans</span> <span class='ocrx_word' id='word_1_112' title='bbox 1009 1981 1179 2076; x_wconf 90' lang='lat' dir='ltr'>quidquid</span> <span class='ocrx_word' id='word_1_113' title='bbox 1197 1980 1241 2054; x_wconf 91' lang='lat' dir='ltr'>de</span> <span class='ocrx_word' id='word_1_114' title='bbox 1261 1991 1333 2053; x_wconf 91' lang='lat' dir='ltr'>stu-</span> 
     </span>
     <span class='ocr_line' id='line_1_15' title="bbox 250 2102 1332 2198; baseline -0.005 -20"><span class='ocrx_word' id='word_1_115' title='bbox 250 2106 316 2178; x_wconf 87' lang='lat' dir='ltr'>diis</span> <span class='ocrx_word' id='word_1_116' title='bbox 339 2108 503 2198; x_wconf 84' lang='lat' dir='ltr'>iamaque</span> <span class='ocrx_word' id='word_1_117' title='bbox 528 2103 740 2190; x_wconf 86' lang='lat' dir='ltr'>decreverit,</span> <span class='ocrx_word' id='word_1_118' title='bbox 763 2112 801 2175; x_wconf 94' lang='lat' dir='ltr'>ut</span> <span class='ocrx_word' id='word_1_119' title='bbox 826 2103 955 2176; x_wconf 91' lang='lat' dir='ltr'>bonum</span> <span class='ocrx_word' id='word_1_120' title='bbox 976 2105 1181 2198; x_wconf 79' lang='lat' dir='ltr'>facilemque</span> <span class='ocrx_word' id='word_1_121' title='bbox 1205 2115 1241 2177; x_wconf 91' lang='lat' dir='ltr'>et</span> <span class='ocrx_word' id='word_1_122' title='bbox 1267 2102 1332 2175; x_wconf 92' lang='lat' dir='ltr'>sibi</span> 
     </span>
     <span class='ocr_line' id='line_1_16' title="bbox 248 2227 1332 2324; baseline -0.001 -25"><span class='ocrx_word' id='word_1_123' title='bbox 248 2229 411 2322; x_wconf 87' lang='lat' dir='ltr'>placitum</span> <span class='ocrx_word' id='word_1_124' title='bbox 434 2228 494 2299; x_wconf 89' lang='lat' dir='ltr'>det</span> <span class='ocrx_word' id='word_1_125' title='bbox 518 2227 666 2310; x_wconf 87' lang='lat' dir='ltr'>exitum,</span> <span class='ocrx_word' id='word_1_126' title='bbox 685 2249 754 2299; x_wconf 89' lang='lat' dir='ltr'>neu</span> <span class='ocrx_word' id='word_1_127' title='bbox 776 2237 826 2300; x_wconf 89' lang='lat' dir='ltr'>tot</span> <span class='ocrx_word' id='word_1_128' title='bbox 845 2250 902 2299; x_wconf 90' lang='lat' dir='ltr'>me</span> <span class='ocrx_word' id='word_1_129' title='bbox 923 2227 1050 2299; x_wconf 88' lang='lat' dir='ltr'>totiens</span> <span class='ocrx_word' id='word_1_130' title='bbox 1067 2228 1231 2324; x_wconf 90' lang='lat' dir='ltr'>periculis</span> <span class='ocrx_word' id='word_1_131' title='bbox 1252 2249 1332 2300; x_wconf 89' lang='lat' dir='ltr'>eru-</span> 
     </span>
     <span class='ocr_line' id='line_1_17' title="bbox 249 2349 1328 2446; baseline -0.001 -25"><span class='ocrx_word' id='word_1_132' title='bbox 249 2361 321 2422; x_wconf 91' lang='lat' dir='ltr'>tum</span> <span class='ocrx_word' id='word_1_133' title='bbox 343 2352 377 2421; x_wconf 95' lang='lat' dir='ltr'>in</span> <span class='ocrx_word' id='word_1_134' title='bbox 396 2349 464 2422; x_wconf 85' lang='lat' dir='ltr'>flue</span> <span class='ocrx_word' id='word_1_135' title='bbox 484 2350 664 2436; x_wconf 90' lang='lat' dir='ltr'>destituat,</span> <span class='ocrx_word' id='word_1_136' title='bbox 679 2362 715 2424; x_wconf 89' lang='lat' dir='ltr'>et</span> <span class='ocrx_word' id='word_1_137' title='bbox 731 2371 825 2446; x_wconf 84' lang='lat' dir='ltr'>saepe</span> <span class='ocrx_word' id='word_1_138' title='bbox 843 2349 1024 2445; x_wconf 85' lang='lat' dir='ltr'>suspirans</span> <span class='ocrx_word' id='word_1_139' title='bbox 1043 2349 1125 2423; x_wconf 93' lang='lat' dir='ltr'>illud</span> <span class='ocrx_word' id='word_1_140' title='bbox 1140 2351 1206 2422; x_wconf 93' lang='lat' dir='ltr'>sibi</span> <span class='ocrx_word' id='word_1_141' title='bbox 1223 2350 1328 2422; x_wconf 85' lang='lat' dir='ltr'>Dari-</span> 
     </span>
     <span class='ocr_line' id='line_1_18' title="bbox 248 2473 1329 2568; baseline 0.002 -24"><span class='ocrx_word' id='word_1_142' title='bbox 248 2473 364 2546; x_wconf 91' lang='lat' dir='ltr'>dicum</span> <span class='ocrx_word' id='word_1_143' title='bbox 386 2473 594 2547; x_wconf 89' lang='lat' dir='ltr'>insusurro:</span> <span class='ocrx_word' id='word_1_144' title='bbox 614 2474 665 2542; x_wconf 84' lang='lat' dir='ltr'>Ne</span> <span class='ocrx_word' id='word_1_145' title='bbox 681 2475 841 2568; x_wconf 80' lang='lat' dir='ltr'>proiicr‘as</span> <span class='ocrx_word' id='word_1_146' title='bbox 858 2497 910 2544; x_wconf 71' lang='lat' dir='ltr'>inc</span> <span class='ocrx_word' id='word_1_147' title='bbox 930 2476 967 2544; x_wconf 83' lang='lat' dir='ltr'>in</span> <span class='ocrx_word' id='word_1_148' title='bbox 985 2486 1128 2568; x_wconf 85' lang='lat' dir='ltr'>tempore</span> <span class='ocrx_word' id='word_1_149' title='bbox 1146 2477 1329 2561; x_wconf 81' lang='lat' dir='ltr'>senectutis,</span> 
     </span>
     <span class='ocr_line' id='line_1_19' title="bbox 250 2594 1332 2688; baseline 0.003 -24"><span class='ocrx_word' id='word_1_150' title='bbox 250 2618 324 2666; x_wconf 83' lang='lat' dir='ltr'>cum</span> <span class='ocrx_word' id='word_1_151' title='bbox 344 2594 499 2688; x_wconf 78' lang='lat' dir='ltr'>defecerit</span> <span class='ocrx_word' id='word_1_152' title='bbox 515 2598 622 2666; x_wconf 82' lang='lat' dir='ltr'>uirtus</span> <span class='ocrx_word' id='word_1_153' title='bbox 644 2619 716 2667; x_wconf 85' lang='lat' dir='ltr'>mea</span> <span class='ocrx_word' id='word_1_154' title='bbox 736 2594 1000 2688; x_wconf 65' lang='lat' dir='ltr'>pederelinquis</span> <span class='ocrx_word' id='word_1_155' title='bbox 1016 2619 1086 2681; x_wconf 85' lang='lat' dir='ltr'>me;</span> <span class='ocrx_word' id='word_1_156' title='bbox 1098 2596 1251 2669; x_wconf 87' lang='lat' dir='ltr'>etillud:</span> <span class='ocrx_word' id='word_1_157' title='bbox 1266 2597 1332 2667; x_wconf 86' lang='lat' dir='ltr'>Do-</span> 
     </span>
     <span class='ocr_line' id='line_1_20' title="bbox 250 2719 1332 2812; baseline 0.001 -23"><span class='ocrx_word' id='word_1_158' title='bbox 250 2720 346 2789; x_wconf 84' lang='lat' dir='ltr'>cuisti</span> <span class='ocrx_word' id='word_1_159' title='bbox 365 2741 417 2788; x_wconf 83' lang='lat' dir='ltr'>mc</span> <span class='ocrx_word' id='word_1_160' title='bbox 437 2741 459 2788; x_wconf 85' lang='lat' dir='ltr'>c</span> <span class='ocrx_word' id='word_1_161' title='bbox 479 2719 651 2789; x_wconf 83' lang='lat' dir='ltr'>iuventute</span> <span class='ocrx_word' id='word_1_162' title='bbox 671 2741 746 2790; x_wconf 83' lang='lat' dir='ltr'>mec</span> <span class='ocrx_word' id='word_1_163' title='bbox 766 2730 798 2788; x_wconf 87' lang='lat' dir='ltr'>et</span> <span class='ocrx_word' id='word_1_164' title='bbox 817 2741 918 2812; x_wconf 84' lang='lat' dir='ltr'>usquc</span> <span class='ocrx_word' id='word_1_165' title='bbox 938 2741 1028 2790; x_wconf 81' lang='lat' dir='ltr'>nunc</span> <span class='ocrx_word' id='word_1_166' title='bbox 1049 2730 1079 2790; x_wconf 84' lang='lat' dir='ltr'>et</span> <span class='ocrx_word' id='word_1_167' title='bbox 1098 2741 1200 2811; x_wconf 85' lang='lat' dir='ltr'>usque</span> <span class='ocrx_word' id='word_1_168' title='bbox 1225 2721 1262 2789; x_wconf 80' lang='lat' dir='ltr'>in</span> <span class='ocrx_word' id='word_1_169' title='bbox 1281 2741 1332 2790; x_wconf 83' lang='lat' dir='ltr'>se·</span> 
     </span>
     <span class='ocr_line' id='line_1_21' title="bbox 249 2839 1333 2933; baseline 0.004 -23"><span class='ocrx_word' id='word_1_170' title='bbox 249 2852 377 2912; x_wconf 82' lang='lat' dir='ltr'>nectam</span> <span class='ocrx_word' id='word_1_171' title='bbox 391 2851 421 2910; x_wconf 86' lang='lat' dir='ltr'>et</span> <span class='ocrx_word' id='word_1_172' title='bbox 437 2843 581 2926; x_wconf 83' lang='lat' dir='ltr'>senium,</span> <span class='ocrx_word' id='word_1_173' title='bbox 601 2841 689 2912; x_wconf 82' lang='lat' dir='ltr'>Deus</span> <span class='ocrx_word' id='word_1_174' title='bbox 707 2863 749 2912; x_wconf 79' lang='lat' dir='ltr'>ne</span> <span class='ocrx_word' id='word_1_175' title='bbox 761 2839 970 2933; x_wconf 83' lang='lat' dir='ltr'>derelinquas</span> <span class='ocrx_word' id='word_1_176' title='bbox 986 2865 1048 2914; x_wconf 85' lang='lat' dir='ltr'>me.</span> <span class='ocrx_word' id='word_1_177' title='bbox 1063 2841 1153 2912; x_wconf 92' lang='lat' dir='ltr'>Nihil</span> <span class='ocrx_word' id='word_1_178' title='bbox 1167 2843 1333 2914; x_wconf 85' lang='lat' dir='ltr'>affectuo-</span> 
     </span>
     <span class='ocr_line' id='line_1_22' title="bbox 251 2964 1333 3059; baseline -0.001 -23"><span class='ocrx_word' id='word_1_179' title='bbox 251 2965 327 3036; x_wconf 87' lang='lat' dir='ltr'>sius</span> <span class='ocrx_word' id='word_1_180' title='bbox 348 2974 479 3048; x_wconf 88' lang='lat' dir='ltr'>tamen,</span> <span class='ocrx_word' id='word_1_181' title='bbox 506 2964 591 3034; x_wconf 90' lang='lat' dir='ltr'>nihil</span> <span class='ocrx_word' id='word_1_182' title='bbox 613 2965 743 3058; x_wconf 85' lang='lat' dir='ltr'>saepius</span> <span class='ocrx_word' id='word_1_183' title='bbox 768 2986 891 3057; x_wconf 86' lang='lat' dir='ltr'>precor</span> <span class='ocrx_word' id='word_1_184' title='bbox 915 2987 1018 3057; x_wconf 92' lang='lat' dir='ltr'>quam</span> <span class='ocrx_word' id='word_1_185' title='bbox 1045 2987 1090 3036; x_wconf 91' lang='lat' dir='ltr'>nc</span> <span class='ocrx_word' id='word_1_186' title='bbox 1115 2964 1333 3059; x_wconf 86' lang='lat' dir='ltr'>derelinquat</span> 
     </span>
     <span class='ocr_line' id='line_1_23' title="bbox 175 3085 1332 3181; baseline 0.004 -26"><span class='ocrx_word' id='word_1_187' title='bbox 175 3151 177 3155; x_wconf 82' lang='grc'><strong>,</strong></span> <span class='ocrx_word' id='word_1_188' title='bbox 249 3089 284 3157; x_wconf 92' lang='lat' dir='ltr'>in</span> <span class='ocrx_word' id='word_1_189' title='bbox 304 3096 424 3156; x_wconf 90' lang='lat' dir='ltr'>morte.</span> <span class='ocrx_word' id='word_1_190' title='bbox 446 3087 539 3169; x_wconf 84' lang='lat' dir='ltr'>llaec,</span> <span class='ocrx_word' id='word_1_191' title='bbox 559 3086 665 3157; x_wconf 86' lang='lat' dir='ltr'>irater</span> <span class='ocrx_word' id='word_1_192' title='bbox 681 3086 823 3178; x_wconf 88' lang='lat' dir='ltr'>optime,</span> <span class='ocrx_word' id='word_1_193' title='bbox 845 3107 983 3159; x_wconf 92' lang='lat' dir='ltr'>summa</span> <span class='ocrx_word' id='word_1_194' title='bbox 1000 3098 1058 3159; x_wconf 90' lang='lat' dir='ltr'>est</span> <span class='ocrx_word' id='word_1_195' title='bbox 1075 3085 1152 3159; x_wconf 89' lang='lat' dir='ltr'>eius</span> <span class='ocrx_word' id='word_1_196' title='bbox 1170 3111 1273 3181; x_wconf 93' lang='lat' dir='ltr'>quem</span> <span class='ocrx_word' id='word_1_197' title='bbox 1296 3099 1332 3160; x_wconf 92' lang='lat' dir='ltr'>tu</span> 
     </span>
     <span class='ocr_line' id='line_1_24' title="bbox 250 3210 1332 3305; baseline 0.003 -25"><span class='ocrx_word' id='word_1_198' title='bbox 250 3218 393 3292; x_wconf 90' lang='lat' dir='ltr'>statum,</span> <span class='ocrx_word' id='word_1_199' title='bbox 416 3228 482 3300; x_wconf 77' lang='lat' dir='ltr'>ego</span> <span class='ocrx_word' id='word_1_200' title='bbox 503 3229 644 3280; x_wconf 89' lang='lat' dir='ltr'>cursum</span> <span class='ocrx_word' id='word_1_201' title='bbox 667 3230 731 3282; x_wconf 90' lang='lat' dir='ltr'>seu</span> <span class='ocrx_word' id='word_1_202' title='bbox 751 3211 872 3282; x_wconf 88' lang='lat' dir='ltr'>verius</span> <span class='ocrx_word' id='word_1_203' title='bbox 892 3232 1013 3282; x_wconf 88' lang='lat' dir='ltr'>casum</span> <span class='ocrx_word' id='word_1_204' title='bbox 1040 3231 1139 3282; x_wconf 90' lang='lat' dir='ltr'>voco.</span> <span class='ocrx_word' id='word_1_205' title='bbox 1162 3210 1230 3282; x_wconf 88' lang='lat' dir='ltr'>Sed</span> <span class='ocrx_word' id='word_1_206' title='bbox 1251 3212 1332 3305; x_wconf 87' lang='lat' dir='ltr'>quia</span> 
     </span>
     <span class='ocr_line' id='line_1_25' title="bbox 250 3330 1332 3428; baseline 0 -23"><span class='ocrx_word' id='word_1_207' title='bbox 250 3333 294 3405; x_wconf 92' lang='lat' dir='ltr'>de</span> <span class='ocrx_word' id='word_1_208' title='bbox 308 3330 455 3424; x_wconf 82' lang='lat' dir='ltr'>singulis</span> <span class='ocrx_word' id='word_1_209' title='bbox 474 3333 712 3428; x_wconf 89' lang='lat' dir='ltr'>scrupulosius</span> <span class='ocrx_word' id='word_1_210' title='bbox 731 3333 873 3428; x_wconf 79' lang='lat' dir='ltr'>quaeris,</span> <span class='ocrx_word' id='word_1_211' title='bbox 893 3333 1010 3426; x_wconf 84' lang='lat' dir='ltr'>accipe</span> <span class='ocrx_word' id='word_1_212' title='bbox 1027 3343 1164 3406; x_wconf 85' lang='lat' dir='ltr'>caetera.</span> <span class='ocrx_word' id='word_1_213' title='bbox 1178 3333 1332 3427; x_wconf 87' lang='lat' dir='ltr'>Corpore</span> 
     </span>
     <span class='ocr_line' id='line_1_26' title="bbox 249 3455 1333 3552; baseline -0.001 -25"><span class='ocrx_word' id='word_1_214' title='bbox 249 3458 352 3528; x_wconf 89' lang='lat' dir='ltr'>valeo</span> <span class='ocrx_word' id='word_1_215' title='bbox 372 3477 414 3527; x_wconf 89' lang='lat' dir='ltr'>eo</span> <span class='ocrx_word' id='word_1_216' title='bbox 434 3477 559 3549; x_wconf 89' lang='lat' dir='ltr'>usque,</span> <span class='ocrx_word' id='word_1_217' title='bbox 574 3464 613 3528; x_wconf 92' lang='lat' dir='ltr'>ut</span> <span class='ocrx_word' id='word_1_218' title='bbox 632 3457 717 3529; x_wconf 90' lang='lat' dir='ltr'>illud</span> <span class='ocrx_word' id='word_1_219' title='bbox 737 3457 783 3530; x_wconf 90' lang='lat' dir='ltr'>ad</span> <span class='ocrx_word' id='word_1_220' title='bbox 803 3459 951 3552; x_wconf 84' lang='lat' dir='ltr'>plenum,</span> <span class='ocrx_word' id='word_1_221' title='bbox 968 3477 1084 3549; x_wconf 91' lang='lat' dir='ltr'>neque</span> <span class='ocrx_word' id='word_1_222' title='bbox 1103 3455 1333 3547; x_wconf 81' lang='lat' dir='ltr'>iam&#39;gravior</span> 
     </span>
     <span class='ocr_line' id='line_1_27' title="bbox 250 3578 1332 3674; baseline -0.001 -23"><span class='ocrx_word' id='word_1_223' title='bbox 250 3580 388 3651; x_wconf 86' lang='lat' dir='ltr'>animus</span> <span class='ocrx_word' id='word_1_224' title='bbox 409 3586 567 3671; x_wconf 86' lang='lat' dir='ltr'>aetasque</span> <span class='ocrx_word' id='word_1_225' title='bbox 589 3578 811 3674; x_wconf 87' lang='lat' dir='ltr'>tranquillior,</span> <span class='ocrx_word' id='word_1_226' title='bbox 833 3601 948 3673; x_wconf 89' lang='lat' dir='ltr'>neque</span> <span class='ocrx_word' id='word_1_227' title='bbox 968 3578 1175 3650; x_wconf 89' lang='lat' dir='ltr'>abstinentia</span> <span class='ocrx_word' id='word_1_228' title='bbox 1196 3587 1232 3649; x_wconf 91' lang='lat' dir='ltr'>et</span> <span class='ocrx_word' id='word_1_229' title='bbox 1251 3579 1332 3670; x_wconf 76' lang='lat' dir='ltr'>iuge</span> 
     </span>
     <span class='ocr_line' id='line_1_28' title="bbox 249 3699 1332 3795; baseline 0 -24"><span class='ocrx_word' id='word_1_230' title='bbox 249 3701 378 3772; x_wconf 90' lang='lat' dir='ltr'>bellum</span> <span class='ocrx_word' id='word_1_231' title='bbox 396 3701 644 3795; x_wconf 87' lang='lat' dir='ltr'>perdomuerit,</span> <span class='ocrx_word' id='word_1_232' title='bbox 663 3701 757 3794; x_wconf 91' lang='lat' dir='ltr'>quod</span> <span class='ocrx_word' id='word_1_233' title='bbox 774 3701 823 3772; x_wconf 93' lang='lat' dir='ltr'>illi</span> <span class='ocrx_word' id='word_1_234' title='bbox 839 3700 1144 3774; x_wconf 89' lang='lat' dir='ltr'>contumacissimo</span> <span class='ocrx_word' id='word_1_235' title='bbox 1161 3699 1332 3773; x_wconf 90' lang='lat' dir='ltr'>rebellan-</span> 
     </span>
     <span class='ocr_line' id='line_1_29' title="bbox 251 3822 1333 3920; baseline -0.001 -25"><span class='ocrx_word' id='word_1_236' title='bbox 251 3827 345 3918; x_wconf 92' lang='lat' dir='ltr'>tique</span> <span class='ocrx_word' id='word_1_237' title='bbox 366 3826 537 3919; x_wconf 91' lang='lat' dir='ltr'>mancipio</span> <span class='ocrx_word' id='word_1_238' title='bbox 557 3823 679 3910; x_wconf 84' lang='lat' dir='ltr'>indixi,</span> <span class='ocrx_word' id='word_1_239' title='bbox 703 3845 766 3896; x_wconf 90' lang='lat' dir='ltr'>seu</span> <span class='ocrx_word' id='word_1_240' title='bbox 788 3823 993 3910; x_wconf 89' lang='lat' dir='ltr'>calcitranti,</span> <span class='ocrx_word' id='word_1_241' title='bbox 1016 3833 1055 3896; x_wconf 92' lang='lat' dir='ltr'>ut</span> <span class='ocrx_word' id='word_1_242' title='bbox 1073 3823 1212 3920; x_wconf 87' lang='lat' dir='ltr'>proprie</span> <span class='ocrx_word' id='word_1_243' title='bbox 1231 3822 1333 3896; x_wconf 86' lang='lat' dir='ltr'>dixe·</span> 
     </span>
     <span class='ocr_line' id='line_1_30' title="bbox 250 3925 1333 4052; baseline 0.002 -37"><span class='ocrx_word' id='word_1_244' title='bbox 250 3948 332 4031; x_wconf 88' lang='lat' dir='ltr'>rim,</span> <span class='ocrx_word' id='word_1_245' title='bbox 353 3950 472 4020; x_wconf 90' lang='lat' dir='ltr'>asello.</span> <span class='ocrx_word' id='word_1_246' title='bbox 498 3948 638 4020; x_wconf 88' lang='lat' dir='ltr'>Christo</span> <span class='ocrx_word' id='word_1_247' title='bbox 660 3925 798 4020; x_wconf 79' lang='lat' dir='ltr'>tandem</span> <span class='ocrx_word' id='word_1_248' title='bbox 820 3948 908 4052; x_wconf 86' lang='lat' dir='ltr'>duce</span> <span class='ocrx_word' id='word_1_249' title='bbox 927 3946 1142 4032; x_wconf 82' lang='lat' dir='ltr'>domabitur,</span> <span class='ocrx_word' id='word_1_250' title='bbox 1165 3946 1333 4038; x_wconf 86' lang='lat' dir='ltr'>sineque</span> 
     </span>
     <span class='ocr_line' id='line_1_31' title="bbox 197 4067 1327 4161; baseline 0.004 -26"><span class='ocrx_word' id='word_1_251' title='bbox 197 4137 202 4151; x_wconf 75' lang='grc'>,</span> <span class='ocrx_word' id='word_1_252' title='bbox 251 4067 385 4161; x_wconf 85' lang='lat' dir='ltr'>absque</span> <span class='ocrx_word' id='word_1_253' title='bbox 401 4074 471 4144; x_wconf 89' lang='lat' dir='ltr'>ulia</span> <span class='ocrx_word' id='word_1_254' title='bbox 492 4070 706 4160; x_wconf 88' lang='lat' dir='ltr'>dubitatione</span> <span class='ocrx_word' id='word_1_255' title='bbox 725 4071 792 4146; x_wconf 92' lang='lat' dir='ltr'>sibi</span> <span class='ocrx_word' id='word_1_256' title='bbox 812 4071 1084 4157; x_wconf 87' lang='lat' dir='ltr'>succumberem,</span> <span class='ocrx_word' id='word_1_257' title='bbox 1104 4080 1142 4143; x_wconf 95' lang='lat' dir='ltr'>ut</span> <span class='ocrx_word' id='word_1_258' title='bbox 1162 4068 1327 4142; x_wconf 87' lang='lat' dir='ltr'>solebam.</span> 
     </span>
     <span class='ocr_line' id='line_1_32' title="bbox 252 4187 1330 4284; baseline 0.01 -33"><span class='ocrx_word' id='word_1_259' title='bbox 252 4187 306 4256; x_wconf 84' lang='lat' dir='ltr'>Sic</span> <span class='ocrx_word' id='word_1_260' title='bbox 327 4209 381 4257; x_wconf 86' lang='lat' dir='ltr'>mo</span> <span class='ocrx_word' id='word_1_261' title='bbox 402 4191 524 4262; x_wconf 88' lang='lat' dir='ltr'>crebro</span> <span class='ocrx_word' id='word_1_262' title='bbox 545 4215 591 4263; x_wconf 78' lang='lat' dir='ltr'>ex</span> <span class='ocrx_word' id='word_1_263' title='bbox 613 4192 766 4264; x_wconf 87' lang='lat' dir='ltr'>bibernis</span> <span class='ocrx_word' id='word_1_264' title='bbox 788 4191 824 4264; x_wconf 92' lang='lat' dir='ltr'>in</span> <span class='ocrx_word' id='word_1_265' title='bbox 849 4193 956 4265; x_wconf 84' lang='lat' dir='ltr'>aciem</span> <span class='ocrx_word' id='word_1_266' title='bbox 980 4204 1132 4278; x_wconf 85' lang='lat' dir='ltr'>revocat,</span> <span class='ocrx_word' id='word_1_267' title='bbox 1167 4193 1330 4284; x_wconf 73' lang='lat' dir='ltr'>cogitque</span> 
     </span>
    </p>
   </div>
   <div class='ocr_carea' id='block_1_3' title="bbox 0 0 1518 4802">
    <p class='ocr_par' dir='ltr' id='par_1_3' title="bbox 0 0 1518 4802">
     <span class='ocr_line' id='line_1_33' title="bbox 0 0 1518 4802; baseline 0 0"><span class='ocrx_word' id='word_1_268' title='bbox 0 0 1518 4802; x_wconf 95' lang='lat' dir='ltr'> </span> 
     </span>
    </p>
   </div>
  </div>
 </body>
</html>
