3024 4802
262 377 320 438 536
597 391 637 438 DE
659 391 759 440 llliBllS
781 387 1004 442 Fattlllaltlsstts

261 523 394 595 bertate
416 533 551 594 mortua
571 535 607 594 et
628 525 772 616 sepulta,
799 546 862 617 pro
882 547 952 618 qua
973 524 1070 598 multi
1105 547 1200 620 saepe
1232 530 1340 602 vitam

261 669 483 738 magnacum
510 650 689 742 voluptate
708 661 744 717 et
772 646 883 740 gloria
916 648 1111 740 profudere,
1145 651 1340 744 praesertim

260 792 340 840 cum
361 792 429 841 non
450 769 593 841 libertas
616 773 690 842 sola
706 770 860 864 perierit,
876 769 940 842 sed
956 792 1034 841 cum
1052 771 1110 842 illa
1125 772 1227 842 simul
1241 770 1338 856 fides,

259 891 380 985 pictae,
403 891 580 987 pudicitia,
600 892 831 985 pessimisque
845 891 911 963 iam
933 883 1088 964 moribus
1106 896 1175 966 late
1192 915 1341 986 regnan-

259 1011 364 1099 tibus,
386 1018 502 1086 nullus
524 1038 672 1108 usquam
693 1015 835 1087 iustitiae
851 1027 911 1087 aut
939 1016 1123 1089 modestiae
1149 1022 1247 1089 locus
1269 1018 1341 1090 sit‘l

259 1135 346 1218 Quae
367 1137 529 1229 quoniam
552 1138 627 1209 sine
644 1159 818 1210 consensu
831 1138 970 1230 generis
987 1131 1130 1210 humani
1148 1139 1338 1232 contigisse

258 1281 328 1330 non
348 1267 521 1352 poterant,
546 1259 622 1331 ideo
643 1251 884 1331 stomachosus
906 1270 941 1331 et
970 1260 1157 1352 indignans
1184 1260 1336 1346 animus,

258 1405 327 1454 non
355 1383 467 1475 magis
489 1404 588 1454 suam
609 1405 713 1476 quam
740 1382 913 1475 publicam
947 1395 1075 1455 sortem
1110 1385 1217 1475 luget.
1254 1382 1339 1454 Hinc

258 1527 499 1601 saepenumero
520 1507 618 1578 dolor
639 1528 751 1590 meus,
774 1506 929 1599 hisquae
951 1506 1035 1577 nulli
1053 1506 1233 1578 hominum
1259 1528 1338 1601 pro

258 1638 351 1713 sunt,
375 1629 458 1698 mihi
479 1629 583 1699 etiam
602 1640 740 1712 nocent:
755 1629 888 1700 frivolis
905 1627 1141 1721 quaerimoniis
1158 1641 1336 1724 evaporat.

256 1751 312 1820 Ex
333 1751 398 1821 hoe
419 1772 548 1843 genere
570 1751 774 1846 principium
791 1751 886 1822 istud
905 1773 985 1824 esse
1006 1747 1157 1823 noveris.
1180 1751 1281 1824 Nunc
1295 1773 1337 1823 ne

257 1884 289 1942 te
310 1873 456 1966 amplius
477 1874 718 1966 expectatione
738 1884 932 1967 torqueam,
955 1872 1050 1968 quod
1079 1873 1336 1946 destinaveram

254 1995 418 2090 expedio,
439 2006 475 2067 et
493 1995 634 2071 omissis
660 1995 859 2068 rumoribus
878 1998 939 2091 qui
964 1996 1108 2069 assidue
1128 2017 1234 2068 aures
1257 2006 1334 2068 tuas

230 2120 346 2198 ¹sama
367 2118 578 2192 vociferante
597 2120 864 2205 circumsonant,
896 2142 986 2214 quos
1020 2121 1123 2192 nullis
1154 2118 1336 2192 annalibus

255 2243 501 2335 comprehendi
522 2265 626 2335 posse
646 2242 864 2329 crediderim,
883 2243 942 2337 qui
963 2243 1053 2314 Pisis
1082 2253 1118 2314 et
1150 2243 1209 2337 qui
1235 2241 1336 2313 Senis

253 2370 459 2458 populorum
481 2375 612 2451 motus,
627 2377 712 2460 quot
725 2366 760 2437 in
776 2368 868 2437 latus
887 2370 1044 2440 revoluta
1056 2365 1223 2451 Bononia,
1239 2366 1336 2460 quis

254 2508 334 2558 nam
354 2487 476 2581 patriae
500 2509 588 2560 meae
609 2496 721 2560 status
753 2489 884 2558 utinam
919 2499 956 2560 ut
990 2489 1144 2560 florentis
1179 2508 1332 2579 semper,

253 2607 305 2681 sic
326 2609 512 2703 aliquando
532 2609 733 2695 fructiferae,
756 2610 842 2703 quid
862 2611 944 2684 sseat
956 2612 1078 2696 Roma,
1093 2610 1178 2704 quid
1190 2609 1334 2682 Parthe-

252 2754 343 2827 nope
376 2743 524 2819 metuat,
548 2743 584 2805 nt
611 2734 717 2808 rebus
747 2733 834 2825 ipsis
865 2755 1056 2826 cognomen
1087 2755 1190 2806 suum
1223 2733 1331 2804 Terra

252 2856 396 2929 Laboris
415 2845 416 2852 ¹
436 2858 639 2950 aequaverit,
682 2854 810 2948 quibus
842 2855 988 2928 aestibus
1017 2856 1175 2928 odiorum
1200 2859 1334 2928 ferveat

252 2979 516 3073 sulplrurulenta
538 2979 724 3061 Trinacria,
742 2978 828 3071 quid
858 2990 940 3071 agat
971 2980 1091 3063 lanua,
1119 2979 1203 3073 quid
1233 2989 1333 3071 paret

213 3071 221 3094 ’
251 3100 407 3191 Liguria,
429 3100 514 3192 quid
535 3101 671 3170 AEmilia
691 3100 818 3192 cogitet
838 3111 898 3172 aut
933 3103 1108 3188 Picenum,
1142 3125 1248 3197 quam
1281 3103 1333 3174 in-

251 3223 382 3294 somnis
400 3232 435 3294 et
455 3219 627 3294 laboriosa
647 3223 801 3308 Mantua,
818 3245 922 3317 quam
937 3223 1139 3298 meticulosa
1159 3225 1330 3308 Ferraria,

250 3369 355 3440 quam
372 3347 511 3418 Verona
533 3344 740 3418 miserabilis
761 3345 923 3419 Acteonis
945 3347 978 3418 in
1001 3371 1132 3420 morem
1160 3349 1234 3420 suis
1256 3349 1331 3443 ipsa

251 3467 394 3541 canibus
415 3471 597 3554 laceretur,
620 3480 659 3541 ut
677 3468 868 3541 barbaricis
891 3491 1028 3564 semper
1052 3471 1249 3543 incursibus
1272 3493 1333 3564 pa-

250 3599 344 3663 teant
363 3589 521 3683 Aquileia
540 3601 575 3662 et
596 3590 810 3676 Tridentum,
827 3601 1001 3686 postremo
1020 3593 1204 3687 (pudorum
1219 3591 1333 3664 maxi-

250 3715 340 3810 mus)
361 3715 421 3808 qui
454 3714 656 3810 praedonum
683 3726 796 3788 coetus
826 3737 888 3808 per
917 3715 1046 3788 ltaliam
1081 3724 1329 3810 pervagentur,

250 3851 358 3933 utque
375 3837 420 3910 de
441 3837 854 3930 provinciarum'domina
874 3859 1057 3911 servorum
1079 3823 1230 3910 sit'faeta
1250 3857 1332 3934 pro-

250 3961 374 4045 vincia,
397 3959 440 4031 ad
459 3961 678 4046 Venetorum,
699 3973 736 4031 ut
755 3958 843 4032 Livii
863 3959 969 4032 verbo
988 3970 1078 4045 utar,
1098 3961 1277 4051 angulum,
1296 3968 1332 4032 et

248 4081 293 4150 ad
314 4104 355 4152 ca
375 4103 456 4173 quae
481 4081 545 4152 vix
564 4082 647 4154 dum
668 4091 768 4177 potes
794 4082 937 4158 audisse
970 4082 1106 4157 festino.
1138 4083 1203 4167 Qui
1238 4080 1331 4154 bello

247 4219 325 4268 cum
346 4201 574 4273 laudensibus
597 4213 759 4297 suscepto
779 4225 823 4276 ne
845 4205 957 4278 dicam
984 4229 1028 4278 an
1048 4206 1184 4282 detecto
1206 4206 1328 4293 (latens
