2958 4804
339 369 429 416 iruna
453 367 734 418 nnurnusrsarrus.
749 368 951 416 -urrsrotn
975 371 1014 419 rr.
1150 355 1209 415 ⁹239

123 509 157 576 iu
179 506 331 601 patriam
354 504 455 576 vobis
476 504 675 596 optantibus
698 505 952 589 transmissam,
982 505 1116 578 habetis
1139 515 1213 577 stu-

122 629 301 722 dioseque
318 627 440 719 legitis
460 626 554 720 quod
574 629 608 698 in
631 628 754 699 litteris
772 626 853 698 inde
873 627 1095 700 venientibus
1115 651 1212 701 reco-

123 774 272 844 gnosco.
307 750 397 833 Quid
422 772 509 822 vero
534 773 626 846 nunp
651 750 787 823 dicam?
817 750 960 822 Gaudeo
983 751 1143 842 equidem
1178 761 1214 824 et

123 878 318 971 plusquam
333 873 402 964 dici
421 874 533 968 possit
549 876 713 966 gratulor,
730 881 862 946 tautum
876 873 978 945 etiam
997 896 1088 945 nunc
1104 875 1215 948 hono-

125 1019 202 1068 rem
217 995 331 1067 Musis
349 1017 438 1080 esse,
453 996 619 1090 quodque
636 996 749 1087 magis
763 995 909 1080 mireris,
925 996 1019 1089 apud
1034 997 1213 1068 Musarum

127 1120 280 1203 inscios
304 1128 342 1190 ut
364 1119 554 1205 bominem,
577 1118 730 1212 alioquin
750 1118 837 1213 ipsis
854 1119 1026 1191 iudicibus
1045 1119 1212 1202 invisum,

128 1245 272 1314 salvare
297 1242 432 1334 possint
457 1243 532 1314 solo
557 1243 707 1313 nomine.
733 1242 826 1326 Quid
851 1244 930 1336 plus
962 1242 1030 1314 sub
1054 1241 1216 1335 Augusto

128 1366 274 1436 Caesare
288 1364 507 1448 meruissent,
527 1364 666 1457 quando
683 1364 750 1434 illis
769 1385 926 1435 summus
941 1366 1050 1438 bonor
1063 1364 1214 1450 habitus

56 1508 58 1512 ’
129 1487 275 1580 quando
295 1487 351 1558 ille
376 1497 494 1558 vatum
520 1509 567 1558 ex
594 1485 687 1558 omni
712 1488 855 1578 regione
880 1509 1074 1560 concursus
1097 1487 1216 1560 Romae

128 1612 194 1683 fuit
216 1611 264 1682 ad
285 1610 510 1704 spectandam
531 1609 834 1704 praeclarissimam
860 1609 952 1681 illam
977 1611 1101 1682 faeiem
1124 1610 1217 1683 unici

130 1732 299 1826 principis
325 1744 360 1804 et
386 1732 487 1804 amici
512 1743 693 1826 poemrum
717 1743 752 1804 et
781 1755 900 1805 rerum
932 1733 1093 1806 domini?
1125 1733 1217 1818 Quid

131 1857 295 1950 amplius
311 1877 442 1949 quaeso,
458 1867 538 1928 tunc
555 1855 723 1927 tributum
741 1858 851 1930 Musis
865 1868 969 1940 esset,
986 1879 1089 1950 quam
1104 1866 1142 1927 ut
1154 1856 1217 1926 ho-

131 1981 273 2064 minem,
293 2002 362 2050 non
379 1980 498 2052 laboro
516 1989 647 2073 quanto
663 1979 808 2072 dignum
826 1979 914 2063 odio,
933 1979 1093 2052 odiosum
1111 1991 1214 2064 certe,

132 2124 249 2196 neque
276 2100 377 2174 cuius
404 2123 502 2173 reum
525 2102 692 2185 oriminis,
726 2123 822 2172 raum
854 2111 970 2172 tamen
1003 2100 1217 2172 convictum-

133 2247 203 2318 que
229 2234 266 2296 et
290 2225 487 2296 consessum
521 2222 753 2315 concordique
785 2232 868 2293 voto
900 2221 1053 2294 iudicum
1081 2222 1217 2315 capitali

135 2347 308 2420 sententia
328 2346 531 2430 feriendum,
555 2347 706 2440 periculo
726 2346 847 2418 mortis
867 2345 1068 2441 eriperent?
1089 2346 1216 2418 lterum

135 2469 250 2542 dicam
272 2468 418 2560 gaudeo,
442 2471 665 2562 gratulorque
686 2467 752 2540 sibi
772 2477 807 2539 et
826 2465 951 2551 Musis;
970 2466 1035 2538 sibi
1056 2466 1124 2540 boc
1139 2489 1219 2540 esse

136 2591 349 2686 praesidium,
373 2591 484 2664 Musis
505 2592 598 2664 hunc
618 2592 807 2675 bonorem,
829 2613 943 2685 neque
963 2591 1122 2684 ancipitis
1143 2593 1218 2688 spei

138 2739 195 2789 reo
215 2717 253 2786 in
273 2715 444 2786 extremis
469 2714 611 2787 casibus
631 2715 699 2787 boo
725 2709 940 2787 salutiferum
961 2724 1073 2808 poetae
1093 2737 1219 2786 nomen

138 2838 288 2911 invideo.
308 2837 343 2909 Si
361 2861 417 2910 me
434 2847 550 2908 tamen
568 2839 771 2932 interrogas
790 2839 951 2911 Nicotaus
969 2838 1147 2911 Laurentii
1164 2837 1219 2909 vir

137 2960 407 3033 facundissimus
432 2970 501 3044 est,
528 2969 563 3030 et
590 2960 636 3031 ad
659 2959 940 3055 persuadendum
967 2960 1091 3033 efficax
1116 2971 1152 3032 et
1175 2959 1219 3032 ad

138 3081 325 3154 oratoriam
351 3104 504 3175 pronus:
530 3082 677 3154 dictatur
701 3105 839 3176 quoque
864 3083 975 3156 dulcis
1004 3105 1046 3155 ac
1066 3083 1217 3179 lepidae,

137 3228 205 3278 non
226 3208 347 3278 multae
367 3207 523 3300 quidem,
547 3206 611 3278 sed
628 3207 749 3279 suavis
766 3210 1000 3298 colorataeque
1023 3205 1217 3278 sententiae.

137 3329 271 3411 Poetas,
287 3335 379 3420 puto,
395 3327 455 3420 qui
469 3329 698 3399 communiter
710 3327 891 3412 habentur,
901 3313 1024 3398 omues
1038 3326 1136 3418 legit3
1150 3350 1220 3400 non

139 3460 254 3522 tamen
283 3449 361 3522 ideo
388 3450 501 3542 magis
526 3460 581 3522 est
604 3460 707 3543 poeta
731 3472 837 3542 quam
864 3459 994 3533 textor,
1024 3447 1101 3520 ideo
1125 3449 1220 3542 quod

139 3572 302 3644 manibus
331 3572 454 3644 alienis
479 3581 575 3646 texta
599 3573 783 3668 chlamyde
812 3571 987 3653 induitur3
1011 3579 1047 3640 et
1070 3569 1151 3642 licet
1175 3569 1220 3640 ad

140 3704 253 3788 poetae
271 3716 397 3766 nomen
410 3696 679 3788 promerendum
697 3717 767 3766 non
780 3693 927 3766 sufficiat
944 3695 1055 3765 solum
1068 3713 1217 3776 carmen,

143 3819 256 3913 sitque
276 3817 501 3891 verissimum
522 3818 607 3890 illud
627 3817 779 3890 Horatii:

609 4033 708 4098 neque
724 4017 807 4079 enim
821 4021 981 4078 contexere
995 4015 1127 4078 verbum

302 4115 421 4181 Dixeris
438 4133 503 4182 esse
521 4116 607 4196 satis,
625 4117 722 4180 nessi
740 4117 809 4195 quis
823 4113 927 4178 scribit
942 4113 989 4176 uti
1004 4131 1059 4177 nos

303 4216 446 4279 Sermoni
460 4217 616 4297 propiora,
635 4223 721 4297 putes
737 4216 818 4278 hunc
835 4229 901 4278 csse
917 4221 1053 4293 poetam3
