<?xml version="1.0" encoding="UTF-8"?>
<!DOCTYPE html PUBLIC "-//W3C//DTD XHTML 1.0 Transitional//EN"
    "http://www.w3.org/TR/xhtml1/DTD/xhtml1-transitional.dtd">
<html xmlns="http://www.w3.org/1999/xhtml" xml:lang="en" lang="en">
 <head>
  <title>
</title>
<meta http-equiv="Content-Type" content="text/html;charset=utf-8" />
  <meta name='ocr-system' content='tesseract 3.04.00' />
  <meta name='ocr-capabilities' content='ocr_page ocr_carea ocr_par ocr_line ocrx_word'/>
</head>
<body>
  <div class='ocr_page' id='page_1' title='image "./franciscipetrar01fracgoog_0473.png"; bbox 0 0 3062 4798; ppageno 0'>
   <div class='ocr_carea' id='block_1_1' title="bbox 275 336 1019 402">
    <p class='ocr_par' dir='ltr' id='par_1_1' title="bbox 275 336 1019 402">
     <span class='ocr_line' id='line_1_1' title="bbox 275 336 1019 402; baseline -0.003 -2"><span class='ocrx_word' id='word_1_1' title='bbox 275 341 333 402; x_wconf 72' lang='lat' dir='ltr'>tot</span> <span class='ocrx_word' id='word_1_2' title='bbox 610 353 650 400; x_wconf 84' lang='lat' dir='ltr'>ns</span> <span class='ocrx_word' id='word_1_3' title='bbox 673 351 775 400; x_wconf 82' lang='lat' dir='ltr'>nuens</span> <span class='ocrx_word' id='word_1_4' title='bbox 796 336 1019 402; x_wconf 78' lang='lat' dir='ltr'>rnubrnnreus</span> 
     </span>
    </p>
   </div>
   <div class='ocr_carea' id='block_1_2' title="bbox 271 487 1360 1442">
    <p class='ocr_par' dir='ltr' id='par_1_2' title="bbox 271 487 1360 1442">
     <span class='ocr_line' id='line_1_2' title="bbox 276 487 1359 581; baseline 0.002 -23"><span class='ocrx_word' id='word_1_5' title='bbox 276 491 323 560; x_wconf 89' lang='lat' dir='ltr'>ris</span> <span class='ocrx_word' id='word_1_6' title='bbox 344 487 512 560; x_wconf 76' lang='lat' dir='ltr'>secundet</span> <span class='ocrx_word' id='word_1_7' title='bbox 531 487 751 581; x_wconf 86' lang='lat' dir='ltr'>omnipotens</span> <span class='ocrx_word' id='word_1_8' title='bbox 770 489 875 572; x_wconf 87' lang='lat' dir='ltr'>Deus,</span> <span class='ocrx_word' id='word_1_9' title='bbox 897 497 933 560; x_wconf 89' lang='lat' dir='ltr'>et</span> <span class='ocrx_word' id='word_1_10' title='bbox 952 497 1085 562; x_wconf 83' lang='lat' dir='ltr'>moram</span> <span class='ocrx_word' id='word_1_11' title='bbox 1111 498 1206 563; x_wconf 89' lang='lat' dir='ltr'>tuam</span> <span class='ocrx_word' id='word_1_12' title='bbox 1229 489 1359 561; x_wconf 90' lang='lat' dir='ltr'>mundo</span> 
     </span>
     <span class='ocr_line' id='line_1_3' title="bbox 274 608 1359 700; baseline 0.001 -19"><span class='ocrx_word' id='word_1_13' title='bbox 274 613 406 695; x_wconf 89' lang='lat' dir='ltr'>utilem,</span> <span class='ocrx_word' id='word_1_14' title='bbox 438 609 497 681; x_wconf 92' lang='lat' dir='ltr'>tibi</span> <span class='ocrx_word' id='word_1_15' title='bbox 519 608 706 700; x_wconf 81' lang='lat' dir='ltr'>gloriosam</span> <span class='ocrx_word' id='word_1_16' title='bbox 728 610 875 694; x_wconf 87' lang='lat' dir='ltr'>volitet,</span> <span class='ocrx_word' id='word_1_17' title='bbox 895 609 1213 694; x_wconf 87' lang='lat' dir='ltr'>utaitPsalmista,</span> <span class='ocrx_word' id='word_1_18' title='bbox 1236 611 1359 682; x_wconf 80' lang='lat' dir='ltr'>tribunt</span> 
     </span>
     <span class='ocr_line' id='line_1_4' title="bbox 275 732 1358 825; baseline -0.004 -19"><span class='ocrx_word' id='word_1_19' title='bbox 275 737 335 806; x_wconf 77' lang='lat' dir='ltr'>titt</span> <span class='ocrx_word' id='word_1_20' title='bbox 354 732 532 804; x_wconf 82' lang='lat' dir='ltr'>secondum</span> <span class='ocrx_word' id='word_1_21' title='bbox 554 753 609 802; x_wconf 82' lang='lat' dir='ltr'>cor</span> <span class='ocrx_word' id='word_1_22' title='bbox 636 743 727 802; x_wconf 83' lang='lat' dir='ltr'>tunm</span> <span class='ocrx_word' id='word_1_23' title='bbox 748 743 778 804; x_wconf 83' lang='lat' dir='ltr'>ot</span> <span class='ocrx_word' id='word_1_24' title='bbox 803 755 907 802; x_wconf 83' lang='lat' dir='ltr'>omne.</span> <span class='ocrx_word' id='word_1_25' title='bbox 920 735 1095 804; x_wconf 74' lang='lat' dir='ltr'>consilinm</span> <span class='ocrx_word' id='word_1_26' title='bbox 1120 743 1213 807; x_wconf 78' lang='lat' dir='ltr'>tcum</span> <span class='ocrx_word' id='word_1_27' title='bbox 1239 733 1358 825; x_wconf 70' lang='lat' dir='ltr'>confir·</span> 
     </span>
     <span class='ocr_line' id='line_1_5' title="bbox 272 855 1359 946; baseline 0.001 -19"><span class='ocrx_word' id='word_1_28' title='bbox 272 869 347 927; x_wconf 83' lang='lat' dir='ltr'>met.</span> <span class='ocrx_word' id='word_1_29' title='bbox 366 857 495 928; x_wconf 87' lang='lat' dir='ltr'>Verum</span> <span class='ocrx_word' id='word_1_30' title='bbox 518 855 600 946; x_wconf 88' lang='lat' dir='ltr'>quia</span> <span class='ocrx_word' id='word_1_31' title='bbox 616 855 770 927; x_wconf 90' lang='lat' dir='ltr'>noudum</span> <span class='ocrx_word' id='word_1_32' title='bbox 788 856 926 927; x_wconf 78' lang='lat' dir='ltr'>friuolus</span> <span class='ocrx_word' id='word_1_33' title='bbox 944 856 1056 928; x_wconf 86' lang='lat' dir='ltr'>officio</span> <span class='ocrx_word' id='word_1_34' title='bbox 1074 877 1151 928; x_wconf 90' lang='lat' dir='ltr'>sum</span> <span class='ocrx_word' id='word_1_35' title='bbox 1169 855 1238 926; x_wconf 91' lang='lat' dir='ltr'>nisi</span> <span class='ocrx_word' id='word_1_36' title='bbox 1256 877 1359 928; x_wconf 89' lang='lat' dir='ltr'>omne</span> 
     </span>
     <span class='ocr_line' id='line_1_6' title="bbox 273 978 1356 1074; baseline 0 -21"><span class='ocrx_word' id='word_1_37' title='bbox 273 980 367 1074; x_wconf 89' lang='lat' dir='ltr'>quod</span> <span class='ocrx_word' id='word_1_38' title='bbox 388 1001 488 1052; x_wconf 90' lang='lat' dir='ltr'>mens</span> <span class='ocrx_word' id='word_1_39' title='bbox 510 978 658 1071; x_wconf 85' lang='lat' dir='ltr'>parturit</span> <span class='ocrx_word' id='word_1_40' title='bbox 675 989 713 1050; x_wconf 93' lang='lat' dir='ltr'>et</span> <span class='ocrx_word' id='word_1_41' title='bbox 732 979 852 1070; x_wconf 87' lang='lat' dir='ltr'>lingua</span> <span class='ocrx_word' id='word_1_42' title='bbox 869 978 1050 1072; x_wconf 74' lang='lat' dir='ltr'>pepererit,</span> <span class='ocrx_word' id='word_1_43' title='bbox 1071 979 1121 1050; x_wconf 88' lang='lat' dir='ltr'>sic</span> <span class='ocrx_word' id='word_1_44' title='bbox 1141 979 1209 1050; x_wconf 89' lang='lat' dir='ltr'>iam</span> <span class='ocrx_word' id='word_1_45' title='bbox 1229 980 1356 1062; x_wconf 83' lang='lat' dir='ltr'>caesar,</span> 
     </span>
     <span class='ocr_line' id='line_1_7' title="bbox 271 1100 1360 1197; baseline 0.001 -22"><span class='ocrx_word' id='word_1_46' title='bbox 271 1105 429 1197; x_wconf 90' lang='lat' dir='ltr'>epistolae</span> <span class='ocrx_word' id='word_1_47' title='bbox 444 1113 520 1174; x_wconf 85' lang='lat' dir='ltr'>tuae</span> <span class='ocrx_word' id='word_1_48' title='bbox 539 1100 767 1197; x_wconf 87' lang='lat' dir='ltr'>respondebo,</span> <span class='ocrx_word' id='word_1_49' title='bbox 789 1111 827 1174; x_wconf 90' lang='lat' dir='ltr'>ut</span> <span class='ocrx_word' id='word_1_50' title='bbox 847 1103 1018 1193; x_wconf 80' lang='lat' dir='ltr'>intelligas</span> <span class='ocrx_word' id='word_1_51' title='bbox 1040 1125 1095 1174; x_wconf 83' lang='lat' dir='ltr'>tue</span> <span class='ocrx_word' id='word_1_52' title='bbox 1119 1103 1164 1174; x_wconf 93' lang='lat' dir='ltr'>de</span> <span class='ocrx_word' id='word_1_53' title='bbox 1186 1103 1360 1176; x_wconf 83' lang='lat' dir='ltr'>sententia</span> 
     </span>
     <span class='ocr_line' id='line_1_8' title="bbox 273 1224 1359 1318; baseline 0 -22"><span class='ocrx_word' id='word_1_54' title='bbox 273 1251 343 1299; x_wconf 91' lang='lat' dir='ltr'>non</span> <span class='ocrx_word' id='word_1_55' title='bbox 364 1236 434 1298; x_wconf 87' lang='lat' dir='ltr'>tam</span> <span class='ocrx_word' id='word_1_56' title='bbox 454 1224 649 1298; x_wconf 85' lang='lat' dir='ltr'>rationibus</span> <span class='ocrx_word' id='word_1_57' title='bbox 666 1225 857 1296; x_wconf 88' lang='lat' dir='ltr'>litterarum</span> <span class='ocrx_word' id='word_1_58' title='bbox 880 1235 1033 1308; x_wconf 85' lang='lat' dir='ltr'>tuarum,</span> <span class='ocrx_word' id='word_1_59' title='bbox 1052 1247 1155 1318; x_wconf 89' lang='lat' dir='ltr'>quam</span> <span class='ocrx_word' id='word_1_60' title='bbox 1178 1225 1228 1296; x_wconf 93' lang='lat' dir='ltr'>tui</span> <span class='ocrx_word' id='word_1_61' title='bbox 1249 1226 1359 1298; x_wconf 89' lang='lat' dir='ltr'>nomi-</span> 
     </span>
     <span class='ocr_line' id='line_1_9' title="bbox 273 1347 1359 1442; baseline 0.002 -22"><span class='ocrx_word' id='word_1_62' title='bbox 273 1353 328 1421; x_wconf 86' lang='lat' dir='ltr'>nis</span> <span class='ocrx_word' id='word_1_63' title='bbox 348 1351 527 1425; x_wconf 86' lang='lat' dir='ltr'>maiestate</span> <span class='ocrx_word' id='word_1_64' title='bbox 549 1348 756 1442; x_wconf 89' lang='lat' dir='ltr'>depositum.</span> <span class='ocrx_word' id='word_1_65' title='bbox 779 1347 864 1430; x_wconf 88' lang='lat' dir='ltr'>Quis</span> <span class='ocrx_word' id='word_1_66' title='bbox 887 1348 982 1421; x_wconf 61' lang='lat' dir='ltr'>enim,</span> <span class='ocrx_word' id='word_1_67' title='bbox 999 1347 1074 1421; x_wconf 90' lang='lat' dir='ltr'>sani</span> <span class='ocrx_word' id='word_1_68' title='bbox 1094 1347 1217 1440; x_wconf 79' lang='lat' dir='ltr'>cepitis</span> <span class='ocrx_word' id='word_1_69' title='bbox 1240 1357 1359 1422; x_wconf 88' lang='lat' dir='ltr'>contra</span> 
     </span>
    </p>
   </div>
   <div class='ocr_carea' id='block_1_3' title="bbox 159 1468 1359 1564">
    <p class='ocr_par' dir='ltr' id='par_1_3' title="bbox 159 1468 1359 1564">
     <span class='ocr_line' id='line_1_10' title="bbox 159 1468 1359 1564; baseline 0 -20"><span class='ocrx_word' id='word_1_70' title='bbox 159 1483 163 1494; x_wconf 87' lang='lat'>&#39;</span> <span class='ocrx_word' id='word_1_71' title='bbox 272 1475 447 1544; x_wconf 79' lang='lat' dir='ltr'>Caes&#39;anem</span> <span class='ocrx_word' id='word_1_72' title='bbox 468 1472 596 1545; x_wconf 87' lang='lat' dir='ltr'>sentire</span> <span class='ocrx_word' id='word_1_73' title='bbox 622 1471 765 1554; x_wconf 81' lang='lat' dir='ltr'>audeat,</span> <span class='ocrx_word' id='word_1_74' title='bbox 788 1479 823 1542; x_wconf 91' lang='lat' dir='ltr'>et</span> <span class='ocrx_word' id='word_1_75' title='bbox 843 1471 1036 1564; x_wconf 78' lang='lat' dir='ltr'>praesertim</span> <span class='ocrx_word' id='word_1_76' title='bbox 1057 1471 1094 1542; x_wconf 89' lang='lat' dir='ltr'>in</span> <span class='ocrx_word' id='word_1_77' title='bbox 1117 1468 1224 1542; x_wconf 90' lang='lat' dir='ltr'>rebus</span> <span class='ocrx_word' id='word_1_78' title='bbox 1246 1471 1359 1564; x_wconf 89' lang='lat' dir='ltr'>Impe-</span> 
     </span>
    </p>
   </div>
   <div class='ocr_carea' id='block_1_4' title="bbox 270 1591 1360 4252">
    <p class='ocr_par' dir='ltr' id='par_1_4' title="bbox 270 1591 1360 4252">
     <span class='ocr_line' id='line_1_11' title="bbox 272 1591 1359 1684; baseline -0.001 -20"><span class='ocrx_word' id='word_1_79' title='bbox 272 1594 335 1664; x_wconf 86' lang='lat' dir='ltr'>rii‘?</span> <span class='ocrx_word' id='word_1_80' title='bbox 356 1593 391 1663; x_wconf 90' lang='lat' dir='ltr'>Si</span> <span class='ocrx_word' id='word_1_81' title='bbox 409 1594 458 1664; x_wconf 91' lang='lat' dir='ltr'>de</span> <span class='ocrx_word' id='word_1_82' title='bbox 476 1591 611 1684; x_wconf 90' lang='lat' dir='ltr'>poetica</span> <span class='ocrx_word' id='word_1_83' title='bbox 631 1602 692 1664; x_wconf 91' lang='lat' dir='ltr'>aut</span> <span class='ocrx_word' id='word_1_84' title='bbox 710 1591 739 1662; x_wconf 90' lang='lat' dir='ltr'>si</span> <span class='ocrx_word' id='word_1_85' title='bbox 757 1593 898 1662; x_wconf 89' lang='lat' dir='ltr'>omnino</span> <span class='ocrx_word' id='word_1_86' title='bbox 915 1591 959 1664; x_wconf 93' lang='lat' dir='ltr'>de</span> <span class='ocrx_word' id='word_1_87' title='bbox 976 1591 1100 1664; x_wconf 86' lang='lat' dir='ltr'>litteris</span> <span class='ocrx_word' id='word_1_88' title='bbox 1118 1613 1236 1664; x_wconf 87' lang='lat' dir='ltr'>sermo</span> <span class='ocrx_word' id='word_1_89' title='bbox 1252 1604 1359 1674; x_wconf 85' lang='lat' dir='ltr'>esset,</span> 
     </span>
     <span class='ocr_line' id='line_1_12' title="bbox 271 1709 1360 1804; baseline 0 -20"><span class='ocrx_word' id='word_1_90' title='bbox 271 1722 390 1786; x_wconf 90' lang='lat' dir='ltr'>uterer</span> <span class='ocrx_word' id='word_1_91' title='bbox 407 1715 495 1786; x_wconf 84' lang='lat' dir='ltr'>torte</span> <span class='ocrx_word' id='word_1_92' title='bbox 514 1711 670 1786; x_wconf 86' lang='lat' dir='ltr'>libertate</span> <span class='ocrx_word' id='word_1_93' title='bbox 687 1709 781 1782; x_wconf 85' lang='lat' dir='ltr'>Accii</span> <span class='ocrx_word' id='word_1_94' title='bbox 802 1718 930 1804; x_wconf 83' lang='lat' dir='ltr'>poetae,</span> <span class='ocrx_word' id='word_1_95' title='bbox 949 1723 1055 1802; x_wconf 88' lang='lat' dir='ltr'>quem</span> <span class='ocrx_word' id='word_1_96' title='bbox 1073 1710 1159 1782; x_wconf 89' lang='lat' dir='ltr'>Iulio</span> <span class='ocrx_word' id='word_1_97' title='bbox 1174 1712 1308 1788; x_wconf 78' lang='lat' dir='ltr'>Caesari</span> <span class='ocrx_word' id='word_1_98' title='bbox 1323 1711 1360 1784; x_wconf 86' lang='lat' dir='ltr'>in</span> 
     </span>
     <span class='ocr_line' id='line_1_13' title="bbox 271 1832 1360 1928; baseline -0.002 -22"><span class='ocrx_word' id='word_1_99' title='bbox 271 1844 449 1928; x_wconf 85' lang='lat' dir='ltr'>poetarum</span> <span class='ocrx_word' id='word_1_100' title='bbox 469 1833 653 1904; x_wconf 90' lang='lat' dir='ltr'>consilinm</span> <span class='ocrx_word' id='word_1_101' title='bbox 673 1832 827 1906; x_wconf 90' lang='lat' dir='ltr'>venienti</span> <span class='ocrx_word' id='word_1_102' title='bbox 845 1854 913 1904; x_wconf 91' lang='lat' dir='ltr'>non</span> <span class='ocrx_word' id='word_1_103' title='bbox 935 1853 1123 1924; x_wconf 77' lang='lat' dir='ltr'>assurgere</span> <span class='ocrx_word' id='word_1_104' title='bbox 1139 1834 1281 1904; x_wconf 89' lang='lat' dir='ltr'>solitum</span> <span class='ocrx_word' id='word_1_105' title='bbox 1302 1855 1360 1904; x_wconf 92' lang='lat' dir='ltr'>ac-</span> 
     </span>
     <span class='ocr_line' id='line_1_14' title="bbox 273 1955 1358 2052; baseline -0.001 -25"><span class='ocrx_word' id='word_1_106' title='bbox 273 1960 450 2052; x_wconf 89' lang='lat' dir='ltr'>cepimus,</span> <span class='ocrx_word' id='word_1_107' title='bbox 485 1979 555 2028; x_wconf 88' lang='lat' dir='ltr'>non</span> <span class='ocrx_word' id='word_1_108' title='bbox 588 1965 787 2048; x_wconf 89' lang='lat' dir='ltr'>contemptu</span> <span class='ocrx_word' id='word_1_109' title='bbox 820 1955 997 2050; x_wconf 87' lang='lat' dir='ltr'>principis,</span> <span class='ocrx_word' id='word_1_110' title='bbox 1034 1955 1097 2028; x_wconf 87' lang='lat' dir='ltr'>sed</span> <span class='ocrx_word' id='word_1_111' title='bbox 1130 1957 1358 2050; x_wconf 80' lang='lat' dir='ltr'>professionis</span> 
     </span>
     <span class='ocr_line' id='line_1_15' title="bbox 272 2078 1360 2173; baseline 0 -23"><span class='ocrx_word' id='word_1_112' title='bbox 272 2080 421 2173; x_wconf 83' lang='lat' dir='ltr'>propriae</span> <span class='ocrx_word' id='word_1_113' title='bbox 443 2078 581 2152; x_wconf 88' lang='lat' dir='ltr'>fiducia.</span> <span class='ocrx_word' id='word_1_114' title='bbox 598 2081 697 2151; x_wconf 84' lang='lat' dir='ltr'>Nune</span> <span class='ocrx_word' id='word_1_115' title='bbox 716 2101 795 2151; x_wconf 89' lang='lat' dir='ltr'>cum</span> <span class='ocrx_word' id='word_1_116' title='bbox 813 2079 859 2150; x_wconf 91' lang='lat' dir='ltr'>de</span> <span class='ocrx_word' id='word_1_117' title='bbox 875 2078 1024 2170; x_wconf 86' lang='lat' dir='ltr'>imper-io</span> <span class='ocrx_word' id='word_1_118' title='bbox 1045 2079 1174 2170; x_wconf 85' lang='lat' dir='ltr'>agitur,</span> <span class='ocrx_word' id='word_1_119' title='bbox 1195 2079 1278 2172; x_wconf 88' lang='lat' dir='ltr'>quis</span> <span class='ocrx_word' id='word_1_120' title='bbox 1299 2078 1360 2150; x_wconf 92' lang='lat' dir='ltr'>tibi</span> 
     </span>
     <span class='ocr_line' id='line_1_16' title="bbox 274 2200 1359 2294; baseline -0.002 -20"><span class='ocrx_word' id='word_1_121' title='bbox 274 2226 342 2274; x_wconf 89' lang='lat' dir='ltr'>nun</span> <span class='ocrx_word' id='word_1_122' title='bbox 362 2212 538 2294; x_wconf 82' lang='lat' dir='ltr'>assurgat,</span> <span class='ocrx_word' id='word_1_123' title='bbox 557 2211 619 2274; x_wconf 91' lang='lat' dir='ltr'>aut</span> <span class='ocrx_word' id='word_1_124' title='bbox 634 2201 715 2293; x_wconf 92' lang='lat' dir='ltr'>quis</span> <span class='ocrx_word' id='word_1_125' title='bbox 732 2223 801 2274; x_wconf 90' lang='lat' dir='ltr'>non</span> <span class='ocrx_word' id='word_1_126' title='bbox 818 2202 920 2274; x_wconf 85' lang='lat' dir='ltr'>cedat</span> <span class='ocrx_word' id='word_1_127' title='bbox 936 2200 1004 2272; x_wconf 87' lang='lat' dir='ltr'>nisi</span> <span class='ocrx_word' id='word_1_128' title='bbox 1021 2222 1143 2276; x_wconf 87' lang='lat' dir='ltr'>amens</span> <span class='ocrx_word' id='word_1_129' title='bbox 1160 2201 1359 2294; x_wconf 84' lang='lat' dir='ltr'>oblitusque</span> 
     </span>
     <span class='ocr_line' id='line_1_17' title="bbox 274 2322 1360 2418; baseline 0.001 -23"><span class='ocrx_word' id='word_1_130' title='bbox 274 2347 389 2397; x_wconf 89' lang='lat' dir='ltr'>rerum</span> <span class='ocrx_word' id='word_1_131' title='bbox 411 2325 591 2399; x_wconf 83' lang='lat' dir='ltr'>omnium?</span> <span class='ocrx_word' id='word_1_132' title='bbox 609 2326 748 2418; x_wconf 88' lang='lat' dir='ltr'>Loquor</span> <span class='ocrx_word' id='word_1_133' title='bbox 768 2323 884 2415; x_wconf 88' lang='lat' dir='ltr'>itaque</span> <span class='ocrx_word' id='word_1_134' title='bbox 905 2347 975 2394; x_wconf 85' lang='lat' dir='ltr'>non</span> <span class='ocrx_word' id='word_1_135' title='bbox 992 2335 1030 2396; x_wconf 94' lang='lat' dir='ltr'>ut</span> <span class='ocrx_word' id='word_1_136' title='bbox 1050 2333 1085 2396; x_wconf 92' lang='lat' dir='ltr'>te</span> <span class='ocrx_word' id='word_1_137' title='bbox 1104 2326 1271 2408; x_wconf 85' lang='lat' dir='ltr'>refellam,</span> <span class='ocrx_word' id='word_1_138' title='bbox 1296 2322 1360 2396; x_wconf 81' lang='lat' dir='ltr'>sed</span> 
     </span>
     <span class='ocr_line' id='line_1_18' title="bbox 275 2444 1358 2538; baseline 0 -20"><span class='ocrx_word' id='word_1_139' title='bbox 275 2459 311 2518; x_wconf 92' lang='lat' dir='ltr'>ut</span> <span class='ocrx_word' id='word_1_140' title='bbox 330 2468 620 2529; x_wconf 72' lang='lat' dir='ltr'>exerceamnon</span> <span class='ocrx_word' id='word_1_141' title='bbox 642 2456 679 2517; x_wconf 90' lang='lat' dir='ltr'>ut</span> <span class='ocrx_word' id='word_1_142' title='bbox 700 2445 875 2528; x_wconf 77' lang='lat' dir='ltr'>adversar,</span> <span class='ocrx_word' id='word_1_143' title='bbox 900 2447 965 2516; x_wconf 87' lang='lat' dir='ltr'>sed</span> <span class='ocrx_word' id='word_1_144' title='bbox 989 2456 1028 2518; x_wconf 90' lang='lat' dir='ltr'>ut</span> <span class='ocrx_word' id='word_1_145' title='bbox 1053 2467 1110 2518; x_wconf 91' lang='lat' dir='ltr'>me</span> <span class='ocrx_word' id='word_1_146' title='bbox 1136 2446 1197 2518; x_wconf 92' lang='lat' dir='ltr'>tibi</span> <span class='ocrx_word' id='word_1_147' title='bbox 1217 2444 1358 2538; x_wconf 88' lang='lat' dir='ltr'>penitus</span> 
     </span>
     <span class='ocr_line' id='line_1_19' title="bbox 273 2567 1359 2662; baseline 0 -24"><span class='ocrx_word' id='word_1_148' title='bbox 273 2568 438 2662; x_wconf 87' lang='lat' dir='ltr'>aperiam,</span> <span class='ocrx_word' id='word_1_149' title='bbox 461 2569 660 2661; x_wconf 90' lang='lat' dir='ltr'>nudemque</span> <span class='ocrx_word' id='word_1_150' title='bbox 685 2567 855 2660; x_wconf 68' lang='lat' dir='ltr'>quidcuid</span> <span class='ocrx_word' id='word_1_151' title='bbox 875 2571 1013 2640; x_wconf 85' lang='lat' dir='ltr'>animus</span> <span class='ocrx_word' id='word_1_152' title='bbox 1039 2568 1183 2642; x_wconf 89' lang='lat' dir='ltr'>latebris</span> <span class='ocrx_word' id='word_1_153' title='bbox 1207 2567 1280 2641; x_wconf 89' lang='lat' dir='ltr'>suis</span> <span class='ocrx_word' id='word_1_154' title='bbox 1306 2575 1359 2638; x_wconf 87' lang='lat' dir='ltr'>te·</span> 
     </span>
     <span class='ocr_line' id='line_1_20' title="bbox 274 2689 1357 2786; baseline -0.001 -26"><span class='ocrx_word' id='word_1_155' title='bbox 274 2690 333 2780; x_wconf 78' lang='lat' dir='ltr'>git.</span> <span class='ocrx_word' id='word_1_156' title='bbox 359 2689 510 2764; x_wconf 90' lang='lat' dir='ltr'>Primum</span> <span class='ocrx_word' id='word_1_157' title='bbox 531 2690 671 2785; x_wconf 89' lang='lat' dir='ltr'>quidem</span> <span class='ocrx_word' id='word_1_158' title='bbox 699 2691 850 2763; x_wconf 86' lang='lat' dir='ltr'>tarditati</span> <span class='ocrx_word' id='word_1_159' title='bbox 872 2710 960 2762; x_wconf 84' lang='lat' dir='ltr'>meae</span> <span class='ocrx_word' id='word_1_160' title='bbox 985 2693 1146 2786; x_wconf 84' lang='lat' dir='ltr'>clypeum</span> <span class='ocrx_word' id='word_1_161' title='bbox 1169 2689 1357 2783; x_wconf 87' lang='lat' dir='ltr'>praetendis</span> 
     </span>
     <span class='ocr_line' id='line_1_21' title="bbox 273 2811 1357 2907; baseline -0.003 -23"><span class='ocrx_word' id='word_1_162' title='bbox 273 2815 497 2888; x_wconf 86' lang='lat' dir='ltr'>mutationem</span> <span class='ocrx_word' id='word_1_163' title='bbox 511 2823 715 2907; x_wconf 89' lang='lat' dir='ltr'>temporum,</span> <span class='ocrx_word' id='word_1_164' title='bbox 730 2835 833 2905; x_wconf 86' lang='lat' dir='ltr'>quam</span> <span class='ocrx_word' id='word_1_165' title='bbox 848 2813 1096 2906; x_wconf 85' lang='lat' dir='ltr'>multiplicibus</span> <span class='ocrx_word' id='word_1_166' title='bbox 1113 2811 1233 2884; x_wconf 85' lang='lat' dir='ltr'>verbis</span> <span class='ocrx_word' id='word_1_167' title='bbox 1247 2833 1357 2902; x_wconf 81' lang='lat' dir='ltr'>exug-</span> 
     </span>
     <span class='ocr_line' id='line_1_22' title="bbox 273 2933 1356 3030; baseline -0.004 -22"><span class='ocrx_word' id='word_1_168' title='bbox 273 2961 386 3029; x_wconf 77' lang='lat' dir='ltr'>geras,</span> <span class='ocrx_word' id='word_1_169' title='bbox 406 2950 443 3010; x_wconf 92' lang='lat' dir='ltr'>ut</span> <span class='ocrx_word' id='word_1_170' title='bbox 459 2939 637 3030; x_wconf 89' lang='lat' dir='ltr'>aliquanto</span> <span class='ocrx_word' id='word_1_171' title='bbox 658 2937 770 3028; x_wconf 82' lang='lat' dir='ltr'>magis</span> <span class='ocrx_word' id='word_1_172' title='bbox 785 2935 949 3007; x_wconf 88' lang='lat' dir='ltr'>dictantis</span> <span class='ocrx_word' id='word_1_173' title='bbox 970 2936 1147 3027; x_wconf 82' lang='lat' dir='ltr'>ingenium</span> <span class='ocrx_word' id='word_1_174' title='bbox 1167 2955 1270 3026; x_wconf 91' lang='lat' dir='ltr'>quam</span> <span class='ocrx_word' id='word_1_175' title='bbox 1292 2933 1356 3004; x_wconf 91' lang='lat' dir='ltr'>im-</span> 
     </span>
     <span class='ocr_line' id='line_1_23' title="bbox 273 3051 1356 3150; baseline -0.004 -20"><span class='ocrx_word' id='word_1_176' title='bbox 273 3051 442 3150; x_wconf 88' lang='lat' dir='ltr'>peratoris</span> <span class='ocrx_word' id='word_1_177' title='bbox 464 3058 617 3128; x_wconf 89' lang='lat' dir='ltr'>animum</span> <span class='ocrx_word' id='word_1_178' title='bbox 639 3058 755 3128; x_wconf 87' lang='lat' dir='ltr'>mirari</span> <span class='ocrx_word' id='word_1_179' title='bbox 778 3077 946 3150; x_wconf 80' lang='lat' dir='ltr'>nogarae</span> <span class='ocrx_word' id='word_1_180' title='bbox 968 3058 1123 3130; x_wconf 83' lang='lat' dir='ltr'>laudare.</span> <span class='ocrx_word' id='word_1_181' title='bbox 1151 3055 1241 3140; x_wconf 89' lang='lat' dir='ltr'>Quid</span> <span class='ocrx_word' id='word_1_182' title='bbox 1266 3058 1356 3128; x_wconf 88' lang='lat' dir='ltr'>enirn</span> 
     </span>
     <span class='ocr_line' id='line_1_24' title="bbox 273 3177 1356 3277; baseline -0.001 -26"><span class='ocrx_word' id='word_1_183' title='bbox 273 3199 395 3274; x_wconf 76' lang='lat' dir='ltr'>quaeso</span> <span class='ocrx_word' id='word_1_184' title='bbox 414 3188 483 3260; x_wconf 90' lang='lat' dir='ltr'>est,</span> <span class='ocrx_word' id='word_1_185' title='bbox 509 3180 605 3272; x_wconf 87' lang='lat' dir='ltr'>quod</span> <span class='ocrx_word' id='word_1_186' title='bbox 629 3179 816 3273; x_wconf 87' lang='lat' dir='ltr'>aliquando</span> <span class='ocrx_word' id='word_1_187' title='bbox 837 3205 905 3254; x_wconf 93' lang='lat' dir='ltr'>non</span> <span class='ocrx_word' id='word_1_188' title='bbox 928 3181 1047 3277; x_wconf 71' lang='lat' dir='ltr'>‘iuuerit</span> <span class='ocrx_word' id='word_1_189' title='bbox 1071 3180 1248 3252; x_wconf 88' lang='lat' dir='ltr'>imovero</span> <span class='ocrx_word' id='word_1_190' title='bbox 1272 3177 1356 3271; x_wconf 83' lang='lat' dir='ltr'>quid</span> 
     </span>
     <span class='ocr_line' id='line_1_25' title="bbox 272 3298 1356 3399; baseline -0.006 -23"><span class='ocrx_word' id='word_1_191' title='bbox 272 3325 336 3397; x_wconf 89' lang='lat' dir='ltr'>par</span> <span class='ocrx_word' id='word_1_192' title='bbox 354 3303 524 3378; x_wconf 85' lang='lat' dir='ltr'>maiorum</span> <span class='ocrx_word' id='word_1_193' title='bbox 542 3313 739 3379; x_wconf 90' lang='lat' dir='ltr'>nostrorum</span> <span class='ocrx_word' id='word_1_194' title='bbox 758 3305 936 3376; x_wconf 89' lang='lat' dir='ltr'>laboribus</span> <span class='ocrx_word' id='word_1_195' title='bbox 955 3303 1189 3399; x_wconf 75' lang='lat' dir='ltr'>periculisque</span> <span class='ocrx_word' id='word_1_196' title='bbox 1206 3298 1356 3394; x_wconf 87' lang='lat' dir='ltr'>perpeti·</span> 
     </span>
     <span class='ocr_line' id='line_1_26' title="bbox 274 3420 1357 3524; baseline -0.007 -26"><span class='ocrx_word' id='word_1_197' title='bbox 274 3451 359 3513; x_wconf 89' lang='lat' dir='ltr'>mur,</span> <span class='ocrx_word' id='word_1_198' title='bbox 381 3428 463 3500; x_wconf 91' lang='lat' dir='ltr'>dum</span> <span class='ocrx_word' id='word_1_199' title='bbox 487 3428 647 3500; x_wconf 84' lang='lat' dir='ltr'>Brennus</span> <span class='ocrx_word' id='word_1_200' title='bbox 668 3429 810 3514; x_wconf 89' lang='lat' dir='ltr'>ltaliam,</span> <span class='ocrx_word' id='word_1_201' title='bbox 832 3428 916 3500; x_wconf 93' lang='lat' dir='ltr'>dum</span> <span class='ocrx_word' id='word_1_202' title='bbox 937 3427 1102 3524; x_wconf 76' lang='lat' dir='ltr'>Pyrrhus,</span> <span class='ocrx_word' id='word_1_203' title='bbox 1125 3423 1209 3495; x_wconf 89' lang='lat' dir='ltr'>dum</span> <span class='ocrx_word' id='word_1_204' title='bbox 1228 3420 1357 3494; x_wconf 88' lang='lat' dir='ltr'>Hanni-</span> 
     </span>
     <span class='ocr_line' id='line_1_27' title="bbox 272 3547 1357 3643; baseline -0.008 -21"><span class='ocrx_word' id='word_1_205' title='bbox 272 3553 326 3624; x_wconf 91' lang='lat' dir='ltr'>bal</span> <span class='ocrx_word' id='word_1_206' title='bbox 348 3550 531 3625; x_wconf 85' lang='lat' dir='ltr'>vastabot‘?</span> <span class='ocrx_word' id='word_1_207' title='bbox 550 3548 720 3631; x_wconf 86' lang='lat' dir='ltr'>Quaenam</span> <span class='ocrx_word' id='word_1_208' title='bbox 740 3549 950 3643; x_wconf 83' lang='lat' dir='ltr'>comparatio</span> <span class='ocrx_word' id='word_1_209' title='bbox 972 3568 1088 3624; x_wconf 87' lang='lat' dir='ltr'>rerum</span> <span class='ocrx_word' id='word_1_210' title='bbox 1109 3549 1188 3618; x_wconf 83' lang='lat' dir='ltr'>est?</span> <span class='ocrx_word' id='word_1_211' title='bbox 1209 3547 1253 3618; x_wconf 94' lang='lat' dir='ltr'>Ut</span> <span class='ocrx_word' id='word_1_212' title='bbox 1271 3563 1357 3616; x_wconf 86' lang='lat' dir='ltr'>vero</span> 
     </span>
     <span class='ocr_line' id='line_1_28' title="bbox 271 3672 1356 3748; baseline -0.006 -4"><span class='ocrx_word' id='word_1_213' title='bbox 271 3673 371 3747; x_wconf 90' lang='lat' dir='ltr'>nobis</span> <span class='ocrx_word' id='word_1_214' title='bbox 391 3686 493 3746; x_wconf 87' lang='lat' dir='ltr'>omne</span> <span class='ocrx_word' id='word_1_215' title='bbox 519 3672 733 3747; x_wconf 80' lang='lat' dir='ltr'>mortiferum</span> <span class='ocrx_word' id='word_1_216' title='bbox 754 3675 885 3746; x_wconf 83' lang='lat' dir='ltr'>vulnus</span> <span class='ocrx_word' id='word_1_217' title='bbox 911 3673 1044 3744; x_wconf 89' lang='lat' dir='ltr'>sitnon</span> <span class='ocrx_word' id='word_1_218' title='bbox 1071 3689 1190 3744; x_wconf 86' lang='lat' dir='ltr'>rerum</span> <span class='ocrx_word' id='word_1_219' title='bbox 1216 3677 1356 3748; x_wconf 84' lang='lat' dir='ltr'>natura,</span> 
     </span>
     <span class='ocr_line' id='line_1_29' title="bbox 272 3792 1357 3894; baseline -0.006 -28"><span class='ocrx_word' id='word_1_220' title='bbox 272 3795 336 3868; x_wconf 87' lang='lat' dir='ltr'>sed</span> <span class='ocrx_word' id='word_1_221' title='bbox 369 3794 531 3866; x_wconf 89' lang='lat' dir='ltr'>mollities</span> <span class='ocrx_word' id='word_1_222' title='bbox 557 3806 677 3866; x_wconf 89' lang='lat' dir='ltr'>nostra</span> <span class='ocrx_word' id='word_1_223' title='bbox 702 3795 791 3869; x_wconf 85' lang='lat' dir='ltr'>facit.</span> <span class='ocrx_word' id='word_1_224' title='bbox 818 3796 919 3894; x_wconf 87' lang='lat' dir='ltr'>Quod</span> <span class='ocrx_word' id='word_1_225' title='bbox 945 3793 1104 3867; x_wconf 80' lang='lat' dir='ltr'>ridebant</span> <span class='ocrx_word' id='word_1_226' title='bbox 1129 3792 1265 3885; x_wconf 86' lang='lat' dir='ltr'>proavi,</span> <span class='ocrx_word' id='word_1_227' title='bbox 1292 3795 1357 3862; x_wconf 84' lang='lat' dir='ltr'>nos</span> 
     </span>
     <span class='ocr_line' id='line_1_30' title="bbox 270 3913 1358 4007; baseline 0 -23"><span class='ocrx_word' id='word_1_228' title='bbox 270 3919 445 4007; x_wconf 82' lang='lat' dir='ltr'>lugemus,</span> <span class='ocrx_word' id='word_1_229' title='bbox 473 3926 508 3986; x_wconf 87' lang='lat' dir='ltr'>et</span> <span class='ocrx_word' id='word_1_230' title='bbox 538 3917 583 3988; x_wconf 88' lang='lat' dir='ltr'>ad</span> <span class='ocrx_word' id='word_1_231' title='bbox 608 3939 746 3990; x_wconf 86' lang='lat' dir='ltr'>omnem</span> <span class='ocrx_word' id='word_1_232' title='bbox 773 3917 984 3990; x_wconf 88' lang='lat' dir='ltr'>difficultatis</span> <span class='ocrx_word' id='word_1_233' title='bbox 1017 3917 1202 3990; x_wconf 84' lang='lat' dir='ltr'>occursum</span> <span class='ocrx_word' id='word_1_234' title='bbox 1233 3913 1358 3986; x_wconf 83' lang='lat' dir='ltr'>cohor·-</span> 
     </span>
     <span class='ocr_line' id='line_1_31' title="bbox 270 4031 1357 4131; baseline -0.002 -27"><span class='ocrx_word' id='word_1_235' title='bbox 270 4037 438 4113; x_wconf 85' lang='lat' dir='ltr'>reseimus</span> <span class='ocrx_word' id='word_1_236' title='bbox 471 4059 511 4110; x_wconf 86' lang='lat' dir='ltr'>ao</span> <span class='ocrx_word' id='word_1_237' title='bbox 536 4048 737 4131; x_wconf 85' lang='lat' dir='ltr'>torpemus:</span> <span class='ocrx_word' id='word_1_238' title='bbox 764 4062 842 4112; x_wconf 88' lang='lat' dir='ltr'>curn</span> <span class='ocrx_word' id='word_1_239' title='bbox 870 4040 962 4113; x_wconf 88' lang='lat' dir='ltr'>nulla</span> <span class='ocrx_word' id='word_1_240' title='bbox 986 4037 1126 4108; x_wconf 89' lang='lat' dir='ltr'>interim</span> <span class='ocrx_word' id='word_1_241' title='bbox 1153 4038 1187 4110; x_wconf 93' lang='lat' dir='ltr'>in</span> <span class='ocrx_word' id='word_1_242' title='bbox 1213 4031 1357 4126; x_wconf 86' lang='lat' dir='ltr'>conqui-</span> 
     </span>
     <span class='ocr_line' id='line_1_32' title="bbox 272 4158 1355 4252; baseline 0.006 -29"><span class='ocrx_word' id='word_1_243' title='bbox 272 4158 388 4228; x_wconf 85' lang='lat' dir='ltr'>rendis</span> <span class='ocrx_word' id='word_1_244' title='bbox 421 4161 707 4234; x_wconf 78' lang='lat' dir='ltr'>excusationibus</span> <span class='ocrx_word' id='word_1_245' title='bbox 742 4163 788 4234; x_wconf 89' lang='lat' dir='ltr'>sit</span> <span class='ocrx_word' id='word_1_246' title='bbox 819 4171 906 4235; x_wconf 86' lang='lat' dir='ltr'>aetas</span> <span class='ocrx_word' id='word_1_247' title='bbox 937 4171 972 4232; x_wconf 90' lang='lat' dir='ltr'>et</span> <span class='ocrx_word' id='word_1_248' title='bbox 996 4162 1090 4234; x_wconf 87' lang='lat' dir='ltr'>nulla</span> <span class='ocrx_word' id='word_1_249' title='bbox 1120 4181 1207 4250; x_wconf 82' lang='lat' dir='ltr'>gens</span> <span class='ocrx_word' id='word_1_250' title='bbox 1241 4177 1355 4252; x_wconf 87' lang='lat' dir='ltr'>prom·</span> 
     </span>
    </p>
   </div>
   <div class='ocr_carea' id='block_1_5' title="bbox 0 0 1536 4798">
    <p class='ocr_par' dir='ltr' id='par_1_5' title="bbox 0 0 1536 4798">
     <span class='ocr_line' id='line_1_33' title="bbox 0 0 1536 4798; baseline 0 1"><span class='ocrx_word' id='word_1_251' title='bbox 0 0 1536 4798; x_wconf 95' lang='lat' dir='ltr'> </span> 
     </span>
    </p>
   </div>
  </div>
 </body>
</html>
