2958 4804
363 351 1028 410 arnnaeunarusnneruus.—ne1sromr.
1126 318 1130 326 ’
1176 339 1232 404 267

159 481 308 558 sentiant
329 487 404 558 sine
425 487 680 561 intermissione
701 486 923 582 providerint,
942 507 1087 560 necesse
1103 495 1159 558 cst
1175 509 1237 580 por

158 609 470 702 impurissimorum
499 609 675 682 hominum
702 630 763 682 ora
792 612 1003 694 volutentur,
1025 608 1119 703 quod
1144 612 1236 682 nulla

157 753 310 824 unquam
335 731 480 806 solicitas
502 731 614 804 vitare
634 733 756 825 quivit.
779 734 888 804 Immo
905 734 1026 828 inopes
1043 744 1078 804 et
1098 734 1237 808 obscuri

156 853 315 928 homines
334 855 426 928 taciti
447 877 547 951 paene
566 855 682 928 omnia
703 855 736 925 in
760 854 911 928 tenebris
932 865 1055 947 agunt:
1078 855 1236 928 felicibus

155 980 258 1050 nullae
281 988 365 1049 sunt
381 977 537 1063 latebrae,
560 979 654 1049 nulla
675 979 821 1050 silentia.
861 1015 866 1024 ·

541 1143 700 1207 secretum
716 1143 819 1208 divitis
836 1143 935 1207 ullum

294 1249 367 1313 Esse
384 1250 491 1328 putas?
508 1249 592 1311 servi
611 1254 644 1311 ut
660 1255 790 1326 taceant,
808 1249 943 1313 iumenta
960 1251 1142 1330 loquuntur,

293 1354 330 1418 Et
346 1355 428 1419 cauis
446 1358 475 1416 et
492 1358 593 1433 postes
611 1360 641 1418 et
657 1369 823 1418 marmora.
840 1354 950 1420 Claude
965 1354 1128 1430 fenestras,

294 1459 363 1523 Vela
380 1465 480 1538 tegant
497 1458 606 1536 rimae,
624 1458 716 1536 iunge
734 1456 825 1534 ostia,
844 1457 939 1520 tollito
953 1457 1056 1520 lumen

295 1563 318 1626 E
335 1563 451 1640 medio,
469 1567 585 1626 taceant
601 1578 721 1640 omnes,
740 1578 834 1643 prope
851 1578 942 1624 nemo
960 1561 1117 1625 recumbat
1123 1585 1132 1638 ;

294 1667 380 1742 Quod
396 1675 497 1731 tamen
515 1666 551 1730 ad
569 1672 692 1730 cantum
709 1663 777 1745 galli
793 1664 863 1730 fecit
879 1666 927 1730 ille
944 1667 1069 1730 secundi

293 1773 456 1837 Proximus
474 1779 542 1838 ante
560 1773 642 1837 diem
658 1789 754 1853 caupo
771 1765 875 1836 sciet.¹

154 1956 254 2040 Quod
289 1957 331 2030 iis
365 1958 482 2030 verbis
516 1982 536 2030 a
572 1959 723 2055 satyrico
753 1958 898 2044 dictum,
933 1962 963 2034 si
991 1963 1061 2033 ullo
1081 1981 1233 2055 unquam

154 2094 310 2175 tempore
332 2103 454 2154 verum
475 2082 551 2167 init,
578 2093 698 2155 nostra
717 2091 820 2155 aetate
846 2083 1069 2154 verissimum
1090 2093 1155 2154 est.
1174 2083 1236 2154 So·

153 2204 270 2276 lebant
294 2205 428 2276 romani
450 2215 592 2278 senatus
618 2208 688 2278 alta
707 2204 850 2278 consilia
873 2205 1045 2299 profundo
1072 2215 1163 2276 tacta
1188 2204 1236 2276 si·

152 2328 258 2400 lentio
285 2348 353 2400 non
376 2327 474 2420 prius
494 2351 675 2421 emergere
701 2351 807 2423 quam
832 2329 927 2422 quod
953 2337 1135 2401 tractatum
1160 2339 1236 2400 erat

153 2449 360 2524 inthalamo
385 2450 578 2543 magnificis
599 2451 734 2524 actibus
761 2452 971 2545 impleretur.
1000 2452 1118 2545 ltaque
1139 2472 1235 2544 saepe

153 2573 307 2644 maxima
333 2573 421 2646 bella
445 2573 519 2665 geri
546 2573 642 2667 prius
670 2574 858 2648 audiebant
886 2585 1008 2668 gentes
1034 2597 1140 2667 quam
1174 2596 1234 2665 ge-

153 2693 262 2768 renda
295 2695 509 2780 sensissent,
543 2697 594 2768 sic
626 2700 752 2768 famam
786 2697 897 2769 bellici
931 2707 1119 2790 apparatus
1153 2696 1235 2770 belli

153 2816 265 2910 ipsius
297 2819 388 2890 tama
419 2829 660 2912 praecesserat.
695 2819 899 2892 Nostrorum
932 2841 1017 2892 vero
1051 2829 1234 2892 senatuum

154 2961 222 3012 non
256 2963 300 3014 ea
330 2942 545 3014 taciturnitas
571 2965 663 3014 nunc
686 2951 763 3014 est:
788 2953 912 3016 cuncta
938 2942 1035 3036 prius
1061 2943 1097 3014 in
1122 2940 1234 3040 triviis

154 3063 434 3136 muliercularum
448 3065 571 3137 audias
583 3064 756 3167 celebrata
771 3067 1123 3160 sermunculis,quam
1136 3061 1233 3138 fiant:

155 3193 191 3256 et
214 3187 311 3279 quod
330 3196 385 3260 est
406 3187 546 3272 veniae,
576 3189 683 3260 multa
715 3209 795 3280 quae
826 3211 1003 3283 uunquam
1039 3188 1132 3260 fient.
1168 3187 1235 3260 Sed

156 3309 199 3381 ad
215 3308 391 3404 inceptum
409 3311 522 3384 redire
540 3309 664 3382 melius
679 3311 789 3393 fuerit,
805 3333 909 3403 quam
926 3332 1020 3402 vaga
1036 3311 1233 3382 narratione

154 3433 288 3503 nullum
322 3433 515 3524 corrigere,
544 3435 670 3506 multos
696 3431 880 3504 offendere.
913 3431 1063 3503 Plurima
1094 3431 1233 3523 quidem

158 3562 246 3638 sunt,
269 3553 399 3648 optime
417 3553 582 3638 virorum,
605 3573 686 3646 quae
708 3574 827 3626 secum
848 3554 914 3622 tert
934 3549 1006 3623 vita
1026 3551 1194 3634 mortalis,
1214 3572 1234 3620 a

157 3675 285 3766 quibus
307 3696 376 3746 non
397 3674 615 3750 mediocritas
642 3684 768 3759 status,
791 3695 860 3746 non
881 3672 1072 3755 humilitas,
1100 3693 1168 3760 uon
1195 3671 1244 3762 lig

156 3795 255 3868 berat
279 3796 444 3881 altitud03
480 3798 542 3870 sed
574 3799 610 3870 in
643 3798 698 3870 his
727 3819 844 3870 amara
870 3797 977 3868 multo
1004 3796 1233 3888 pluraquam

155 3917 283 4004 dulcia,
321 3930 359 3990 nt
384 3943 449 3992 nec
479 3921 647 3994 immerito
672 3904 740 3993 dici
765 3929 868 4015 putes
893 3920 928 3990 in
954 3917 1127 3992 vestibulo
1152 3917 1234 3990 vitae

155 4038 224 4113 duo
250 4040 343 4113 dolia
375 4064 476 4114 esse:
510 4044 611 4116 dulce
638 4067 745 4116 unum
773 4043 838 4116 sed
864 4041 1049 4134 exiguum,
1077 4061 1231 4113 amarum

251 4199 258 4229 ⁸
276 4199 386 4251 luvenal.
400 4201 451 4252 sat.
467 4201 518 4252 vll.
