<?xml version="1.0" encoding="UTF-8"?>
<!DOCTYPE html PUBLIC "-//W3C//DTD XHTML 1.0 Transitional//EN"
    "http://www.w3.org/TR/xhtml1/DTD/xhtml1-transitional.dtd">
<html xmlns="http://www.w3.org/1999/xhtml" xml:lang="en" lang="en">
 <head>
  <title>
</title>
<meta http-equiv="Content-Type" content="text/html;charset=utf-8" />
  <meta name='ocr-system' content='tesseract 3.04.00' />
  <meta name='ocr-capabilities' content='ocr_page ocr_carea ocr_par ocr_line ocrx_word'/>
</head>
<body>
  <div class='ocr_page' id='page_1' title='image "./franciscipetrar01fracgoog_0563.png"; bbox 0 0 3024 4802; ppageno 0'>
   <div class='ocr_carea' id='block_1_1' title="bbox 614 369 1021 420">
    <p class='ocr_par' dir='ltr' id='par_1_1' title="bbox 614 369 1021 420">
     <span class='ocr_line' id='line_1_1' title="bbox 614 369 1021 420; baseline -0.007 0"><span class='ocrx_word' id='word_1_1' title='bbox 614 375 654 420; x_wconf 86' lang='lat' dir='ltr'><strong>DE</strong></span> <span class='ocrx_word' id='word_1_2' title='bbox 677 372 776 420; x_wconf 84' lang='lat' dir='ltr'>REBUS</span> <span class='ocrx_word' id='word_1_3' title='bbox 798 369 1021 419; x_wconf 72' lang='lat' dir='ltr'><strong>summissurus</strong></span> 
     </span>
    </p>
   </div>
   <div class='ocr_carea' id='block_1_2' title="bbox 684 627 952 692">
    <p class='ocr_par' dir='ltr' id='par_1_2' title="bbox 684 627 952 692">
     <span class='ocr_line' id='line_1_2' title="bbox 684 627 952 692; baseline -0.015 0"><span class='ocrx_word' id='word_1_4' title='bbox 684 627 862 692; x_wconf 75' lang='lat' dir='ltr'>EPISTULA</span> <span class='ocrx_word' id='word_1_5' title='bbox 882 627 952 689; x_wconf 86' lang='lat' dir='ltr'>XVI.</span> 
     </span>
    </p>
   </div>
   <div class='ocr_carea' id='block_1_3' title="bbox 327 815 1318 974">
    <p class='ocr_par' dir='ltr' id='par_1_3' title="bbox 327 815 1318 974">
     <span class='ocr_line' id='line_1_3' title="bbox 327 815 1318 877; baseline -0.013 0"><span class='ocrx_word' id='word_1_6' title='bbox 327 825 521 877; x_wconf 76' lang='lat' dir='ltr'>FRANCISCUS</span> <span class='ocrx_word' id='word_1_7' title='bbox 543 821 712 874; x_wconf 74' lang='lat' dir='ltr'><strong>Parnasus</strong></span> <span class='ocrx_word' id='word_1_8' title='bbox 732 820 862 871; x_wconf 85' lang='lat' dir='ltr'><strong>GUlDONI</strong></span> <span class='ocrx_word' id='word_1_9' title='bbox 884 815 1136 868; x_wconf 76' lang='lat' dir='ltr'>ARCHIEPISCOPO</span> <span class='ocrx_word' id='word_1_10' title='bbox 1158 817 1318 868; x_wconf 79' lang='lat' dir='ltr'><strong>GENUENSI</strong></span> 
     </span>
     <span class='ocr_line' id='line_1_4' title="bbox 752 925 880 974; baseline -0.031 0"><span class='ocrx_word' id='word_1_11' title='bbox 752 927 777 974; x_wconf 86' lang='lat' dir='ltr'><strong>S.</strong></span> <span class='ocrx_word' id='word_1_12' title='bbox 800 927 828 973; x_wconf 90' lang='lat' dir='ltr'><strong>P.</strong></span> <span class='ocrx_word' id='word_1_13' title='bbox 850 925 880 972; x_wconf 87' lang='grc' dir='ltr'><strong>Ι),</strong></span> 
     </span>
    </p>
   </div>
   <div class='ocr_carea' id='block_1_4' title="bbox 389 1103 1229 1181">
    <p class='ocr_par' dir='ltr' id='par_1_4' title="bbox 389 1103 1229 1181">
     <span class='ocr_line' id='line_1_5' title="bbox 389 1103 1229 1181; baseline -0.006 -19"><span class='ocrx_word' id='word_1_14' title='bbox 389 1176 391 1181; x_wconf 23' lang='grc' dir='ltr'>Ι</span> <span class='ocrx_word' id='word_1_15' title='bbox 408 1109 479 1164; x_wconf 86' lang='lat' dir='ltr'><strong>Eum</strong></span> <span class='ocrx_word' id='word_1_16' title='bbox 495 1107 630 1162; x_wconf 87' lang='lat' dir='ltr'><strong>derebus</strong></span> <span class='ocrx_word' id='word_1_17' title='bbox 646 1106 714 1176; x_wconf 86' lang='lat' dir='ltr'><strong>suis,</strong></span> <span class='ocrx_word' id='word_1_18' title='bbox 730 1111 762 1160; x_wconf 85' lang='lat' dir='ltr'><strong>ut</strong></span> <span class='ocrx_word' id='word_1_19' title='bbox 777 1110 836 1160; x_wconf 87' lang='lat' dir='ltr'><strong>erat</strong></span> <span class='ocrx_word' id='word_1_20' title='bbox 850 1106 879 1159; x_wconf 94' lang='lat' dir='ltr'><strong>in</strong></span> <span class='ocrx_word' id='word_1_21' title='bbox 894 1103 975 1173; x_wconf 86' lang='lat' dir='ltr'><strong>uotis,</strong></span> <span class='ocrx_word' id='word_1_22' title='bbox 991 1103 1141 1158; x_wconf 79' lang='lat' dir='ltr'><strong>certiorem</strong></span> <span class='ocrx_word' id='word_1_23' title='bbox 1155 1103 1229 1158; x_wconf 80' lang='lat' dir='ltr'><strong>facit.</strong></span> 
     </span>
    </p>
   </div>
   <div class='ocr_carea' id='block_1_5' title="bbox 275 1355 1363 4273">
    <p class='ocr_par' dir='ltr' id='par_1_5' title="bbox 275 1355 1363 4273">
     <span class='ocr_line' id='line_1_6' title="bbox 377 1355 1361 1453; baseline -0.004 -23"><span class='ocrx_word' id='word_1_24' title='bbox 377 1361 466 1435; x_wconf 93' lang='lat' dir='ltr'><strong>Novi</strong></span> <span class='ocrx_word' id='word_1_25' title='bbox 488 1370 536 1433; x_wconf 87' lang='lat' dir='ltr'><strong>te:</strong></span> <span class='ocrx_word' id='word_1_26' title='bbox 559 1362 642 1445; x_wconf 90' lang='lat' dir='ltr'><strong>scio,</strong></span> <span class='ocrx_word' id='word_1_27' title='bbox 666 1382 771 1453; x_wconf 90' lang='lat' dir='ltr'><strong>quam</strong></span> <span class='ocrx_word' id='word_1_28' title='bbox 791 1360 835 1432; x_wconf 89' lang='lat' dir='ltr'><strong>de</strong></span> <span class='ocrx_word' id='word_1_29' title='bbox 855 1381 912 1430; x_wconf 90' lang='lat' dir='ltr'><strong>me</strong></span> <span class='ocrx_word' id='word_1_30' title='bbox 933 1377 1072 1450; x_wconf 81' lang='lat' dir='ltr'><strong>semper</strong></span> <span class='ocrx_word' id='word_1_31' title='bbox 1097 1355 1227 1427; x_wconf 85' lang='lat' dir='ltr'><strong>anxius</strong></span> <span class='ocrx_word' id='word_1_32' title='bbox 1254 1355 1361 1427; x_wconf 79' lang='lat' dir='ltr'><strong>fueris</strong></span> 
     </span>
     <span class='ocr_line' id='line_1_7' title="bbox 277 1480 1362 1579; baseline -0.004 -23"><span class='ocrx_word' id='word_1_33' title='bbox 277 1507 453 1579; x_wconf 90' lang='lat' dir='ltr'><strong>quamque</strong></span> <span class='ocrx_word' id='word_1_34' title='bbox 481 1484 646 1557; x_wconf 87' lang='lat' dir='ltr'><strong>solicitus.</strong></span> <span class='ocrx_word' id='word_1_35' title='bbox 669 1485 713 1556; x_wconf 85' lang='lat' dir='ltr'><strong>Et</strong></span> <span class='ocrx_word' id='word_1_36' title='bbox 732 1486 882 1578; x_wconf 83' lang='lat' dir='ltr'><strong>proiecto</strong></span> <span class='ocrx_word' id='word_1_37' title='bbox 903 1504 972 1555; x_wconf 90' lang='lat' dir='ltr'><strong>uon</strong></span> <span class='ocrx_word' id='word_1_38' title='bbox 998 1490 1093 1553; x_wconf 87' lang='lat' dir='ltr'><strong>amat</strong></span> <span class='ocrx_word' id='word_1_39' title='bbox 1112 1480 1172 1574; x_wconf 90' lang='lat' dir='ltr'><strong>qui</strong></span> <span class='ocrx_word' id='word_1_40' title='bbox 1194 1501 1265 1554; x_wconf 91' lang='lat' dir='ltr'><strong>non</strong></span> <span class='ocrx_word' id='word_1_41' title='bbox 1289 1503 1362 1552; x_wconf 87' lang='lat' dir='ltr'><strong>me·</strong></span> 
     </span>
     <span class='ocr_line' id='line_1_8' title="bbox 279 1604 1363 1699; baseline -0.001 -21"><span class='ocrx_word' id='word_1_42' title='bbox 279 1609 352 1680; x_wconf 85' lang='lat' dir='ltr'><strong>tuit.</strong></span> <span class='ocrx_word' id='word_1_43' title='bbox 376 1609 511 1680; x_wconf 82' lang='lat' dir='ltr'><strong>Statum</strong></span> <span class='ocrx_word' id='word_1_44' title='bbox 533 1631 648 1680; x_wconf 91' lang='lat' dir='ltr'><strong>meum</strong></span> <span class='ocrx_word' id='word_1_45' title='bbox 669 1606 725 1678; x_wconf 88' lang='lat' dir='ltr'><strong>uis</strong></span> <span class='ocrx_word' id='word_1_46' title='bbox 751 1605 884 1678; x_wconf 84' lang='lat' dir='ltr'><strong>audire.</strong></span> <span class='ocrx_word' id='word_1_47' title='bbox 914 1605 1021 1699; x_wconf 87' lang='lat' dir='ltr'><strong>Atqui</strong></span> <span class='ocrx_word' id='word_1_48' title='bbox 1047 1605 1077 1676; x_wconf 91' lang='lat' dir='ltr'><strong>si</strong></span> <span class='ocrx_word' id='word_1_49' title='bbox 1098 1627 1119 1675; x_wconf 90' lang='lat' dir='ltr'><strong>a</strong></span> <span class='ocrx_word' id='word_1_50' title='bbox 1141 1604 1268 1677; x_wconf 91' lang='lat' dir='ltr'><strong>stando</strong></span> <span class='ocrx_word' id='word_1_51' title='bbox 1293 1615 1363 1677; x_wconf 84' lang='lat' dir='ltr'><strong>sta-</strong></span> 
     </span>
     <span class='ocr_line' id='line_1_9' title="bbox 279 1724 1363 1814; baseline -0.002 -14"><span class='ocrx_word' id='word_1_52' title='bbox 279 1741 336 1801; x_wconf 89' lang='lat' dir='ltr'><strong>tus</strong></span> <span class='ocrx_word' id='word_1_53' title='bbox 355 1730 490 1814; x_wconf 89' lang='lat' dir='ltr'><strong>dicitur,</strong></span> <span class='ocrx_word' id='word_1_54' title='bbox 513 1731 628 1800; x_wconf 89' lang='lat' dir='ltr'><strong>nullus</strong></span> <span class='ocrx_word' id='word_1_55' title='bbox 650 1729 707 1799; x_wconf 90' lang='lat' dir='ltr'><strong>hic</strong></span> <span class='ocrx_word' id='word_1_56' title='bbox 727 1727 858 1799; x_wconf 91' lang='lat' dir='ltr'><strong>homiui</strong></span> <span class='ocrx_word' id='word_1_57' title='bbox 877 1736 989 1800; x_wconf 87' lang='lat' dir='ltr'><strong>status</strong></span> <span class='ocrx_word' id='word_1_58' title='bbox 1003 1724 1152 1806; x_wconf 69' lang='lat' dir='ltr'><strong>&#39;estsed</strong></span> <span class='ocrx_word' id='word_1_59' title='bbox 1169 1726 1290 1798; x_wconf 86' lang='lat' dir='ltr'><strong>fluxus</strong></span> <span class='ocrx_word' id='word_1_60' title='bbox 1311 1727 1363 1798; x_wconf 93' lang='lat' dir='ltr'><strong>iu-</strong></span> 
     </span>
     <span class='ocr_line' id='line_1_10' title="bbox 279 1850 1363 1948; baseline -0.003 -25"><span class='ocrx_word' id='word_1_61' title='bbox 279 1856 333 1946; x_wconf 80' lang='lat' dir='ltr'><strong>gis</strong></span> <span class='ocrx_word' id='word_1_62' title='bbox 351 1877 391 1926; x_wconf 90' lang='lat' dir='ltr'><strong>ao</strong></span> <span class='ocrx_word' id='word_1_63' title='bbox 411 1855 546 1948; x_wconf 66' lang='lat' dir='ltr'><strong>lapsus</strong></span> <span class='ocrx_word' id='word_1_64' title='bbox 569 1862 674 1946; x_wconf 86' lang='lat' dir='ltr'><strong>atquc</strong></span> <span class='ocrx_word' id='word_1_65' title='bbox 700 1850 746 1923; x_wconf 94' lang='lat' dir='ltr'><strong>ad</strong></span> <span class='ocrx_word' id='word_1_66' title='bbox 770 1851 931 1924; x_wconf 90' lang='lat' dir='ltr'><strong>ultimum</strong></span> <span class='ocrx_word' id='word_1_67' title='bbox 951 1851 1063 1924; x_wconf 90' lang='lat' dir='ltr'><strong>ruina.</strong></span> <span class='ocrx_word' id='word_1_68' title='bbox 1086 1851 1178 1934; x_wconf 89' lang='lat' dir='ltr'><strong>Quid</strong></span> <span class='ocrx_word' id='word_1_69' title='bbox 1201 1851 1292 1922; x_wconf 86' lang='lat' dir='ltr'><strong>velis</strong></span> <span class='ocrx_word' id='word_1_70' title='bbox 1312 1859 1363 1920; x_wconf 91' lang='lat' dir='ltr'><strong>ta-</strong></span> 
     </span>
     <span class='ocr_line' id='line_1_11' title="bbox 279 1975 1362 2070; baseline -0.004 -22"><span class='ocrx_word' id='word_1_71' title='bbox 279 1999 358 2050; x_wconf 87' lang='lat' dir='ltr'><strong>men</strong></span> <span class='ocrx_word' id='word_1_72' title='bbox 378 1977 547 2068; x_wconf 82' lang='lat' dir='ltr'><strong>intellig03</strong></span> <span class='ocrx_word' id='word_1_73' title='bbox 565 1997 671 2070; x_wconf 91' lang='lat' dir='ltr'><strong>quam</strong></span> <span class='ocrx_word' id='word_1_74' title='bbox 693 1997 757 2048; x_wconf 90' lang='lat' dir='ltr'><strong>seu</strong></span> <span class='ocrx_word' id='word_1_75' title='bbox 789 1976 944 2048; x_wconf 82' lang='lat' dir='ltr'>suaviter</span> <span class='ocrx_word' id='word_1_76' title='bbox 964 1997 1027 2047; x_wconf 90' lang='lat' dir='ltr'><strong>seu</strong></span> <span class='ocrx_word' id='word_1_77' title='bbox 1047 1975 1181 2048; x_wconf 85' lang='lat' dir='ltr'><strong>duriter</strong></span> <span class='ocrx_word' id='word_1_78' title='bbox 1198 1995 1257 2046; x_wconf 86' lang='lat' dir='ltr'><strong>res</strong></span> <span class='ocrx_word' id='word_1_79' title='bbox 1274 1993 1362 2044; x_wconf 81' lang='lat' dir='ltr'><strong>meas</strong></span> 
     </span>
     <span class='ocr_line' id='line_1_12' title="bbox 277 2098 1361 2193; baseline -0.004 -21"><span class='ocrx_word' id='word_1_80' title='bbox 277 2123 347 2172; x_wconf 91' lang='lat' dir='ltr'><strong>non</strong></span> <span class='ocrx_word' id='word_1_81' title='bbox 369 2109 475 2184; x_wconf 83' lang='lat' dir='ltr'><strong>stent,</strong></span> <span class='ocrx_word' id='word_1_82' title='bbox 490 2098 578 2183; x_wconf 89' lang='lat' dir='ltr'><strong>dico,</strong></span> <span class='ocrx_word' id='word_1_83' title='bbox 594 2099 658 2172; x_wconf 91' lang='lat' dir='ltr'><strong>sed</strong></span> <span class='ocrx_word' id='word_1_84' title='bbox 678 2100 875 2171; x_wconf 83' lang='lat' dir='ltr'>volvantur.</span> <span class='ocrx_word' id='word_1_85' title='bbox 896 2100 946 2170; x_wconf 91' lang='lat' dir='ltr'><strong>De</strong></span> <span class='ocrx_word' id='word_1_86' title='bbox 968 2118 1037 2192; x_wconf 91' lang='lat' dir='ltr'><strong>quo</strong></span> <span class='ocrx_word' id='word_1_87' title='bbox 1054 2099 1133 2191; x_wconf 91' lang='lat' dir='ltr'><strong>ipso</strong></span> <span class='ocrx_word' id='word_1_88' title='bbox 1150 2119 1246 2193; x_wconf 88' lang='lat' dir='ltr'><strong>saepe</strong></span> <span class='ocrx_word' id='word_1_89' title='bbox 1262 2117 1361 2190; x_wconf 58' lang='lat' dir='ltr'><strong>qua»</strong></span> 
     </span>
     <span class='ocr_line' id='line_1_13' title="bbox 277 2219 1361 2315; baseline -0.002 -22"><span class='ocrx_word' id='word_1_90' title='bbox 277 2222 435 2296; x_wconf 90' lang='lat' dir='ltr'><strong>rentibus</strong></span> <span class='ocrx_word' id='word_1_91' title='bbox 453 2221 573 2294; x_wconf 90' lang='lat' dir='ltr'><strong>amicis</strong></span> <span class='ocrx_word' id='word_1_92' title='bbox 595 2244 657 2315; x_wconf 92' lang='lat' dir='ltr'><strong>pro</strong></span> <span class='ocrx_word' id='word_1_93' title='bbox 679 2233 834 2314; x_wconf 83' lang='lat' dir='ltr'><strong>tempore</strong></span> <span class='ocrx_word' id='word_1_94' title='bbox 859 2221 958 2293; x_wconf 86' lang='lat' dir='ltr'><strong>varie</strong></span> <span class='ocrx_word' id='word_1_95' title='bbox 983 2219 1160 2314; x_wconf 80' lang='lat' dir='ltr'><strong>respondi.</strong></span> <span class='ocrx_word' id='word_1_96' title='bbox 1181 2219 1272 2304; x_wconf 87' lang='lat' dir='ltr'><strong>Quid</strong></span> <span class='ocrx_word' id='word_1_97' title='bbox 1299 2243 1361 2294; x_wconf 91' lang='lat' dir='ltr'><strong>au-</strong></span> 
     </span>
     <span class='ocr_line' id='line_1_14' title="bbox 277 2342 1360 2437; baseline -0.002 -21"><span class='ocrx_word' id='word_1_98' title='bbox 277 2357 348 2418; x_wconf 90' lang='lat' dir='ltr'><strong>tem</strong></span> <span class='ocrx_word' id='word_1_99' title='bbox 376 2353 473 2416; x_wconf 85' lang='lat' dir='ltr'><strong>vetat</strong></span> <span class='ocrx_word' id='word_1_100' title='bbox 496 2346 554 2416; x_wconf 89' lang='lat' dir='ltr'><strong>vel</strong></span> <span class='ocrx_word' id='word_1_101' title='bbox 580 2345 711 2437; x_wconf 73' lang='lat' dir='ltr'><strong>saepius</strong></span> <span class='ocrx_word' id='word_1_102' title='bbox 744 2343 836 2416; x_wconf 87' lang='lat' dir='ltr'><strong>idem</strong></span> <span class='ocrx_word' id='word_1_103' title='bbox 865 2343 949 2428; x_wconf 88' lang='lat' dir='ltr'><strong>dici,</strong></span> <span class='ocrx_word' id='word_1_104' title='bbox 978 2345 1035 2416; x_wconf 85' lang='lat' dir='ltr'><strong>vei</strong></span> <span class='ocrx_word' id='word_1_105' title='bbox 1061 2343 1186 2416; x_wconf 82' lang='lat' dir='ltr'><strong>mutari</strong></span> <span class='ocrx_word' id='word_1_106' title='bbox 1207 2342 1301 2428; x_wconf 88' lang='lat' dir='ltr'><strong>stilo,</strong></span> <span class='ocrx_word' id='word_1_107' title='bbox 1330 2345 1360 2414; x_wconf 91' lang='lat' dir='ltr'><strong>si</strong></span> 
     </span>
     <span class='ocr_line' id='line_1_15' title="bbox 277 2466 1359 2563; baseline -0.001 -24"><span class='ocrx_word' id='word_1_108' title='bbox 277 2490 347 2561; x_wconf 93' lang='lat' dir='ltr'><strong>qua</strong></span> <span class='ocrx_word' id='word_1_109' title='bbox 367 2491 484 2540; x_wconf 91' lang='lat' dir='ltr'><strong>rerum</strong></span> <span class='ocrx_word' id='word_1_110' title='bbox 509 2469 566 2539; x_wconf 85' lang='lat' dir='ltr'><strong>vei</strong></span> <span class='ocrx_word' id='word_1_111' title='bbox 592 2466 791 2563; x_wconf 88' lang='lat' dir='ltr'>opinionum</span> <span class='ocrx_word' id='word_1_112' title='bbox 814 2466 958 2539; x_wconf 86' lang='lat' dir='ltr'><strong>mutatio</strong></span> <span class='ocrx_word' id='word_1_113' title='bbox 984 2467 1072 2539; x_wconf 86' lang='lat' dir='ltr'><strong>iacta</strong></span> <span class='ocrx_word' id='word_1_114' title='bbox 1092 2469 1168 2538; x_wconf 80' lang='lat' dir='ltr'><strong>est?</strong></span> <span class='ocrx_word' id='word_1_115' title='bbox 1188 2467 1233 2536; x_wconf 81' lang='lat' dir='ltr'><strong>m</strong></span> <span class='ocrx_word' id='word_1_116' title='bbox 1264 2489 1359 2538; x_wconf 88' lang='lat' dir='ltr'><strong>mea-</strong></span> 
     </span>
     <span class='ocr_line' id='line_1_16' title="bbox 277 2587 1356 2683; baseline -0.003 -23"><span class='ocrx_word' id='word_1_117' title='bbox 277 2613 354 2661; x_wconf 93' lang='lat' dir='ltr'><strong>rum</strong></span> <span class='ocrx_word' id='word_1_118' title='bbox 369 2590 513 2683; x_wconf 85' lang='lat' dir='ltr'><strong>&#39;quidem</strong></span> <span class='ocrx_word' id='word_1_119' title='bbox 531 2611 647 2660; x_wconf 90' lang='lat' dir='ltr'><strong>rerum</strong></span> <span class='ocrx_word' id='word_1_120' title='bbox 668 2609 842 2659; x_wconf 91' lang='lat' dir='ltr'><strong>summam</strong></span> <span class='ocrx_word' id='word_1_121' title='bbox 863 2589 942 2659; x_wconf 89' lang='lat' dir='ltr'><strong>olim</strong></span> <span class='ocrx_word' id='word_1_122' title='bbox 961 2588 1022 2660; x_wconf 88' lang='lat' dir='ltr'><strong>tibi</strong></span> <span class='ocrx_word' id='word_1_123' title='bbox 1040 2588 1256 2660; x_wconf 77' lang='lat' dir='ltr'><strong>notissimam</strong></span> <span class='ocrx_word' id='word_1_124' title='bbox 1275 2587 1356 2660; x_wconf 90' lang='lat' dir='ltr'><strong>scio.</strong></span> 
     </span>
     <span class='ocr_line' id='line_1_17' title="bbox 275 2709 1358 2804; baseline -0.001 -21"><span class='ocrx_word' id='word_1_125' title='bbox 275 2713 477 2799; x_wconf 88' lang='lat' dir='ltr'><strong>Miuutiora‚</strong></span> <span class='ocrx_word' id='word_1_126' title='bbox 498 2713 532 2783; x_wconf 93' lang='lat' dir='ltr'><strong>ni</strong></span> <span class='ocrx_word' id='word_1_127' title='bbox 553 2713 666 2796; x_wconf 82' lang='lat' dir='ltr'><strong>fallor,</strong></span> <span class='ocrx_word' id='word_1_128' title='bbox 686 2721 722 2782; x_wconf 90' lang='lat' dir='ltr'><strong>et</strong></span> <span class='ocrx_word' id='word_1_129' title='bbox 746 2710 948 2804; x_wconf 87' lang='lat' dir='ltr'><strong>quotidiana</strong></span> <span class='ocrx_word' id='word_1_130' title='bbox 969 2711 1100 2803; x_wconf 81' lang='lat' dir='ltr'><strong>exigis3</strong></span> <span class='ocrx_word' id='word_1_131' title='bbox 1123 2709 1207 2804; x_wconf 90' lang='lat' dir='ltr'><strong>quid</strong></span> <span class='ocrx_word' id='word_1_132' title='bbox 1227 2712 1264 2782; x_wconf 90' lang='lat' dir='ltr'><strong>in</strong></span> <span class='ocrx_word' id='word_1_133' title='bbox 1282 2709 1358 2782; x_wconf 92' lang='lat' dir='ltr'><strong>dies</strong></span> 
     </span>
     <span class='ocr_line' id='line_1_18' title="bbox 276 2833 1358 2929; baseline -0.002 -21"><span class='ocrx_word' id='word_1_134' title='bbox 276 2839 403 2928; x_wconf 75' lang='lat' dir='ltr'><strong>agam?</strong></span> <span class='ocrx_word' id='word_1_135' title='bbox 428 2834 513 2929; x_wconf 87' lang='lat' dir='ltr'><strong>quid</strong></span> <span class='ocrx_word' id='word_1_136' title='bbox 539 2834 583 2906; x_wconf 89' lang='lat' dir='ltr'><strong>de</strong></span> <span class='ocrx_word' id='word_1_137' title='bbox 615 2837 733 2905; x_wconf 78' lang='lat' dir='ltr'><strong>futuro</strong></span> <span class='ocrx_word' id='word_1_138' title='bbox 758 2837 933 2906; x_wconf 73' lang='lat' dir='ltr'><strong>statuam?</strong></span> <span class='ocrx_word' id='word_1_139' title='bbox 962 2854 1174 2928; x_wconf 89' lang='lat' dir='ltr'><strong>quamquam</strong></span> <span class='ocrx_word' id='word_1_140' title='bbox 1206 2843 1242 2906; x_wconf 82' lang='lat' dir='ltr'><strong>et</strong></span> <span class='ocrx_word' id='word_1_141' title='bbox 1275 2833 1358 2906; x_wconf 89' lang='lat' dir='ltr'><strong>illud</strong></span> 
     </span>
     <span class='ocr_line' id='line_1_19' title="bbox 275 2955 1357 3050; baseline -0.005 -20"><span class='ocrx_word' id='word_1_142' title='bbox 275 2961 360 3030; x_wconf 89' lang='lat' dir='ltr'><strong>mihi</strong></span> <span class='ocrx_word' id='word_1_143' title='bbox 373 2958 418 3030; x_wconf 87' lang='lat' dir='ltr'><strong>de</strong></span> <span class='ocrx_word' id='word_1_144' title='bbox 431 2956 570 3049; x_wconf 80' lang='lat' dir='ltr'><strong>ingenio</strong></span> <span class='ocrx_word' id='word_1_145' title='bbox 588 2965 647 3028; x_wconf 86' lang='lat' dir='ltr'><strong>tuo</strong></span> <span class='ocrx_word' id='word_1_146' title='bbox 665 2955 869 3048; x_wconf 82' lang='lat' dir='ltr'><strong>spondeam,</strong></span> <span class='ocrx_word' id='word_1_147' title='bbox 886 2955 1099 3050; x_wconf 86' lang='lat' dir='ltr'><strong>ubicumque</strong></span> <span class='ocrx_word' id='word_1_148' title='bbox 1116 2957 1181 3028; x_wconf 90' lang='lat' dir='ltr'><strong>sim</strong></span> <span class='ocrx_word' id='word_1_149' title='bbox 1199 2977 1307 3028; x_wconf 87' lang='lat' dir='ltr'><strong>nosse</strong></span> <span class='ocrx_word' id='word_1_150' title='bbox 1326 2965 1357 3026; x_wconf 91' lang='lat' dir='ltr'><strong>te</strong></span> 
     </span>
     <span class='ocr_line' id='line_1_20' title="bbox 275 3073 1357 3168; baseline 0 -20"><span class='ocrx_word' id='word_1_151' title='bbox 275 3101 347 3150; x_wconf 88' lang='lat' dir='ltr'><strong>non</strong></span> <span class='ocrx_word' id='word_1_152' title='bbox 367 3078 471 3148; x_wconf 92' lang='lat' dir='ltr'><strong>modo</strong></span> <span class='ocrx_word' id='word_1_153' title='bbox 496 3075 581 3168; x_wconf 93' lang='lat' dir='ltr'><strong>quid</strong></span> <span class='ocrx_word' id='word_1_154' title='bbox 606 3096 723 3166; x_wconf 80' lang='lat' dir='ltr'><strong>agam,</strong></span> <span class='ocrx_word' id='word_1_155' title='bbox 747 3075 811 3146; x_wconf 92' lang='lat' dir='ltr'><strong>sed</strong></span> <span class='ocrx_word' id='word_1_156' title='bbox 834 3073 919 3168; x_wconf 91' lang='lat' dir='ltr'><strong>quid</strong></span> <span class='ocrx_word' id='word_1_157' title='bbox 946 3076 1127 3148; x_wconf 89' lang='lat' dir='ltr'><strong>somniem.</strong></span> <span class='ocrx_word' id='word_1_158' title='bbox 1149 3075 1241 3160; x_wconf 88' lang='lat' dir='ltr'><strong>Quid</strong></span> <span class='ocrx_word' id='word_1_159' title='bbox 1266 3075 1357 3150; x_wconf 90' lang='lat' dir='ltr'><strong>enim</strong></span> 
     </span>
     <span class='ocr_line' id='line_1_21' title="bbox 275 3173 1356 3290; baseline 0 -22"><span class='ocrx_word' id='word_1_160' title='bbox 275 3198 343 3270; x_wconf 91' lang='lat' dir='ltr'><strong>nisi</strong></span> <span class='ocrx_word' id='word_1_161' title='bbox 364 3197 496 3269; x_wconf 89' lang='lat' dir='ltr'><strong>somnia</strong></span> <span class='ocrx_word' id='word_1_162' title='bbox 517 3195 667 3268; x_wconf 80' lang='lat' dir='ltr'><strong>dixerim</strong></span> <span class='ocrx_word' id='word_1_163' title='bbox 687 3195 841 3269; x_wconf 79' lang='lat' dir='ltr'><strong>actiones</strong></span> <span class='ocrx_word' id='word_1_164' title='bbox 862 3208 898 3270; x_wconf 86' lang='lat' dir='ltr'><strong>et</strong></span> <span class='ocrx_word' id='word_1_165' title='bbox 917 3173 1146 3290; x_wconf 80' lang='lat' dir='ltr'><strong>cogitationes</strong></span> <span class='ocrx_word' id='word_1_166' title='bbox 1166 3198 1356 3283; x_wconf 91' lang='lat' dir='ltr'><strong>hominum,</strong></span> 
     </span>
     <span class='ocr_line' id='line_1_22' title="bbox 276 3320 1358 3413; baseline 0.001 -21"><span class='ocrx_word' id='word_1_167' title='bbox 276 3342 365 3413; x_wconf 92' lang='lat' dir='ltr'><strong>quas</strong></span> <span class='ocrx_word' id='word_1_168' title='bbox 383 3321 481 3392; x_wconf 84' lang='lat' dir='ltr'><strong>novit</strong></span> <span class='ocrx_word' id='word_1_169' title='bbox 499 3320 989 3413; x_wconf 82' lang='lat' dir='ltr'><strong>Dominus‚·quoniamvance</strong></span> <span class='ocrx_word' id='word_1_170' title='bbox 1007 3332 1105 3407; x_wconf 86' lang='lat' dir='ltr'><strong>sunt,</strong></span> <span class='ocrx_word' id='word_1_171' title='bbox 1119 3331 1159 3393; x_wconf 86' lang='lat' dir='ltr'><strong>ut</strong></span> <span class='ocrx_word' id='word_1_172' title='bbox 1174 3322 1358 3394; x_wconf 88' lang='lat' dir='ltr'><strong>Psalmista</strong></span> 
     </span>
     <span class='ocr_line' id='line_1_23' title="bbox 276 3442 1358 3537; baseline -0.002 -19"><span class='ocrx_word' id='word_1_173' title='bbox 276 3446 342 3518; x_wconf 73' lang='lat' dir='ltr'><strong>ait?</strong></span> <span class='ocrx_word' id='word_1_174' title='bbox 358 3447 402 3517; x_wconf 86' lang='lat' dir='ltr'><strong>Et</strong></span> <span class='ocrx_word' id='word_1_175' title='bbox 422 3464 547 3517; x_wconf 92' lang='lat' dir='ltr'><strong>revera</strong></span> <span class='ocrx_word' id='word_1_176' title='bbox 569 3443 711 3515; x_wconf 89' lang='lat' dir='ltr'><strong>minime</strong></span> <span class='ocrx_word' id='word_1_177' title='bbox 730 3465 914 3537; x_wconf 86' lang='lat' dir='ltr'><strong>operosam</strong></span> <span class='ocrx_word' id='word_1_178' title='bbox 939 3451 1000 3514; x_wconf 91' lang='lat' dir='ltr'><strong>aut</strong></span> <span class='ocrx_word' id='word_1_179' title='bbox 1023 3443 1197 3516; x_wconf 87' lang='lat' dir='ltr'><strong>difficilem</strong></span> <span class='ocrx_word' id='word_1_180' title='bbox 1220 3442 1281 3515; x_wconf 86' lang='lat' dir='ltr'><strong>tibi</strong></span> <span class='ocrx_word' id='word_1_181' title='bbox 1300 3465 1358 3516; x_wconf 91' lang='lat' dir='ltr'><strong>co-</strong></span> 
     </span>
     <span class='ocr_line' id='line_1_24' title="bbox 276 3564 1359 3660; baseline -0.002 -22"><span class='ocrx_word' id='word_1_182' title='bbox 276 3569 463 3660; x_wconf 84' lang='lat' dir='ltr'><strong>gnitionem</strong></span> <span class='ocrx_word' id='word_1_183' title='bbox 499 3566 627 3648; x_wconf 90' lang='lat' dir='ltr'><strong>trihuo;</strong></span> <span class='ocrx_word' id='word_1_184' title='bbox 661 3585 769 3637; x_wconf 86' lang='lat' dir='ltr'><strong>nosse</strong></span> <span class='ocrx_word' id='word_1_185' title='bbox 801 3565 885 3658; x_wconf 91' lang='lat' dir='ltr'><strong>quid</strong></span> <span class='ocrx_word' id='word_1_186' title='bbox 917 3587 1032 3658; x_wconf 82' lang='lat' dir='ltr'><strong>agam.</strong></span> <span class='ocrx_word' id='word_1_187' title='bbox 1064 3564 1241 3659; x_wconf 90' lang='lat' dir='ltr'><strong>Siquidem</strong></span> <span class='ocrx_word' id='word_1_188' title='bbox 1279 3577 1359 3658; x_wconf 88' lang='lat' dir='ltr'><strong>post</strong></span> 
     </span>
     <span class='ocr_line' id='line_1_25' title="bbox 277 3686 1356 3782; baseline -0.003 -21"><span class='ocrx_word' id='word_1_189' title='bbox 277 3709 498 3782; x_wconf 89' lang='lat' dir='ltr'><strong>compressos</strong></span> <span class='ocrx_word' id='word_1_190' title='bbox 524 3687 770 3762; x_wconf 84' lang='lat' dir='ltr'><strong>adolescentiae</strong></span> <span class='ocrx_word' id='word_1_191' title='bbox 803 3686 961 3760; x_wconf 87' lang='lat' dir='ltr'><strong>turbinos</strong></span> <span class='ocrx_word' id='word_1_192' title='bbox 994 3697 1029 3760; x_wconf 88' lang='lat' dir='ltr'><strong>et</strong></span> <span class='ocrx_word' id='word_1_193' title='bbox 1053 3687 1230 3761; x_wconf 86' lang='lat' dir='ltr'><strong>flammam</strong></span> <span class='ocrx_word' id='word_1_194' title='bbox 1263 3688 1356 3760; x_wconf 87' lang='lat' dir='ltr'><strong>illam</strong></span> 
     </span>
     <span class='ocr_line' id='line_1_26' title="bbox 275 3809 1353 3907; baseline -0.004 -23"><span class='ocrx_word' id='word_1_195' title='bbox 275 3811 444 3886; x_wconf 89' lang='lat' dir='ltr'><strong>beneficio</strong></span> <span class='ocrx_word' id='word_1_196' title='bbox 464 3809 663 3884; x_wconf 83' lang='lat' dir='ltr'><strong>maturioris</strong></span> <span class='ocrx_word' id='word_1_197' title='bbox 688 3809 801 3882; x_wconf 86' lang='lat' dir='ltr'><strong>aetatis</strong></span> <span class='ocrx_word' id='word_1_198' title='bbox 828 3809 1018 3883; x_wconf 84' lang='lat' dir='ltr'><strong>extinctam</strong></span> <span class='ocrx_word' id='word_1_199' title='bbox 1041 3810 1074 3907; x_wconf 83' lang='grc' dir='ltr'><strong>(ο</strong></span> <span class='ocrx_word' id='word_1_200' title='bbox 1100 3811 1186 3904; x_wconf 93' lang='lat' dir='ltr'><strong>quid</strong></span> <span class='ocrx_word' id='word_1_201' title='bbox 1211 3813 1353 3904; x_wconf 89' lang='lat' dir='ltr'><strong>loquor!</strong></span> 
     </span>
     <span class='ocr_line' id='line_1_27' title="bbox 276 3931 1358 4025; baseline -0.004 -19"><span class='ocrx_word' id='word_1_202' title='bbox 276 3957 357 4006; x_wconf 92' lang='lat' dir='ltr'><strong>cum</strong></span> <span class='ocrx_word' id='word_1_203' title='bbox 383 3943 433 4007; x_wconf 90' lang='lat' dir='ltr'><strong>tot</strong></span> <span class='ocrx_word' id='word_1_204' title='bbox 462 3931 667 4006; x_wconf 89' lang='lat' dir='ltr'><strong>libidinosos</strong></span> <span class='ocrx_word' id='word_1_205' title='bbox 700 3934 834 4025; x_wconf 91' lang='lat' dir='ltr'><strong>passim</strong></span> <span class='ocrx_word' id='word_1_206' title='bbox 866 3955 907 4005; x_wconf 87' lang='lat' dir='ltr'><strong>ac</strong></span> <span class='ocrx_word' id='word_1_207' title='bbox 932 3932 1061 4006; x_wconf 87' lang='lat' dir='ltr'><strong>deliros</strong></span> <span class='ocrx_word' id='word_1_208' title='bbox 1088 3955 1191 4006; x_wconf 91' lang='lat' dir='ltr'><strong>senes</strong></span> <span class='ocrx_word' id='word_1_209' title='bbox 1217 3932 1358 4004; x_wconf 87' lang='lat' dir='ltr'><strong>videam</strong></span> 
     </span>
     <span class='ocr_line' id='line_1_28' title="bbox 276 4055 1358 4152; baseline 0.001 -26"><span class='ocrx_word' id='word_1_210' title='bbox 276 4067 378 4150; x_wconf 87' lang='lat' dir='ltr'><strong>turpe</strong></span> <span class='ocrx_word' id='word_1_211' title='bbox 402 4055 590 4128; x_wconf 85' lang='lat' dir='ltr'><strong>iuvenibus</strong></span> <span class='ocrx_word' id='word_1_212' title='bbox 614 4056 671 4125; x_wconf 89' lang='lat' dir='ltr'><strong>vel</strong></span> <span class='ocrx_word' id='word_1_213' title='bbox 694 4057 929 4148; x_wconf 88' lang='lat' dir='ltr'><strong>spectaculum</strong></span> <span class='ocrx_word' id='word_1_214' title='bbox 954 4058 1012 4128; x_wconf 84' lang='lat' dir='ltr'><strong>uel</strong></span> <span class='ocrx_word' id='word_1_215' title='bbox 1033 4055 1263 4152; x_wconf 81' lang='lat' dir='ltr'><strong>exemplum),</strong></span> <span class='ocrx_word' id='word_1_216' title='bbox 1286 4055 1358 4127; x_wconf 91' lang='lat' dir='ltr'><strong>imo</strong></span> 
     </span>
     <span class='ocr_line' id='line_1_29' title="bbox 276 4172 1357 4273; baseline 0.011 -35"><span class='ocrx_word' id='word_1_217' title='bbox 276 4172 382 4262; x_wconf 82' lang='lat' dir='ltr'><strong>igitur</strong></span> <span class='ocrx_word' id='word_1_218' title='bbox 401 4188 481 4266; x_wconf 83' lang='lat' dir='ltr'><strong>post</strong></span> <span class='ocrx_word' id='word_1_219' title='bbox 500 4175 584 4248; x_wconf 85' lang='lat' dir='ltr'><strong>illud</strong></span> <span class='ocrx_word' id='word_1_220' title='bbox 605 4177 801 4248; x_wconf 88' lang='lat' dir='ltr'><strong>incendium</strong></span> <span class='ocrx_word' id='word_1_221' title='bbox 823 4179 956 4252; x_wconf 87' lang='lat' dir='ltr'><strong>coelesti</strong></span> <span class='ocrx_word' id='word_1_222' title='bbox 977 4201 1055 4252; x_wconf 92' lang='lat' dir='ltr'><strong>rore</strong></span> <span class='ocrx_word' id='word_1_223' title='bbox 1082 4179 1283 4273; x_wconf 82' lang='lat' dir='ltr'><strong>Christique</strong></span> <span class='ocrx_word' id='word_1_224' title='bbox 1303 4199 1357 4250; x_wconf 88' lang='lat' dir='ltr'><strong>re·</strong></span> 
     </span>
    </p>
   </div>
   <div class='ocr_carea' id='block_1_6' title="bbox 0 0 1516 4802">
    <p class='ocr_par' dir='ltr' id='par_1_6' title="bbox 0 0 1516 4802">
     <span class='ocr_line' id='line_1_30' title="bbox 0 0 1516 4802; baseline 0 0"><span class='ocrx_word' id='word_1_225' title='bbox 0 0 1516 4802; x_wconf 95' lang='lat' dir='ltr'><strong> </strong></span> 
     </span>
    </p>
   </div>
  </div>
 </body>
</html>
