3078 4798
264 354 322 415 :tull
600 369 641 416 nn
664 368 763 415 annus
785 367 1008 416 rnnrrnrlnrnus

264 505 390 575 fectum
414 504 525 574 sentio
550 524 698 594 eamque
725 501 1026 574 mansuetudinem
1053 512 1148 572 tuam
1177 506 1281 590 novi,
1310 517 1348 578 ut

264 601 443 718 colloquiis
465 626 544 698 licet
564 625 752 696 ‘humilium
778 624 969 696 amicorum
995 634 1199 717 occupatam
1224 643 1350 700 aurem

265 771 333 820 non
353 747 545 818 insolenter
564 747 745 831 adhibeas,
772 746 882 818 fateor
907 745 1060 818 iuvenile
1086 747 1241 820 studium
1263 750 1346 821 milri

264 872 374 944 luisse
395 881 432 942 ut
452 871 618 942 homerici
636 869 799 943 carminis
826 870 1031 940 sententiam
1059 891 1210 963 sequens
1230 893 1346 944 mores

265 993 444 1065 hominum
466 995 652 1065 multorum
676 991 851 1084 urbesque
871 991 1121 1085 conspicerem,
1145 1015 1256 1066 novas
1276 1004 1346 1065 ter-

190 1113 193 1118 “
265 1140 335 1203 ras,
358 1117 547 1188 altissimos
570 1126 719 1200 montes,
742 1117 875 1188 famosa
900 1115 1024 1200 maria,
1047 1117 1207 1188 laudatos
1233 1117 1344 1200 lacus,

265 1240 402 1313 abditos
423 1241 548 1325 fontes
572 1239 722 1332 insignia
741 1239 898 1322 flumina,
921 1239 1109 1332 variosque
1129 1241 1283 1312 locorum
1302 1241 1348 1312 si-

267 1370 338 1444 tuS,
360 1360 599 1434 curiosissime
616 1363 878 1452 contemplarer.
898 1361 949 1430 lta
966 1362 1059 1433 enim
1076 1362 1242 1456 expedite
1254 1384 1348 1434 com·

265 1481 501 1575 pendioseque
522 1504 563 1554 ac
580 1482 654 1554 sine
671 1480 824 1566 fastidio,
847 1482 952 1553 immo
969 1503 1055 1556 vero
1072 1504 1152 1554 cum
1171 1484 1347 1576 voluptate

266 1625 371 1699 posse
403 1627 458 1676 me
483 1605 623 1678 doctum
651 1603 725 1676 lieri
753 1603 867 1688 rebar,
895 1603 989 1697 quod
1015 1605 1104 1676 inter
1129 1607 1239 1698 prima
1265 1605 1348 1676 mihi

266 1738 428 1800 votorum
466 1727 619 1798 omnium
659 1747 797 1821 semper
834 1727 912 1810 luit,
954 1726 1166 1820 videbarque
1198 1729 1348 1821 quodam

267 1850 369 1923 modo
389 1851 589 1942 agitatione,
625 1851 753 1922 mentis
775 1872 827 1921 ac
858 1850 1015 1942 corporis
1041 1851 1272 1942 ignorantiam
1297 1851 1350 1923 di-

267 1994 468 2046 scussurus,
490 1973 557 2046 Sed
583 1974 652 2044 iam
680 1972 767 2044 satis
792 1983 960 2058 erratum,
984 1974 1070 2047 satis
1091 1973 1259 2078 ambitum
1282 1984 1347 2046 est.

267 2101 338 2170 lam
359 2099 445 2170 satis
465 2098 643 2171 desiderio
669 2109 801 2169 morem
826 2099 938 2189 gessi:
960 2109 1098 2190 tempus
1123 2107 1220 2169 esset
1244 2099 1349 2170 animi

267 2222 334 2292 mei
356 2222 560 2314 signiferum
582 2222 632 2294 sic
651 2222 792 2314 alloqui,
816 2233 853 2293 ut
874 2242 976 2293 suum
998 2243 1163 2294 romanus
1187 2221 1244 2294 ille
1268 2243 1350 2294 cen·

267 2343 371 2415 turio:
392 2346 545 2436 siquiscr:
562 2355 669 2414 statue
690 2345 839 2432 siquem:
856 2344 908 2414 lu'c
928 2345 1048 2436 optime
1067 2346 1283 2416 monebimus.
1305 2346 1350 2416 Et

267 2468 496 2559 proiectovel
518 2467 702 2539 multarum
726 2485 839 2559 usque
864 2466 909 2538 ad
935 2465 1131 2539 satietatem
1151 2466 1350 2562 peragratio

266 2591 501 2683 circuitusque
515 2600 693 2676 terrarum,
709 2593 765 2662 vel
779 2589 941 2662 iuvenilis
955 2589 1059 2662 ardor
1070 2589 1139 2662 ium
1153 2591 1350 2662 lentescens

267 2726 302 2788 et
322 2717 543 2810 tranquillum
566 2714 696 2788 sensim
718 2714 754 2786 in
774 2724 928 2807 teporem
950 2733 1116 2805 vergens,
1143 2722 1248 2806 atque
1268 2712 1350 2785 inde

267 2837 383 2909 oriens
418 2838 544 2930 quietis
577 2837 749 2932 appetitus
782 2845 918 2906 naturae
951 2834 1226 2929 professionique
1260 2853 1350 2904 meae

266 2958 419 3043 debitus,
443 2959 595 3051 vagandi
614 2957 823 3050 errandique
843 2956 1036 3029 discutiunt
1056 2958 1256 3053 appetitum.
1280 2955 1350 3028 Sed

219 3054 224 3060 ¹
268 3079 353 3171 quid
373 3080 499 3168 agam?
519 3077 645 3150 Credat
664 3077 825 3170 quisquis
850 3101 1002 3173 unquam
1022 3076 1104 3149 mihi
1122 3076 1254 3170 aliquid
1274 3097 1350 3148 crc-

268 3198 406 3272 diturus
427 3210 497 3272 est:
520 3200 550 3272 si
569 3201 673 3294 quem
692 3221 759 3292 ego
778 3202 845 3274 sub
860 3205 949 3274 coelo
966 3205 1079 3274 locum
1096 3200 1227 3273 bonum
1244 3199 1349 3270 immo

267 3344 338 3396 non
370 3325 498 3394 malum
531 3345 576 3395 ne
608 3323 723 3402 dicam
755 3324 950 3416 vpessimum
990 3325 1190 3418 reperirem,
1224 3321 1350 3415 cupide

158 3470 161 3477 ·
268 3459 604 3542 perseveranterque
625 3447 870 3532 subsisterem
891 3469 985 3520 nunc
1004 3450 1101 3519 velut
1125 3448 1161 3518 in
1185 3445 1351 3540 pr'aeduro

269 3568 442 3642 recubans
463 3569 647 3661 grabatulo
667 3570 736 3642 huc
761 3569 842 3641 illuc
866 3589 1004 3654 versor,
1032 3589 1097 3640 nec
1122 3567 1215 3640 votis
1240 3563 1352 3638 omni·

270 3693 337 3766 bus
358 3693 543 3787 quaesitam
565 3692 721 3786 requiem
742 3691 892 3764 invenio.
911 3693 1031 3785 ltaque
1049 3689 1244 3764 lassitudini
1264 3702 1352 3758 meae

270 3817 352 3909 quia
371 3815 495 3888 cubilis
516 3815 690 3887 suavitate
707 3836 776 3887 non
795 3836 948 3909 possum,
972 3813 1200 3888 alternatione
1220 3808 1352 3884 subve-

270 3937 338 4010 nio.
364 3939 482 4030 Vugor
505 3959 590 4029 ergo
616 3945 652 4008 et
677 3937 751 4010 sinc
776 3935 845 4007 fine
871 3937 1078 4030 peregrinus
1104 3935 1241 4006 videor:
1266 3929 1350 4002 dum

270 4059 360 4130 enim
382 4060 445 4130 loci
467 4060 572 4132 huius
592 4057 718 4130 duritie
737 4061 854 4132 fessus
877 4080 969 4144 sum,
998 4060 1043 4132 ad
1068 4060 1216 4130 alterum
1243 4057 1350 4135 teror,

270 4179 336 4248 etsi
364 4177 469 4249 nihilo
504 4179 704 4264 molliorem,
734 4179 834 4252 cuius
866 4190 978 4251 tumen
1008 4179 1143 4252 interim
1179 4175 1348 4256 novitate,
