<?xml version="1.0" encoding="UTF-8"?>
<!DOCTYPE html PUBLIC "-//W3C//DTD XHTML 1.0 Transitional//EN"
    "http://www.w3.org/TR/xhtml1/DTD/xhtml1-transitional.dtd">
<html xmlns="http://www.w3.org/1999/xhtml" xml:lang="en" lang="en">
 <head>
  <title>
</title>
<meta http-equiv="Content-Type" content="text/html;charset=utf-8" />
  <meta name='ocr-system' content='tesseract 3.04.00' />
  <meta name='ocr-capabilities' content='ocr_page ocr_carea ocr_par ocr_line ocrx_word'/>
</head>
<body>
  <div class='ocr_page' id='page_1' title='image "./franciscipetrar01fracgoog_0317.png"; bbox 0 0 3078 4798; ppageno 0'>
   <div class='ocr_carea' id='block_1_1' title="bbox 289 373 1036 433">
    <p class='ocr_par' dir='ltr' id='par_1_1' title="bbox 289 373 1036 433">
     <span class='ocr_line' id='line_1_1' title="bbox 289 373 1036 433; baseline -0.003 -5"><span class='ocrx_word' id='word_1_1' title='bbox 289 373 346 433; x_wconf 74' lang='lat' dir='ltr'><strong>:tOt</strong></span> <span class='ocrx_word' id='word_1_2' title='bbox 630 383 669 428; x_wconf 85' lang='lat' dir='ltr'><strong>oa</strong></span> <span class='ocrx_word' id='word_1_3' title='bbox 691 381 792 430; x_wconf 79' lang='lat' dir='ltr'><strong>nauus</strong></span> <span class='ocrx_word' id='word_1_4' title='bbox 815 381 1036 430; x_wconf 78' lang='lat' dir='ltr'><strong>rauraraarous</strong></span> 
     </span>
    </p>
   </div>
   <div class='ocr_carea' id='block_1_2' title="bbox 285 515 1383 2076">
    <p class='ocr_par' dir='ltr' id='par_1_2' title="bbox 285 515 1383 2076">
     <span class='ocr_line' id='line_1_2' title="bbox 287 515 1383 609; baseline -0.003 -19"><span class='ocrx_word' id='word_1_5' title='bbox 287 518 442 590; x_wconf 93' lang='lat' dir='ltr'><strong>remedio</strong></span> <span class='ocrx_word' id='word_1_6' title='bbox 462 517 594 588; x_wconf 83' lang='lat' dir='ltr'><strong>solarer</strong></span> <span class='ocrx_word' id='word_1_7' title='bbox 615 515 681 586; x_wconf 88' lang='lat' dir='ltr'><strong>nisi</strong></span> <span class='ocrx_word' id='word_1_8' title='bbox 699 518 799 608; x_wconf 89' lang='lat' dir='ltr'><strong>plana</strong></span> <span class='ocrx_word' id='word_1_9' title='bbox 820 537 962 588; x_wconf 81' lang='lat' dir='ltr'>nossem</span> <span class='ocrx_word' id='word_1_10' title='bbox 981 537 1045 588; x_wconf 90' lang='lat' dir='ltr'><strong>nos</strong></span> <span class='ocrx_word' id='word_1_11' title='bbox 1062 535 1186 587; x_wconf 84' lang='lat' dir='ltr'><strong>omnes</strong></span> <span class='ocrx_word' id='word_1_12' title='bbox 1203 517 1261 609; x_wconf 89' lang='lat' dir='ltr'><strong>qui</strong></span> <span class='ocrx_word' id='word_1_13' title='bbox 1281 517 1383 588; x_wconf 89' lang='lat' dir='ltr'><strong>vivi-</strong></span> 
     </span>
     <span class='ocr_line' id='line_1_3' title="bbox 287 637 1382 732; baseline -0.004 -18"><span class='ocrx_word' id='word_1_14' title='bbox 287 665 366 714; x_wconf 89' lang='lat' dir='ltr'><strong>mus</strong></span> <span class='ocrx_word' id='word_1_15' title='bbox 391 640 535 711; x_wconf 86' lang='lat' dir='ltr'><strong>libenter</strong></span> <span class='ocrx_word' id='word_1_16' title='bbox 562 640 595 708; x_wconf 94' lang='lat' dir='ltr'><strong>in</strong></span> <span class='ocrx_word' id='word_1_17' title='bbox 621 647 819 710; x_wconf 88' lang='lat' dir='ltr'><strong>nostrarum</strong></span> <span class='ocrx_word' id='word_1_18' title='bbox 846 637 973 710; x_wconf 91' lang='lat' dir='ltr'><strong>iudicio</strong></span> <span class='ocrx_word' id='word_1_19' title='bbox 1001 657 1116 710; x_wconf 89' lang='lat' dir='ltr'><strong>rerum</strong></span> <span class='ocrx_word' id='word_1_20' title='bbox 1142 638 1223 709; x_wconf 80' lang='lat' dir='ltr'><strong>iaili.</strong></span> <span class='ocrx_word' id='word_1_21' title='bbox 1249 639 1382 732; x_wconf 84' lang='lat' dir='ltr'><strong>itaque</strong></span> 
     </span>
     <span class='ocr_line' id='line_1_4' title="bbox 288 743 1380 853; baseline -0.005 -15"><span class='ocrx_word' id='word_1_22' title='bbox 288 765 497 838; x_wconf 86' lang='lat' dir='ltr'><strong>simillimum</strong></span> <span class='ocrx_word' id='word_1_23' title='bbox 534 762 609 832; x_wconf 89' lang='lat' dir='ltr'><strong>veri</strong></span> <span class='ocrx_word' id='word_1_24' title='bbox 641 771 697 834; x_wconf 93' lang='lat' dir='ltr'><strong>est</strong></span> <span class='ocrx_word' id='word_1_25' title='bbox 730 771 770 832; x_wconf 89' lang='lat' dir='ltr'><strong>ut</strong></span> <span class='ocrx_word' id='word_1_26' title='bbox 803 761 892 833; x_wconf 87' lang='lat' dir='ltr'><strong>sicut</strong></span> <span class='ocrx_word' id='word_1_27' title='bbox 911 783 978 853; x_wconf 81' lang='lat' dir='ltr'><strong>ego</strong></span> <span class='ocrx_word' id='word_1_28' title='bbox 999 743 1124 834; x_wconf 83' lang='lat' dir='ltr'><strong>studiis</strong></span> <span class='ocrx_word' id='word_1_29' title='bbox 1148 763 1221 833; x_wconf 85' lang='lat' dir='ltr'><strong>suis</strong></span> <span class='ocrx_word' id='word_1_30' title='bbox 1243 765 1380 834; x_wconf 79' lang='lat' dir='ltr'><strong>multos</strong></span> 
     </span>
     <span class='ocr_line' id='line_1_5' title="bbox 286 883 1380 976; baseline 0.001 -20"><span class='ocrx_word' id='word_1_31' title='bbox 286 887 429 970; x_wconf 87' lang='lat' dir='ltr'><strong>irrideo,</strong></span> <span class='ocrx_word' id='word_1_32' title='bbox 453 885 504 956; x_wconf 86' lang='lat' dir='ltr'><strong>sic</strong></span> <span class='ocrx_word' id='word_1_33' title='bbox 526 883 681 954; x_wconf 88' lang='lat' dir='ltr'><strong>vicissim</strong></span> <span class='ocrx_word' id='word_1_34' title='bbox 703 907 724 956; x_wconf 90' lang='lat' dir='ltr'><strong>a</strong></span> <span class='ocrx_word' id='word_1_35' title='bbox 745 884 862 954; x_wconf 88' lang='lat' dir='ltr'><strong>moltis</strong></span> <span class='ocrx_word' id='word_1_36' title='bbox 883 883 1044 966; x_wconf 66' lang='lat' dir='ltr'><strong>irrideam</strong></span> <span class='ocrx_word' id='word_1_37' title='bbox 1066 883 1164 976; x_wconf 82' lang='lat' dir='ltr'><strong>vulgi</strong></span> <span class='ocrx_word' id='word_1_38' title='bbox 1181 894 1296 956; x_wconf 77' lang='lat' dir='ltr'><strong>mmen</strong></span> <span class='ocrx_word' id='word_1_39' title='bbox 1317 886 1380 957; x_wconf 89' lang='lat' dir='ltr'><strong>iu-</strong></span> 
     </span>
     <span class='ocr_line' id='line_1_6' title="bbox 285 1005 1378 1100; baseline -0.002 -18"><span class='ocrx_word' id='word_1_40' title='bbox 285 1009 377 1082; x_wconf 90' lang='lat' dir='ltr'><strong>dicia</strong></span> <span class='ocrx_word' id='word_1_41' title='bbox 395 1029 534 1100; x_wconf 84' lang='lat' dir='ltr'><strong>semper</strong></span> <span class='ocrx_word' id='word_1_42' title='bbox 548 1006 680 1098; x_wconf 85' lang='lat' dir='ltr'><strong>sprevi,</strong></span> <span class='ocrx_word' id='word_1_43' title='bbox 697 1027 824 1099; x_wconf 89' lang='lat' dir='ltr'><strong>meque</strong></span> <span class='ocrx_word' id='word_1_44' title='bbox 841 1005 1026 1077; x_wconf 89' lang='lat' dir='ltr'><strong>abeodem</strong></span> <span class='ocrx_word' id='word_1_45' title='bbox 1046 1007 1164 1098; x_wconf 79' lang='lat' dir='ltr'><strong>sperni</strong></span> <span class='ocrx_word' id='word_1_46' title='bbox 1181 1027 1248 1077; x_wconf 92' lang='lat' dir='ltr'><strong>non</strong></span> <span class='ocrx_word' id='word_1_47' title='bbox 1265 1008 1378 1080; x_wconf 90' lang='lat' dir='ltr'><strong>modo</strong></span> 
     </span>
     <span class='ocr_line' id='line_1_7' title="bbox 287 1127 1376 1224; baseline -0.003 -21"><span class='ocrx_word' id='word_1_48' title='bbox 287 1129 493 1224; x_wconf 81' lang='lat' dir='ltr'><strong>contempsi,</strong></span> <span class='ocrx_word' id='word_1_49' title='bbox 517 1127 668 1199; x_wconf 90' lang='lat' dir='ltr'><strong>sednon</strong></span> <span class='ocrx_word' id='word_1_50' title='bbox 696 1127 851 1200; x_wconf 78' lang='lat' dir='ltr'><strong>ultimam</strong></span> <span class='ocrx_word' id='word_1_51' title='bbox 879 1129 1000 1221; x_wconf 82' lang='lat' dir='ltr'><strong>gloriae</strong></span> <span class='ocrx_word' id='word_1_52' title='bbox 1026 1149 1115 1200; x_wconf 76' lang='lat' dir='ltr'><strong>meae</strong></span> <span class='ocrx_word' id='word_1_53' title='bbox 1140 1137 1274 1224; x_wconf 87' lang='lat' dir='ltr'><strong>partem</strong></span> <span class='ocrx_word' id='word_1_54' title='bbox 1294 1149 1376 1201; x_wconf 89' lang='lat' dir='ltr'><strong>cre-</strong></span> 
     </span>
     <span class='ocr_line' id='line_1_8' title="bbox 285 1247 1375 1342; baseline 0 -18"><span class='ocrx_word' id='word_1_55' title='bbox 285 1251 369 1324; x_wconf 90' lang='lat' dir='ltr'><strong>didi.</strong></span> <span class='ocrx_word' id='word_1_56' title='bbox 391 1250 478 1321; x_wconf 86' lang='lat' dir='ltr'><strong>illud</strong></span> <span class='ocrx_word' id='word_1_57' title='bbox 500 1269 555 1318; x_wconf 90' lang='lat' dir='ltr'><strong>me</strong></span> <span class='ocrx_word' id='word_1_58' title='bbox 574 1247 719 1338; x_wconf 82' lang='lat' dir='ltr'><strong>gravius</strong></span> <span class='ocrx_word' id='word_1_59' title='bbox 736 1250 862 1342; x_wconf 80' lang='lat' dir='ltr'><strong>premit</strong></span> <span class='ocrx_word' id='word_1_60' title='bbox 878 1250 973 1342; x_wconf 88' lang='lat' dir='ltr'><strong>quod</strong></span> <span class='ocrx_word' id='word_1_61' title='bbox 990 1249 1165 1322; x_wconf 89' lang='lat' dir='ltr'><strong>interdum</strong></span> <span class='ocrx_word' id='word_1_62' title='bbox 1184 1251 1299 1324; x_wconf 91' lang='lat' dir='ltr'><strong>studia</strong></span> <span class='ocrx_word' id='word_1_63' title='bbox 1316 1251 1375 1324; x_wconf 87' lang='lat' dir='ltr'><strong>vi-</strong></span> 
     </span>
     <span class='ocr_line' id='line_1_9' title="bbox 288 1375 1372 1470; baseline 0.003 -27"><span class='ocrx_word' id='word_1_64' title='bbox 288 1375 458 1466; x_wconf 82' lang='lat' dir='ltr'><strong>giliasque</strong></span> <span class='ocrx_word' id='word_1_65' title='bbox 480 1396 577 1446; x_wconf 90' lang='lat' dir='ltr'><strong>meas</strong></span> <span class='ocrx_word' id='word_1_66' title='bbox 599 1375 683 1446; x_wconf 91' lang='lat' dir='ltr'><strong>mihi</strong></span> <span class='ocrx_word' id='word_1_67' title='bbox 706 1375 780 1470; x_wconf 89' lang='lat' dir='ltr'><strong>ipse</strong></span> <span class='ocrx_word' id='word_1_68' title='bbox 802 1377 864 1447; x_wconf 84' lang='lat' dir='ltr'><strong>vix</strong></span> <span class='ocrx_word' id='word_1_69' title='bbox 884 1376 1050 1470; x_wconf 82' lang='lat' dir='ltr'><strong>approba,</strong></span> <span class='ocrx_word' id='word_1_70' title='bbox 1074 1375 1265 1467; x_wconf 90' lang='lat' dir='ltr'><strong>videorque</strong></span> <span class='ocrx_word' id='word_1_71' title='bbox 1286 1397 1372 1446; x_wconf 89' lang='lat' dir='ltr'><strong>oon-</strong></span> 
     </span>
     <span class='ocr_line' id='line_1_10' title="bbox 288 1497 1371 1592; baseline 0 -26"><span class='ocrx_word' id='word_1_72' title='bbox 288 1497 415 1568; x_wconf 86' lang='lat' dir='ltr'><strong>sultius</strong></span> <span class='ocrx_word' id='word_1_73' title='bbox 436 1507 578 1568; x_wconf 90' lang='lat' dir='ltr'><strong>acturus</strong></span> <span class='ocrx_word' id='word_1_74' title='bbox 606 1497 636 1567; x_wconf 95' lang='lat' dir='ltr'><strong>si</strong></span> <span class='ocrx_word' id='word_1_75' title='bbox 661 1497 803 1570; x_wconf 90' lang='lat' dir='ltr'><strong>abiectis</strong></span> <span class='ocrx_word' id='word_1_76' title='bbox 824 1499 999 1581; x_wconf 89' lang='lat' dir='ltr'><strong>omnibus,</strong></span> <span class='ocrx_word' id='word_1_77' title='bbox 1023 1497 1150 1591; x_wconf 90' lang='lat' dir='ltr'><strong>quibus</strong></span> <span class='ocrx_word' id='word_1_78' title='bbox 1172 1518 1312 1592; x_wconf 82' lang='lat' dir='ltr'><strong>operam</strong></span> <span class='ocrx_word' id='word_1_79' title='bbox 1333 1507 1371 1568; x_wconf 88' lang='lat' dir='ltr'><strong>et</strong></span> 
     </span>
     <span class='ocr_line' id='line_1_11' title="bbox 289 1609 1367 1714; baseline 0.002 -28"><span class='ocrx_word' id='word_1_80' title='bbox 289 1619 369 1702; x_wconf 88' lang='lat' dir='ltr'><strong>hoe,</strong></span> <span class='ocrx_word' id='word_1_81' title='bbox 392 1619 492 1688; x_wconf 92' lang='lat' dir='ltr'><strong>cuius</strong></span> <span class='ocrx_word' id='word_1_82' title='bbox 518 1627 612 1690; x_wconf 89' lang='lat' dir='ltr'><strong>tanta</strong></span> <span class='ocrx_word' id='word_1_83' title='bbox 640 1618 783 1711; x_wconf 91' lang='lat' dir='ltr'><strong>penuria</strong></span> <span class='ocrx_word' id='word_1_84' title='bbox 804 1631 870 1704; x_wconf 91' lang='lat' dir='ltr'><strong>est,</strong></span> <span class='ocrx_word' id='word_1_85' title='bbox 894 1609 1030 1714; x_wconf 86' lang='lat' dir='ltr'><strong>tempus</strong></span> <span class='ocrx_word' id='word_1_86' title='bbox 1056 1619 1231 1712; x_wconf 89' lang='lat' dir='ltr'><strong>impendo,</strong></span> <span class='ocrx_word' id='word_1_87' title='bbox 1260 1640 1367 1688; x_wconf 87' lang='lat' dir='ltr'><strong>unum</strong></span> 
     </span>
     <span class='ocr_line' id='line_1_12' title="bbox 288 1739 1367 1834; baseline 0.001 -25"><span class='ocrx_word' id='word_1_88' title='bbox 288 1761 395 1830; x_wconf 80' lang='lat' dir='ltr'><strong>agere</strong></span> <span class='ocrx_word' id='word_1_89' title='bbox 416 1739 602 1832; x_wconf 90' lang='lat' dir='ltr'><strong>inciperem</strong></span> <span class='ocrx_word' id='word_1_90' title='bbox 624 1740 717 1833; x_wconf 92' lang='lat' dir='ltr'><strong>quod</strong></span> <span class='ocrx_word' id='word_1_91' title='bbox 737 1741 868 1814; x_wconf 93' lang='lat' dir='ltr'><strong>iamdiu</strong></span> <span class='ocrx_word' id='word_1_92' title='bbox 888 1743 1038 1814; x_wconf 90' lang='lat' dir='ltr'><strong>meditor</strong></span> <span class='ocrx_word' id='word_1_93' title='bbox 1062 1754 1097 1814; x_wconf 88' lang='lat' dir='ltr'><strong>et</strong></span> <span class='ocrx_word' id='word_1_94' title='bbox 1121 1742 1167 1813; x_wconf 95' lang='lat' dir='ltr'><strong>ad</strong></span> <span class='ocrx_word' id='word_1_95' title='bbox 1191 1740 1287 1834; x_wconf 87' lang='lat' dir='ltr'><strong>quod</strong></span> <span class='ocrx_word' id='word_1_96' title='bbox 1312 1761 1367 1811; x_wconf 92' lang='lat' dir='ltr'><strong>so-</strong></span> 
     </span>
     <span class='ocr_line' id='line_1_13' title="bbox 287 1859 1365 1938; baseline -0.001 -5"><span class='ocrx_word' id='word_1_97' title='bbox 287 1867 359 1933; x_wconf 92' lang='lat' dir='ltr'><strong>lum</strong></span> <span class='ocrx_word' id='word_1_98' title='bbox 380 1861 416 1931; x_wconf 92' lang='lat' dir='ltr'><strong>in</strong></span> <span class='ocrx_word' id='word_1_99' title='bbox 437 1861 526 1931; x_wconf 89' lang='lat' dir='ltr'><strong>hano</strong></span> <span class='ocrx_word' id='word_1_100' title='bbox 547 1859 691 1935; x_wconf 87' lang='lat' dir='ltr'><strong>brevem</strong></span> <span class='ocrx_word' id='word_1_101' title='bbox 708 1872 744 1934; x_wconf 89' lang='lat' dir='ltr'><strong>et</strong></span> <span class='ocrx_word' id='word_1_102' title='bbox 760 1864 925 1935; x_wconf 88' lang='lat' dir='ltr'><strong>miseram</strong></span> <span class='ocrx_word' id='word_1_103' title='bbox 948 1865 1056 1938; x_wconf 91' lang='lat' dir='ltr'><strong>vitam</strong></span> <span class='ocrx_word' id='word_1_104' title='bbox 1086 1863 1178 1936; x_wconf 90' lang='lat' dir='ltr'><strong>veni.</strong></span> <span class='ocrx_word' id='word_1_105' title='bbox 1198 1863 1269 1936; x_wconf 90' lang='lat' dir='ltr'><strong>Sed</strong></span> <span class='ocrx_word' id='word_1_106' title='bbox 1287 1861 1365 1933; x_wconf 90' lang='lat' dir='ltr'><strong>huic</strong></span> 
     </span>
     <span class='ocr_line' id='line_1_14' title="bbox 288 1981 1364 2076; baseline 0 -22"><span class='ocrx_word' id='word_1_107' title='bbox 288 1981 487 2075; x_wconf 78' lang='lat' dir='ltr'><strong>cogitationi</strong></span> <span class='ocrx_word' id='word_1_108' title='bbox 522 2002 618 2076; x_wconf 80' lang='lat' dir='ltr'><strong>saepe</strong></span> <span class='ocrx_word' id='word_1_109' title='bbox 643 1984 701 2055; x_wconf 87' lang='lat' dir='ltr'><strong>illa</strong></span> <span class='ocrx_word' id='word_1_110' title='bbox 722 1985 913 2072; x_wconf 86' lang='lat' dir='ltr'><strong>suboritur,</strong></span> <span class='ocrx_word' id='word_1_111' title='bbox 948 1987 1031 2057; x_wconf 86' lang='lat' dir='ltr'><strong>nihii</strong></span> <span class='ocrx_word' id='word_1_112' title='bbox 1064 1987 1141 2058; x_wconf 87' lang='lat' dir='ltr'><strong>haeo</strong></span> <span class='ocrx_word' id='word_1_113' title='bbox 1174 1984 1287 2057; x_wconf 92' lang='lat' dir='ltr'><strong>studia</strong></span> <span class='ocrx_word' id='word_1_114' title='bbox 1321 1984 1364 2054; x_wconf 91' lang='lat' dir='ltr'><strong>illi</strong></span> 
     </span>
    </p>
   </div>
   <div class='ocr_carea' id='block_1_3' title="bbox 179 2107 1365 2204">
    <p class='ocr_par' dir='ltr' id='par_1_3' title="bbox 179 2107 1365 2204">
     <span class='ocr_line' id='line_1_15' title="bbox 179 2107 1365 2204; baseline 0.001 -27"><span class='ocrx_word' id='word_1_115' title='bbox 179 2129 183 2140; x_wconf 71' lang='lat'><strong><em>¹</em></strong></span> <span class='ocrx_word' id='word_1_116' title='bbox 287 2107 466 2201; x_wconf 89' lang='lat' dir='ltr'><strong>proposito</strong></span> <span class='ocrx_word' id='word_1_117' title='bbox 486 2128 629 2189; x_wconf 84' lang='lat' dir='ltr'><strong>nocere,</strong></span> <span class='ocrx_word' id='word_1_118' title='bbox 653 2109 741 2180; x_wconf 85' lang='lat' dir='ltr'><strong>sorte</strong></span> <span class='ocrx_word' id='word_1_119' title='bbox 761 2109 864 2180; x_wconf 84' lang='lat' dir='ltr'><strong>etiam</strong></span> <span class='ocrx_word' id='word_1_120' title='bbox 885 2109 1066 2204; x_wconf 90' lang='lat' dir='ltr'><strong>prodesse.</strong></span> <span class='ocrx_word' id='word_1_121' title='bbox 1088 2109 1182 2179; x_wconf 84' lang='lat' dir='ltr'><strong>inter</strong></span> <span class='ocrx_word' id='word_1_122' title='bbox 1201 2108 1279 2186; x_wconf 86' lang='lat' dir='ltr'><strong>haee</strong></span> <span class='ocrx_word' id='word_1_123' title='bbox 1303 2107 1365 2178; x_wconf 90' lang='lat' dir='ltr'><strong>du-</strong></span> 
     </span>
    </p>
   </div>
   <div class='ocr_carea' id='block_1_4' title="bbox 285 2231 1367 4040">
    <p class='ocr_par' dir='ltr' id='par_1_4' title="bbox 285 2231 1367 4040">
     <span class='ocr_line' id='line_1_16' title="bbox 290 2231 1364 2330; baseline -0.002 -28"><span class='ocrx_word' id='word_1_124' title='bbox 290 2231 384 2302; x_wconf 92' lang='lat' dir='ltr'><strong>bium</strong></span> <span class='ocrx_word' id='word_1_125' title='bbox 406 2243 510 2326; x_wconf 90' lang='lat' dir='ltr'><strong>atque</strong></span> <span class='ocrx_word' id='word_1_126' title='bbox 531 2233 752 2304; x_wconf 75' lang='lat' dir='ltr'><strong>haesitantem</strong></span> <span class='ocrx_word' id='word_1_127' title='bbox 773 2237 860 2330; x_wconf 32' lang='lat' dir='ltr'><strong>&#39;sola</strong></span> <span class='ocrx_word' id='word_1_128' title='bbox 895 2231 1060 2329; x_wconf 87' lang='lat' dir='ltr'><strong>temporis</strong></span> <span class='ocrx_word' id='word_1_129' title='bbox 1093 2231 1210 2304; x_wconf 90' lang='lat' dir='ltr'><strong>turbat</strong></span> <span class='ocrx_word' id='word_1_130' title='bbox 1242 2231 1364 2327; x_wconf 92' lang='lat' dir='ltr'><strong>inopia.</strong></span> 
     </span>
     <span class='ocr_line' id='line_1_17' title="bbox 288 2353 1366 2450; baseline 0 -24"><span class='ocrx_word' id='word_1_131' title='bbox 288 2357 339 2426; x_wconf 90' lang='lat' dir='ltr'><strong>lta</strong></span> <span class='ocrx_word' id='word_1_132' title='bbox 359 2378 426 2448; x_wconf 85' lang='lat' dir='ltr'><strong>ego</strong></span> <span class='ocrx_word' id='word_1_133' title='bbox 447 2356 540 2426; x_wconf 92' lang='lat' dir='ltr'><strong>unde</strong></span> <span class='ocrx_word' id='word_1_134' title='bbox 565 2379 620 2427; x_wconf 89' lang='lat' dir='ltr'><strong>me</strong></span> <span class='ocrx_word' id='word_1_135' title='bbox 643 2356 810 2450; x_wconf 84' lang='lat' dir='ltr'><strong>expedire</strong></span> <span class='ocrx_word' id='word_1_136' title='bbox 836 2355 971 2440; x_wconf 89' lang='lat' dir='ltr'><strong>molior,</strong></span> <span class='ocrx_word' id='word_1_137' title='bbox 995 2353 1173 2427; x_wconf 86' lang='lat' dir='ltr'><strong>¹interdum</strong></span> <span class='ocrx_word' id='word_1_138' title='bbox 1208 2355 1366 2426; x_wconf 92' lang='lat' dir='ltr'><strong>intentior</strong></span> 
     </span>
     <span class='ocr_line' id='line_1_18' title="bbox 286 2475 1366 2570; baseline -0.001 -23"><span class='ocrx_word' id='word_1_139' title='bbox 286 2486 322 2547; x_wconf 89' lang='lat' dir='ltr'><strong>et</strong></span> <span class='ocrx_word' id='word_1_140' title='bbox 341 2477 541 2570; x_wconf 89' lang='lat' dir='ltr'><strong>occupatior</strong></span> <span class='ocrx_word' id='word_1_141' title='bbox 561 2475 616 2548; x_wconf 86' lang='lat' dir='ltr'><strong>fio.</strong></span> <span class='ocrx_word' id='word_1_142' title='bbox 639 2479 814 2549; x_wconf 78' lang='lat' dir='ltr'><strong>Caeterum</strong></span> <span class='ocrx_word' id='word_1_143' title='bbox 835 2478 923 2549; x_wconf 82' lang='lat' dir='ltr'><strong>inter</strong></span> <span class='ocrx_word' id='word_1_144' title='bbox 943 2477 1020 2552; x_wconf 83' lang='lat' dir='ltr'><strong>haec</strong></span> <span class='ocrx_word' id='word_1_145' title='bbox 1040 2476 1244 2550; x_wconf 84' lang='lat' dir='ltr'><strong>alternantis</strong></span> <span class='ocrx_word' id='word_1_146' title='bbox 1263 2478 1366 2548; x_wconf 79' lang='lat' dir='ltr'><strong>ammi</strong></span> 
     </span>
     <span class='ocr_line' id='line_1_19' title="bbox 286 2598 1366 2694; baseline 0 -24"><span class='ocrx_word' id='word_1_147' title='bbox 286 2599 430 2670; x_wconf 85' lang='lat' dir='ltr'><strong>consilia</strong></span> <span class='ocrx_word' id='word_1_148' title='bbox 452 2621 553 2671; x_wconf 89' lang='lat' dir='ltr'><strong>suum</strong></span> <span class='ocrx_word' id='word_1_149' title='bbox 579 2599 710 2671; x_wconf 89' lang='lat' dir='ltr'><strong>veritas</strong></span> <span class='ocrx_word' id='word_1_150' title='bbox 736 2599 850 2671; x_wconf 84' lang='lat' dir='ltr'><strong>locum</strong></span> <span class='ocrx_word' id='word_1_151' title='bbox 877 2609 1004 2671; x_wconf 87' lang='lat' dir='ltr'><strong>teneat.</strong></span> <span class='ocrx_word' id='word_1_152' title='bbox 1038 2601 1115 2692; x_wconf 83' lang='lat' dir='ltr'><strong>Ego</strong></span> <span class='ocrx_word' id='word_1_153' title='bbox 1145 2609 1298 2694; x_wconf 83' lang='lat' dir='ltr'><strong>ooeptam</strong></span> <span class='ocrx_word' id='word_1_154' title='bbox 1324 2598 1366 2671; x_wconf 93' lang='lat' dir='ltr'><strong>ad</strong></span> 
     </span>
     <span class='ocr_line' id='line_1_20' title="bbox 285 2722 1362 2816; baseline 0.001 -23"><span class='ocrx_word' id='word_1_155' title='bbox 285 2723 547 2794; x_wconf 87' lang='lat' dir='ltr'><strong>excusationem</strong></span> <span class='ocrx_word' id='word_1_156' title='bbox 570 2723 684 2795; x_wconf 90' lang='lat' dir='ltr'><strong>redeo.</strong></span> <span class='ocrx_word' id='word_1_157' title='bbox 709 2723 764 2794; x_wconf 88' lang='lat' dir='ltr'><strong>Sic</strong></span> <span class='ocrx_word' id='word_1_158' title='bbox 784 2745 869 2814; x_wconf 85' lang='lat' dir='ltr'><strong>ergo</strong></span> <span class='ocrx_word' id='word_1_159' title='bbox 888 2722 1099 2816; x_wconf 89' lang='lat' dir='ltr'><strong>quibusdam</strong></span> <span class='ocrx_word' id='word_1_160' title='bbox 1127 2743 1197 2793; x_wconf 88' lang='lat' dir='ltr'><strong>non</strong></span> <span class='ocrx_word' id='word_1_161' title='bbox 1222 2722 1362 2815; x_wconf 89' lang='lat' dir='ltr'><strong>parvis,</strong></span> 
     </span>
     <span class='ocr_line' id='line_1_21' title="bbox 287 2845 1365 2938; baseline 0.003 -23"><span class='ocrx_word' id='word_1_162' title='bbox 287 2857 325 2916; x_wconf 91' lang='lat' dir='ltr'><strong>ut</strong></span> <span class='ocrx_word' id='word_1_163' title='bbox 349 2856 405 2916; x_wconf 92' lang='lat' dir='ltr'><strong>est</strong></span> <span class='ocrx_word' id='word_1_164' title='bbox 428 2846 580 2928; x_wconf 80' lang='lat' dir='ltr'><strong>animae,</strong></span> <span class='ocrx_word' id='word_1_165' title='bbox 607 2845 700 2938; x_wconf 88' lang='lat' dir='ltr'><strong>apud</strong></span> <span class='ocrx_word' id='word_1_166' title='bbox 727 2867 782 2915; x_wconf 86' lang='lat' dir='ltr'><strong>me</strong></span> <span class='ocrx_word' id='word_1_167' title='bbox 806 2845 956 2937; x_wconf 78' lang='lat' dir='ltr'><strong>nogotiis</strong></span> <span class='ocrx_word' id='word_1_168' title='bbox 980 2845 1164 2918; x_wconf 80' lang='lat' dir='ltr'><strong>avocabar.</strong></span> <span class='ocrx_word' id='word_1_169' title='bbox 1191 2845 1365 2918; x_wconf 86' lang='lat' dir='ltr'><strong>Noveram</strong></span> 
     </span>
     <span class='ocr_line' id='line_1_22' title="bbox 287 2961 1366 3057; baseline 0.001 -20"><span class='ocrx_word' id='word_1_170' title='bbox 287 2968 317 3038; x_wconf 89' lang='lat' dir='ltr'><strong>si</strong></span> <span class='ocrx_word' id='word_1_171' title='bbox 335 2977 368 3037; x_wconf 90' lang='lat' dir='ltr'><strong>te</strong></span> <span class='ocrx_word' id='word_1_172' title='bbox 383 2967 548 3037; x_wconf 86' lang='lat' dir='ltr'><strong>adiissem</strong></span> <span class='ocrx_word' id='word_1_173' title='bbox 564 2987 669 3057; x_wconf 91' lang='lat' dir='ltr'><strong>quam</strong></span> <span class='ocrx_word' id='word_1_174' title='bbox 683 2968 774 3037; x_wconf 84' lang='lat' dir='ltr'><strong>lente</strong></span> <span class='ocrx_word' id='word_1_175' title='bbox 792 2966 993 3051; x_wconf 79' lang='lat' dir='ltr'><strong>divellerer3</strong></span> <span class='ocrx_word' id='word_1_176' title='bbox 1015 2961 1181 3040; x_wconf 79' lang='lat' dir='ltr'><strong>festinare</strong></span> <span class='ocrx_word' id='word_1_177' title='bbox 1201 2967 1366 3040; x_wconf 86' lang='lat' dir='ltr'><strong>iubebant</strong></span> 
     </span>
     <span class='ocr_line' id='line_1_23' title="bbox 285 3077 1366 3178; baseline 0 -18"><span class='ocrx_word' id='word_1_178' title='bbox 285 3077 392 3173; x_wconf 81' lang='lat' dir='ltr'><strong>curre,</strong></span> <span class='ocrx_word' id='word_1_179' title='bbox 418 3087 575 3178; x_wconf 81' lang='lat' dir='ltr'><strong>fugiebat</strong></span> <span class='ocrx_word' id='word_1_180' title='bbox 607 3089 713 3159; x_wconf 80' lang='lat' dir='ltr'><strong>velox</strong></span> <span class='ocrx_word' id='word_1_181' title='bbox 740 3111 781 3164; x_wconf 90' lang='lat' dir='ltr'><strong>ao</strong></span> <span class='ocrx_word' id='word_1_182' title='bbox 806 3090 926 3162; x_wconf 90' lang='lat' dir='ltr'><strong>brevis</strong></span> <span class='ocrx_word' id='word_1_183' title='bbox 955 3091 1043 3175; x_wconf 83' lang='lat' dir='ltr'><strong>dios,</strong></span> <span class='ocrx_word' id='word_1_184' title='bbox 1071 3091 1187 3163; x_wconf 87' lang='lat' dir='ltr'><strong>vicina</strong></span> <span class='ocrx_word' id='word_1_185' title='bbox 1211 3112 1285 3162; x_wconf 85' lang='lat' dir='ltr'><strong>nox</strong></span> <span class='ocrx_word' id='word_1_186' title='bbox 1310 3113 1366 3162; x_wconf 64' lang='lat' dir='ltr'><strong>oe</strong></span> 
     </span>
     <span class='ocr_line' id='line_1_24' title="bbox 286 3209 1366 3309; baseline 0 -27"><span class='ocrx_word' id='word_1_187' title='bbox 286 3209 401 3304; x_wconf 80' lang='lat' dir='ltr'><strong>gebat,</strong></span> <span class='ocrx_word' id='word_1_188' title='bbox 422 3231 504 3303; x_wconf 88' lang='lat' dir='ltr'><strong>quaa</strong></span> <span class='ocrx_word' id='word_1_189' title='bbox 524 3231 590 3294; x_wconf 89' lang='lat' dir='ltr'><strong>me,</strong></span> <span class='ocrx_word' id='word_1_190' title='bbox 613 3210 789 3284; x_wconf 86' lang='lat' dir='ltr'><strong>anhelanti</strong></span> <span class='ocrx_word' id='word_1_191' title='bbox 810 3213 889 3284; x_wconf 91' lang='lat' dir='ltr'><strong>licet</strong></span> <span class='ocrx_word' id='word_1_192' title='bbox 905 3233 996 3307; x_wconf 89' lang='lat' dir='ltr'><strong>equo</strong></span> <span class='ocrx_word' id='word_1_193' title='bbox 1014 3222 1168 3309; x_wconf 83' lang='lat' dir='ltr'><strong>vectum,</strong></span> <span class='ocrx_word' id='word_1_194' title='bbox 1189 3213 1226 3282; x_wconf 88' lang='lat' dir='ltr'><strong>in</strong></span> <span class='ocrx_word' id='word_1_195' title='bbox 1246 3211 1366 3284; x_wconf 87' lang='lat' dir='ltr'><strong>itinere</strong></span> 
     </span>
     <span class='ocr_line' id='line_1_25' title="bbox 285 3333 1367 3432; baseline -0.001 -24"><span class='ocrx_word' id='word_1_196' title='bbox 285 3333 520 3430; x_wconf 86' lang='lat' dir='ltr'><strong>deprehendit.</strong></span> <span class='ocrx_word' id='word_1_197' title='bbox 543 3334 593 3406; x_wconf 88' lang='lat' dir='ltr'><strong>Da</strong></span> <span class='ocrx_word' id='word_1_198' title='bbox 613 3335 765 3420; x_wconf 90' lang='lat' dir='ltr'><strong>veniam,</strong></span> <span class='ocrx_word' id='word_1_199' title='bbox 789 3357 927 3432; x_wconf 91' lang='lat' dir='ltr'><strong>preoor;</strong></span> <span class='ocrx_word' id='word_1_200' title='bbox 948 3357 1040 3408; x_wconf 87' lang='lat' dir='ltr'><strong>neve</strong></span> <span class='ocrx_word' id='word_1_201' title='bbox 1059 3357 1186 3408; x_wconf 86' lang='lat' dir='ltr'><strong>novam</strong></span> <span class='ocrx_word' id='word_1_202' title='bbox 1208 3335 1367 3429; x_wconf 83' lang='lat' dir='ltr'><strong>querela-</strong></span> 
     </span>
     <span class='ocr_line' id='line_1_26' title="bbox 286 3457 1366 3547; baseline -0.004 -16"><span class='ocrx_word' id='word_1_203' title='bbox 286 3475 366 3547; x_wconf 86' lang='lat' dir='ltr'><strong>rum</strong></span> <span class='ocrx_word' id='word_1_204' title='bbox 397 3457 529 3530; x_wconf 85' lang='lat' dir='ltr'><strong>habeas</strong></span> <span class='ocrx_word' id='word_1_205' title='bbox 565 3457 758 3544; x_wconf 83' lang='lat' dir='ltr'><strong>materiam,</strong></span> <span class='ocrx_word' id='word_1_206' title='bbox 795 3459 881 3531; x_wconf 84' lang='lat' dir='ltr'><strong>scito</strong></span> <span class='ocrx_word' id='word_1_207' title='bbox 914 3457 998 3529; x_wconf 91' lang='lat' dir='ltr'><strong>mihi</strong></span> <span class='ocrx_word' id='word_1_208' title='bbox 1031 3459 1185 3531; x_wconf 86' lang='lat' dir='ltr'><strong>animum</strong></span> <span class='ocrx_word' id='word_1_209' title='bbox 1204 3477 1287 3530; x_wconf 87' lang='lat' dir='ltr'><strong>esse</strong></span> <span class='ocrx_word' id='word_1_210' title='bbox 1313 3457 1366 3528; x_wconf 88' lang='lat' dir='ltr'><strong>his</strong></span> 
     </span>
     <span class='ocr_line' id='line_1_27' title="bbox 285 3578 1367 3674; baseline -0.001 -23"><span class='ocrx_word' id='word_1_211' title='bbox 285 3580 454 3674; x_wconf 82' lang='lat' dir='ltr'><strong>proximis</strong></span> <span class='ocrx_word' id='word_1_212' title='bbox 470 3578 598 3650; x_wconf 89' lang='lat' dir='ltr'><strong>diebus</strong></span> <span class='ocrx_word' id='word_1_213' title='bbox 617 3579 652 3650; x_wconf 91' lang='lat' dir='ltr'><strong>in</strong></span> <span class='ocrx_word' id='word_1_214' title='bbox 670 3579 803 3652; x_wconf 88' lang='lat' dir='ltr'><strong>ltaliam</strong></span> <span class='ocrx_word' id='word_1_215' title='bbox 824 3579 1009 3674; x_wconf 84' lang='lat' dir='ltr'><strong>proficisci,</strong></span> <span class='ocrx_word' id='word_1_216' title='bbox 1044 3591 1090 3666; x_wconf 91' lang='lat' dir='ltr'><strong>et,</strong></span> <span class='ocrx_word' id='word_1_217' title='bbox 1119 3589 1157 3652; x_wconf 87' lang='lat' dir='ltr'><strong>nt</strong></span> <span class='ocrx_word' id='word_1_218' title='bbox 1183 3597 1280 3674; x_wconf 75' lang='lat' dir='ltr'><strong>saepe</strong></span> <span class='ocrx_word' id='word_1_219' title='bbox 1304 3581 1367 3650; x_wconf 80' lang='lat' dir='ltr'><strong>tai-</strong></span> 
     </span>
     <span class='ocr_line' id='line_1_28' title="bbox 285 3701 1365 3797; baseline 0 -25"><span class='ocrx_word' id='word_1_220' title='bbox 285 3704 361 3774; x_wconf 92' lang='lat' dir='ltr'><strong>lunt</strong></span> <span class='ocrx_word' id='word_1_221' title='bbox 378 3703 564 3794; x_wconf 80' lang='lat' dir='ltr'><strong>cogitatus,</strong></span> <span class='ocrx_word' id='word_1_222' title='bbox 580 3702 674 3795; x_wconf 92' lang='lat' dir='ltr'><strong>quod</strong></span> <span class='ocrx_word' id='word_1_223' title='bbox 686 3713 854 3774; x_wconf 87' lang='lat' dir='ltr'><strong>autumno</strong></span> <span class='ocrx_word' id='word_1_224' title='bbox 871 3724 977 3794; x_wconf 76' lang='lat' dir='ltr'><strong>agere</strong></span> <span class='ocrx_word' id='word_1_225' title='bbox 994 3703 1223 3775; x_wconf 83' lang='lat' dir='ltr'><strong>decreveram</strong></span> <span class='ocrx_word' id='word_1_226' title='bbox 1239 3701 1365 3797; x_wconf 74' lang='lat' dir='ltr'><strong>hyeme</strong></span> 
     </span>
     <span class='ocr_line' id='line_1_29' title="bbox 285 3819 1367 3918; baseline 0 -24"><span class='ocrx_word' id='word_1_227' title='bbox 285 3845 468 3916; x_wconf 76' lang='lat' dir='ltr'><strong>peragere:</strong></span> <span class='ocrx_word' id='word_1_228' title='bbox 490 3824 585 3918; x_wconf 88' lang='lat' dir='ltr'><strong>quod</strong></span> <span class='ocrx_word' id='word_1_229' title='bbox 603 3823 632 3896; x_wconf 89' lang='lat' dir='ltr'><strong>si</strong></span> <span class='ocrx_word' id='word_1_230' title='bbox 651 3825 696 3896; x_wconf 91' lang='lat' dir='ltr'><strong>ad</strong></span> <span class='ocrx_word' id='word_1_231' title='bbox 709 3824 815 3897; x_wconf 83' lang='lat' dir='ltr'><strong>indos</strong></span> <span class='ocrx_word' id='word_1_232' title='bbox 835 3843 925 3909; x_wconf 90' lang='lat' dir='ltr'><strong>eam,</strong></span> <span class='ocrx_word' id='word_1_233' title='bbox 942 3823 1001 3897; x_wconf 91' lang='lat' dir='ltr'><strong>tihi</strong></span> <span class='ocrx_word' id='word_1_234' title='bbox 1017 3832 1275 3917; x_wconf 68' lang='lat' dir='ltr'><strong>murparatque</strong></span> <span class='ocrx_word' id='word_1_235' title='bbox 1293 3819 1367 3896; x_wconf 86' lang='lat' dir='ltr'><strong>obi·</strong></span> 
     </span>
     <span class='ocr_line' id='line_1_30' title="bbox 286 3943 755 4040; baseline 0.004 -26"><span class='ocrx_word' id='word_1_236' title='bbox 286 3943 368 4017; x_wconf 88' lang='lat' dir='ltr'><strong>libet</strong></span> <span class='ocrx_word' id='word_1_237' title='bbox 388 3965 545 4040; x_wconf 79' lang='lat' dir='ltr'><strong>praesens</strong></span> <span class='ocrx_word' id='word_1_238' title='bbox 566 3968 638 4018; x_wconf 86' lang='lat' dir='ltr'><strong>ero.</strong></span> <span class='ocrx_word' id='word_1_239' title='bbox 658 3947 755 4018; x_wconf 86' lang='lat' dir='ltr'><strong>Vale.</strong></span> 
     </span>
    </p>
   </div>
   <div class='ocr_carea' id='block_1_5' title="bbox 427 4089 1017 4261">
    <p class='ocr_par' dir='ltr' id='par_1_5' title="bbox 427 4089 1017 4261">
     <span class='ocr_line' id='line_1_31' title="bbox 427 4089 1017 4164; baseline 0.003 -19"><span class='ocrx_word' id='word_1_240' title='bbox 427 4091 471 4145; x_wconf 87' lang='lat' dir='ltr'><strong>Ad</strong></span> <span class='ocrx_word' id='word_1_241' title='bbox 485 4089 589 4147; x_wconf 83' lang='lat' dir='ltr'><strong>iontem</strong></span> <span class='ocrx_word' id='word_1_242' title='bbox 604 4091 718 4164; x_wconf 67' lang='lat' dir='ltr'><strong>Sergio.</strong></span> <span class='ocrx_word' id='word_1_243' title='bbox 733 4091 831 4148; x_wconf 81' lang='lat' dir='ltr'><strong>idihas</strong></span> <span class='ocrx_word' id='word_1_244' title='bbox 845 4089 1017 4148; x_wconf 75' lang='lat' dir='ltr'><strong>Novembris.</strong></span> 
     </span>
     <span class='ocr_line' id='line_1_32' title="bbox 739 4219 916 4261; baseline 0 0"><span class='ocrx_word' id='word_1_245' title='bbox 739 4219 916 4261; x_wconf 53' lang='lat' dir='ltr'><strong>u&lt;earnem--</strong></span> 
     </span>
    </p>
   </div>
   <div class='ocr_carea' id='block_1_6' title="bbox 0 0 1544 4798">
    <p class='ocr_par' dir='ltr' id='par_1_6' title="bbox 0 0 1544 4798">
     <span class='ocr_line' id='line_1_33' title="bbox 0 0 1544 4798; baseline 0 1"><span class='ocrx_word' id='word_1_246' title='bbox 0 0 1544 4798; x_wconf 95' lang='lat' dir='ltr'><strong> </strong></span> 
     </span>
    </p>
   </div>
  </div>
 </body>
</html>
