3002 4794
461 379 553 428 unm
575 379 907 432 nonus-nrtsronn
928 385 990 433 xrr.
1225 377 1264 439 55

176 503 336 568 veterum
347 493 495 586 ingenia,
510 517 658 588 quorum
672 497 773 570 nobis
785 499 884 593 copia
898 521 1024 594 magna
1037 510 1101 574 est.
1116 503 1265 577 Proinde

172 616 322 710 quiade
345 617 466 693 hocin
488 639 646 712 praesens
669 620 763 714 loqui
784 622 934 717 amplius
960 647 1030 698 non
1052 636 1170 714 vacat,
1198 629 1264 702 hoo

174 741 235 812 tibi
256 740 293 812 in
320 742 475 814 animum
501 742 648 828 dimitte,
678 745 804 817 mirum
830 746 865 817 in
892 749 1034 820 modum
1059 751 1204 824 auxisse
1230 761 1263 824 te

173 861 362 934 amicitiam
385 883 490 955 quam
515 885 649 937 mecum
671 865 797 953 haben,
821 889 882 962 per
907 869 942 940 id
962 871 1056 962 quod
1077 871 1122 942 de
1144 872 1264 944 solitu-

172 985 254 1056 dine
277 993 348 1056 tam
370 985 557 1058 efficaciter
583 988 776 1082 scripsisti;
799 991 902 1064 modo
923 991 1007 1062 mihi
1031 1014 1263 1088 perseveran-

174 1116 225 1178 ter
245 1119 282 1179 et
302 1108 438 1180 sortiter
458 1109 494 1180 in
515 1109 677 1205 opinione
698 1111 904 1206 perstiteris.
926 1115 1023 1186 Vale.

590 1453 769 1519 urtstotn
790 1455 847 1519 XV.

221 1620 419 1672 ratnctsutls
442 1621 613 1672 Pounnata
635 1623 794 1673 uuuttttlto
816 1627 858 1675 ult
879 1626 1066 1676 Ptsraltttuo
1087 1627 1113 1678 S.
1135 1629 1163 1678 P.
1184 1629 1215 1677 lt.

258 1759 378 1815 Librum
392 1759 446 1815 sibi
461 1760 533 1816 mitti
547 1766 626 1833 rogat
641 1766 669 1818 et
683 1761 718 1818 de
734 1768 845 1836 accepto
859 1764 974 1821 consilio
988 1766 1089 1836 gratias
1103 1766 1167 1838 agit.

268 1956 423 2028 Gratiam
447 1955 508 2027 tibi
525 1956 646 2043 habeo,
668 1958 724 2029 vir
744 1957 879 2051 optime,
898 1957 991 2051 quod
1011 1969 1044 2030 te
1065 1959 1150 2030 milri
1170 1957 1259 2032 adeo

173 2079 386 2170 morigerum
404 2076 553 2171 praebes.
573 2079 650 2172 Ego
662 2079 754 2149 enim
772 2080 880 2150 multo
897 2079 1013 2149 malim
1032 2079 1157 2153 studiis
1173 2078 1257 2150 meis

172 2222 274 2293 quam
297 2197 537 2293 voluptatibus
557 2221 658 2292 opem
679 2199 775 2283 ferri,
798 2197 960 2292 quamvis
981 2208 1016 2269 et
1036 2199 1152 2271 studia
1173 2221 1256 2271 suas

172 2326 369 2416 voluptates
388 2321 541 2394 habeant
558 2319 871 2405 immarcescibiles
894 2319 1144 2413 honestasque,
1167 2342 1256 2413 quas

172 2446 254 2516 nulli
278 2444 458 2517 hominum
480 2445 630 2517 notiores
657 2443 806 2516 arbitror
826 2465 907 2515 esse
928 2465 1031 2535 qnam
1052 2441 1124 2512 tibi.
1151 2441 1255 2514 Libro

171 2567 227 2639 illo
247 2567 354 2639 valde
373 2589 459 2658 egeo
481 2568 514 2637 in
535 2567 699 2638 Virorum
720 2565 903 2638 illustrium
921 2565 1095 2656 congerie,
1114 2565 1169 2637 cui
1187 2565 1253 2635 hos

171 2689 337 2761 humeros
360 2691 631 2782 qualescumque
650 2687 793 2760 subieci.
812 2689 881 2761 Oro
902 2709 997 2779 ergo,
1019 2687 1159 2772 festina,
1184 2686 1253 2758 scis

171 2837 277 2906 quam
293 2835 412 2885 carum
430 2821 485 2883 est
503 2821 652 2905 tempus
671 2812 777 2884 horas
794 2823 830 2884 et
847 2819 1023 2884 momenta
1034 2810 1252 2883 librantibus

170 2937 320 3028 Insuper
336 2943 372 3006 et
390 2956 453 3028 pro
470 2956 513 3006 eo
531 2934 732 3006 nominatim
750 2934 879 3026 gratias
898 2956 972 3026 ago,
991 2932 1085 3026 quod
1106 2954 1161 3004 me
1183 2939 1254 3003 lam

170 3056 279 3129 debiti
300 3058 468 3131 admones
491 3055 615 3128 officii:
643 3055 832 3128 tentarint
859 3055 1050 3140 suadebaS,
1072 3053 1168 3148 quod
1192 3077 1254 3150 per
1280 3123 1283 3130 ,

170 3201 226 3250 me
251 3180 366 3273 ipsum
395 3180 569 3262 fecissem,
593 3189 627 3250 et
648 3179 715 3250 iam
742 3201 930 3273 coeparam,
945 3174 950 3184 '
966 3178 1030 3250 sed
1057 3178 1253 3250 tarditatem

170 3324 285 3374 meam
306 3301 398 3373 nosti
415 3311 450 3372 et
468 3311 705 3395 contemptum
726 3324 864 3374 rerum:
886 3300 934 3373 ita
954 3301 1046 3374 enim
1068 3300 1151 3371 mihi
1171 3324 1254 3373 con-

170 3423 280 3516 tingat
300 3423 397 3508 mori,
419 3445 463 3494 ne
483 3430 577 3494 totus
597 3424 733 3510 moriar,
757 3433 795 3495 ut
815 3427 923 3496 multa
941 3425 1094 3496 versanti
1111 3423 1254 3517 ineptis-

170 3547 259 3620 sima
283 3545 400 3618 fabula
431 3554 466 3616 el
490 3567 636 3637 prorsus
669 3545 771 3620 inane
801 3547 973 3620 somnium
1005 3546 1144 3618 videtur
1180 3545 1252 3616 tere

170 3667 340 3762 quidquid
361 3669 395 3739 in
416 3667 519 3739 terris
540 3669 664 3759 agitur.
679 3669 841 3742 'Stimulis
862 3691 947 3762 ergo
967 3691 1056 3765 opus
1077 3676 1167 3750 erat;
1185 3668 1250 3738 hos

169 3790 255 3861 mihi
278 3811 416 3861 morum
450 3811 608 3862 meorum
634 3790 774 3863 conscia
800 3801 859 3863 tua
879 3789 967 3862 fides
998 3789 1177 3862 adhibuit:
1204 3789 1250 3862 de

170 3920 299 3983 eventu
313 3909 443 3982 viderit
454 3911 609 3984 fortuna:
623 3913 686 3984 sed
700 3913 785 4006 quid
798 3914 942 4004 loquor?
953 3910 1044 3981 Nihil
1056 3911 1149 3982 illam
1169 3933 1251 3984 esse

170 4032 274 4105 didici
288 4043 416 4126 praeter
433 4033 565 4104 nudum
583 4055 721 4119 nomen,
737 4044 772 4105 et
784 4033 967 4127 praevaluit
978 4033 1072 4127 apud
1085 4055 1140 4105 me
1157 4034 1250 4106 Graii

169 4157 258 4230 vatis
280 4156 481 4231 auctoritas.
501 4157 636 4230 Viderit
651 4179 737 4250 ergo
756 4159 850 4228 Deus
870 4157 1087 4253 omnipotens
1108 4158 1163 4230 cui
1184 4159 1252 4229 Da·
