3062 4798
384 371 477 422 mem
498 371 1017 424 surrmoseucruus.-srrsrour
1039 377 1079 424 ιν.
1210 363 1267 424 mr
1345 382 1351 390 ·

193 507 281 577 sium
304 505 378 578 dux
398 505 538 593 fuisset,
560 506 653 600 apud
675 529 764 600 quos
790 531 857 582 nnn
885 517 1017 580 tantum
1041 508 1186 601 pavidos
1212 521 1272 583 aut

192 629 408 713 temerarios,
429 629 492 700 sed
512 631 681 702 infaustos
694 631 803 702 duces
816 630 978 702 crucibus
992 632 1115 703 affixos
1130 633 1270 704 scimus

191 751 303 822 Huius
320 772 406 830 vero
425 761 528 824 tantae
544 751 746 824 deiectionis
764 773 905 825 causam
919 752 1022 825 didici
1037 775 1106 824 non
1119 755 1271 828 hostium

190 883 337 959 metum,
359 876 487 968 quibus
510 879 618 948 mutto
636 875 806 968 sanguine
823 875 954 948 nudum
976 874 1129 948 victoriae
1145 897 1271 949 nomen

190 995 348 1084 constat,
361 1021 429 1071 non
449 1000 575 1072 virium
597 998 837 1080 diffidentiam,
852 997 980 1091 quihus
999 1020 1038 1070 se
1055 1021 1146 1071 nuuc
1166 999 1270 1071 etiam

191 1123 386 1215 superiores
408 1143 489 1194 esse
510 1121 704 1205 confidunt,
729 1121 802 1204 sed,
827 1119 921 1213 quod
942 1119 987 1190 ab
1012 1119 1109 1194 initio
1127 1122 1272 1192 timeba-

191 1267 282 1330 mus,
298 1245 471 1318 intestinae
489 1249 617 1316 malurn
636 1252 837 1336 metumque
851 1242 1046 1328 discordiae,
1061 1243 1271 1336 primoribus

191 1388 381 1459 procerum,
404 1369 465 1461 qui
484 1367 641 1439 miserari
659 1366 852 1464 debuerant
869 1365 1029 1437 afflictam
1047 1365 1194 1458 plebem,
1217 1377 1270 1461 ty-

190 1488 345 1560 rannidis
370 1511 496 1561 causas
522 1511 585 1584 per
601 1490 770 1561 nefariam
790 1487 1008 1560 occasionem
1030 1488 1134 1581 impia
1155 1499 1271 1560 mente

189 1611 421 1706 captantibus,
444 1611 572 1704 quibus
594 1611 751 1682 territum
773 1612 954 1703 populum,
990 1619 1026 1682 et
1057 1610 1136 1682 hinc
1161 1611 1271 1683 hosti-

191 1732 268 1820 bus,
285 1736 364 1807 binc
382 1736 519 1808 civibus
537 1735 689 1830 quolibet
707 1735 807 1805 hoste
825 1732 1001 1826 peioribus
1015 1734 1212 1817 obsessum,
1226 1733 1270 1804 ad

190 1859 295 1931 huius
316 1858 499 1930 iustissimi
524 1857 688 1952 principis
715 1856 915 1947 confugisse
940 1857 1152 1951 praesidium.
1180 1857 1272 1928 inter

189 1983 255 2055 bos
282 2002 461 2052 sermones
487 1981 575 2050 facta
597 1979 758 2072 loquendi
785 1979 897 2071 copia,
925 1980 1131 2072 introgressi
1151 2001 1271 2052 omues

188 2105 234 2178 ad
260 2103 451 2184 dominum,
480 2122 547 2172 nou
576 2099 757 2170 mediocris
779 2099 955 2170 hominurn
983 2122 1174 2173 concursus
1195 2101 1271 2170 iltu-

190 2216 311 2301 strium
333 2226 406 2297 fuit.
428 2225 478 2295 lbi
499 2222 659 2318 princeps
681 2221 863 2312 legationis
889 2221 924 2290 in
950 2222 1039 2292 hanc
1065 2223 1269 2296 sententiam

189 2348 299 2421 verba
320 2348 414 2419 iecit:
438 2369 475 2418 se
497 2323 593 2416 iussu
616 2344 731 2437 populi
754 2341 891 2427 urbem,
908 2343 1015 2427 cives,
1031 2367 1145 2437 agros,
1164 2370 1268 2434 mare,

190 2482 310 2556 terras
332 2470 466 2565 oppida,
483 2489 575 2560 spen,
590 2487 747 2561 opesque
761 2476 797 2537 et
809 2467 965 2537 fortunas
980 2488 1078 2553 suas,
1094 2482 1271 2564 postremo

189 2595 307 2667 divina
327 2603 362 2666 et
381 2593 535 2663 bumana
555 2588 670 2660 omnia
690 2587 725 2657 in
747 2586 851 2660 fidem
875 2588 1004 2661 domini
1031 2593 1268 2679 committere,

189 2718 335 2789 aCorvo
353 2716 483 2787 scilieet
503 2733 616 2804 usque
638 2711 682 2782 ad
703 2712 846 2782 Portum
868 2713 1047 2796 Herculeo,
1071 2723 1110 2784 ut
1130 2716 1269 2806 quidam

189 2848 319 2933 putant,
338 2838 478 2909 nomine
511 2842 766 2917 consecratum,
789 2834 847 2926 qui
870 2835 1036 2907 Menecus
1070 2840 1161 2922 oiim,
1180 2861 1272 2911 nunc

189 2961 294 3051 vulgo
314 2958 491 3043 Monaous‚
514 2968 663 3049 utroque
685 2954 833 3027 termino
858 2954 891 3024 in
919 2955 1094 3030 deditione
1115 2980 1272 3056 compre-

186 3080 312 3162 benso,
335 3081 509 3172 certisque
530 3077 787 3150 conditionibus
811 3078 970 3163 adiectis,
994 3103 1081 3174 quas
1107 3083 1269 3176 prosequi

186 3206 327 3293 longum
349 3210 459 3282 esset,
484 3201 548 3270 sed
570 3212 651 3272 tunc
672 3223 776 3274 manu
805 3202 940 3294 publica
966 3204 1152 3298 descriptae
1178 3207 1269 3278 clara

185 3327 271 3396 voce
292 3321 445 3393 recitatae
467 3330 558 3391 sunt.
581 3323 728 3392 Fueram
752 3343 831 3393 sero
853 3345 872 3392 a
894 3324 1101 3414 quibusdam
1123 3327 1167 3397 de
1187 3349 1269 3398 con·

186 3447 262 3517 sitio
283 3444 481 3538 requisitus·
506 3452 544 3513 ut
578 3444 772 3534 legatorum
807 3444 926 3516 verbis
958 3447 1214 3538 responderem,
1234 3458 1269 3519 et

185 3577 278 3640 tanta
298 3568 343 3639 de
365 3588 402 3637 re
425 3565 518 3658 ioqui
539 3565 614 3657 ipse
635 3563 766 3656 aliquid
787 3568 929 3637 vellem:
951 3566 986 3637 id
1007 3567 1098 3639 enim
1126 3590 1268 3662 pergra-

185 3704 255 3763 tum
277 3690 418 3763 domino
439 3690 607 3771 futurum3
626 3667 661 3759 at
681 3688 790 3759 multa
811 3690 942 3782 passim
963 3690 1126 3782 quamvis
1148 3713 1266 3764 occur·

185 3822 300 3885 rerant
321 3833 385 3883 seu
406 3810 663 3895 miserabiliter,
692 3831 755 3882 seu
778 3809 960 3902 magnifice
979 3812 1188 3904 loquendum
1210 3835 1267 3884 es·

184 3944 251 4019 set,
287 3955 350 4005 seu
383 3933 597 4006 restituenda
631 3953 727 4026 spes,
765 3954 828 4004 seu
866 3933 1027 4005 deflenda
1065 3935 1263 4019 calamitas,

182 4054 390 4148 abundeque
412 4056 583 4128 sufficeret
615 4075 686 4126 nox
720 4056 788 4138 illa,
822 4077 889 4127 non
925 4057 1128 4149 inexpertus
1150 4066 1263 4130 tamen

183 4197 285 4270 quarn
308 4175 445 4248 difficile
465 4187 520 4248 est
541 4177 672 4248 alienos
685 4197 809 4280 sensus
826 4177 869 4250 ad
888 4179 1027 4270 plenum
1042 4180 1170 4252 nostris
1184 4202 1264 4252 ver-
