3062 4798
404 313 498 362 nrnsu
520 312 1027 372 ocravusuucruus-nmsronl
1047 317 1100 368 un.
1237 311 1292 372 tut

213 451 362 537 iniuriis,
383 450 468 524 dum
488 453 652 526 ardenter
673 451 834 526 hauriant
854 455 949 549 quod
970 455 1084 548 tepide
1105 456 1292 550 digestum,

215 575 281 648 sibi
301 583 406 668 atque
425 573 501 646 aliis
522 596 688 650 nauseam
707 576 808 660 lerat3
829 597 919 671 quos
940 598 1007 669 ego
1027 600 1096 650 non
1117 590 1188 652 tam
1205 581 1295 652 litte-

214 705 308 769 ratos
346 717 452 789 quam
484 694 694 770 litteratores
731 717 836 780 voco,
868 697 1010 772 lrivolos
1036 699 1233 786 minaces,
1261 713 1296 774 et

214 827 254 890 ut
273 817 321 890 ait
339 827 457 912 poeta:

414 1007 479 1070 Non
496 1025 585 1089 equo
603 1011 718 1075 laedere
734 1017 877 1073 amantes.

215 1192 271 1264 Sic
289 1190 408 1285 iniquo
438 1191 553 1266 sidere
573 1194 660 1277 nati,
682 1202 913 1286 amantesque
939 1213 1076 1289 semper
1100 1215 1168 1266 nec
1190 1199 1295 1269 amati

214 1316 381 1410 profugas
401 1314 534 1388 litteras
552 1315 774 1391 insectantur.
794 1317 864 1389 Sed
881 1315 925 1388 de
943 1316 998 1394 his
1016 1316 1101 1390 satis
1120 1337 1295 1412 superque

213 1437 342 1510 dictum
364 1449 428 1511 est.
450 1438 686 1532 Epistularum
707 1443 842 1512 illarum
860 1439 1030 1532 quasdam
1049 1439 1174 1512 iterum
1195 1439 1240 1514 ad
1261 1451 1295 1526 te

213 1559 323 1645 mitto,
345 1582 414 1633 non
449 1571 517 1633 tam
551 1561 634 1654 quia
658 1561 870 1634 necessariae
890 1560 1178 1655 tempestivaeque
1203 1563 1290 1650 sint,
1315 1582 1317 1586 ·

150 1705 155 1712 ·
213 1702 317 1775 quam
339 1693 377 1754 ut
400 1683 436 1754 in
460 1684 531 1757 otio
553 1704 632 1756 meo
653 1705 749 1779 saepe
767 1681 885 1754 metui
902 1703 1106 1768 memorem,
1122 1683 1191 1756 imo
1209 1705 1294 1760 vero

158 1842 163 1852 ‚
212 1823 391 1896 nunquam
408 1826 553 1899 prorsus
574 1805 811 1898 immemorem
833 1803 935 1877 scias.
957 1804 1053 1874 Vale.

352 1951 515 2023 Mediolani,
531 1951 592 2009 Kal.
608 1955 725 2027 Aprilis:
743 1971 868 2027 propere.

715 2181 793 2192 -....

617 2431 795 2498 urlsrotn
816 2432 885 2497 Vlll.

288 2620 481 2676 FRANCISCUS
502 2618 671 2671 PETRARCA
692 2617 870 2670 FRANCISGO
892 2617 999 2668 emunt
1020 2617 1211 2670 SANCTORUM

558 2722 791 2774 neosrotonuut
811 2723 837 2773 S.
859 2723 940 2804 1²41).

364 2883 400 2938 Se
415 2883 444 2939 iu
458 2881 582 2956 epistolis
596 2879 778 2936 familiaribus
793 2879 828 2934 de
841 2864 979 2936 sermonis
993 2878 1129 2950 elegantia

602 2987 658 3026 non
673 2987 733 3026 esse
748 2969 894 3026 solicitum.

306 3238 435 3314 Credas
469 3259 524 3308 me
557 3259 697 3332 quoque
726 3239 897 3317 solicitum
928 3238 1106 3313 comendis
1130 3244 1285 3334 epistolis

207 3363 267 3460 qui
288 3368 367 3457 post
385 3358 460 3434 dies
480 3357 571 3430 hanc
590 3367 650 3430 aut
671 3339 873 3452 suscipiam,
893 3368 954 3430 aut
971 3358 1031 3431 tibi
1049 3361 1205 3454 ingeram
1225 3343 1306 3437 cu·v

207 3509 296 3569 ram,
323 3494 360 3558 et
383 3483 485 3578 quasi
504 3480 666 3554 lascivior
686 3480 891 3566 adolescens
916 3502 987 3553 non
1012 3489 1146 3553 tantum
1167 3487 1284 3558 vultus

207 3611 242 3680 in
263 3611 404 3703 speculo
425 3607 489 3679 sed
507 3615 604 3696 terga
620 3606 841 3700 contempler.
861 3604 972 3678 Crede
987 3605 1080 3690 mihi,
1099 3627 1170 3677 non
1188 3629 1282 3693 sum3

206 3730 291 3802 nihil
310 3733 442 3802 minus:
464 3748 591 3820 magna
608 3727 692 3798 mihi
704 3749 751 3797 en
763 3735 863 3822 parte
878 3725 1041 3800 dilabitur
1056 3729 1226 3824 quidquid
1239 3733 1284 3805 ad

206 3851 335 3958 amicos
352 3854 485 3944 loquor.
507 3852 615 3945 Spero
643 3871 699 3922 me
731 3850 798 3922 illis
826 3857 963 3935 notum,
984 3871 1048 3922 nec
1067 3853 1202 3943 placere
1223 3854 1285 3925 de-

206 3995 324 4068 spero,
346 3974 426 4048 licet
445 3976 667 4069 incomptum.
693 3972 860 4045 Debiliter
884 3982 1001 4063 amat„
1016 3994 1120 4067 quem
1146 3972 1282 4048 dilectae

205 4099 349 4192 capillus
370 4097 530 4174 incultior
549 4096 700 4172 offendit.
723 4093 777 4168 Ab
797 4095 873 4168 aliis
890 4105 1006 4168 autem
1023 4094 1159 4168 veniam
1174 4119 1282 4192 expe-
