3002 4794
415 393 510 443 mnnn
530 391 644 442 nonus.
658 391 859 442 -umsroun
881 395 946 442 xm.
1181 381 1218 444 ll

132 515 179 585 ria
200 510 399 584 recessisti.
421 511 579 581 Dolorem
593 519 629 581 et
641 531 708 601 ego
728 531 821 580 nunc
838 509 967 603 pariter
983 509 1096 582 vicem
1115 522 1218 596 tuam,

132 636 199 706 nisi
232 647 273 706 tu
298 635 365 706 iter
389 633 466 705 eius
499 632 699 718 miseratus,
728 629 829 704 tacite
854 633 993 724 quidem
1020 642 1054 705 te
1086 633 1220 706 felicem

132 758 295 830 absentia
321 755 504 827 iudicares.
526 754 699 826 Gaudenti
724 763 840 826 autem
865 755 1028 849 compati,
1056 775 1123 826 non
1149 755 1223 848 pie-

134 882 223 965 talis,
248 879 314 951 sed
338 877 523 950 dementiae
549 898 645 969 opus'
663 885 733 960 est,
756 875 823 948 nisi
842 879 929 948 sorte
950 876 1109 949 miserari
1134 879 1221 949 falso

134 999 265 1094 gaudio
288 1001 507 1094 gaudentem,
526 1021 569 1071 ea
585 999 726 1071 demum
746 997 983 1069 misericordia
1002 1021 1138 1071 summa
1156 1009 1220 1071 est.

134 1125 311 1196 Caeterum
339 1122 407 1193 etsi
433 1133 469 1194 tu
495 1131 574 1194 ante
593 1131 732 1214 tempus
753 1120 939 1192 immobilis
959 1125 1072 1195 lactus
1093 1143 1141 1206 es,
1162 1143 1222 1216 pa-

135 1257 208 1319 tere
237 1255 357 1317 tamen
385 1266 488 1336 aequo
509 1244 624 1315 animo
649 1244 757 1328 hunc,
784 1267 889 1336 quem
917 1255 985 1317 tota
1007 1255 1122 1316 mente
1145 1245 1222 1316 dili-

136 1391 219 1460 gere
254 1377 351 1439 certe
386 1367 471 1451 scio,
502 1367 632 1438 inertes
672 1387 789 1438 moras
826 1368 939 1438 itineri
977 1369 1223 1464 posthabuisse

136 1489 335 1582 magnifico.
370 1491 496 1562 Vircns
530 1489 622 1561 enim
653 1500 741 1561 aetas
774 1502 849 1574 est,
884 1513 1010 1585 corpus
1044 1493 1221 1576 validum,

136 1615 331 1706 praeolarus
359 1612 516 1705 sanguis,
546 1614 653 1683 altum
680 1613 871 1704 ingenium,
903 1616 1030 1686 ardens
1056 1616 1224 1687 noscendi

135 1733 334 1830 cupiditas3
356 1735 391 1805 hi
415 1744 496 1808 sunl
517 1735 661 1819 stimuli,
690 1735 818 1828 quibus
840 1735 1011 1830 impulsus
1037 1747 1073 1808 el
1093 1738 1224 1830 Sequa-

137 1881 216 1929 nam
238 1865 276 1930 ct
296 1857 503 1930 Rhodanum
525 1858 684 1929 amittere
705 1880 813 1930 ausus
835 1869 899 1930 est.
918 1860 1015 1931 Neve
1037 1861 1128 1932 solos
1147 1860 1223 1952 phi-

137 1980 305 2077 losophos
330 1981 585 2074 peregrinatos
613 1991 718 2076 atque
744 1983 810 2055 hoc
835 1981 980 2054 obtentu
1005 1983 1097 2056 hunc
1127 1983 1223 2074 rogia

137 2102 301 2196 prosapia
331 2113 444 2174 ortum
475 2104 520 2175 ab
551 2105 686 2176 illorum
718 2104 934 2177 humanitate
968 2105 1223 2196 segregandum

137 2235 249 2318 putes,
273 2225 521 2297 illustrioribus
542 2226 714 2322 exemplis
736 2249 849 2318 agam.
871 2227 1027 2311 Quatuor
1047 2235 1083 2297 et
1101 2226 1224 2318 viginti

139 2369 250 2420 annos
277 2358 383 2419 natus
408 2357 485 2419 erat
502 2347 631 2444 Scipio,
658 2373 737 2422 cum
765 2350 939 2422 adversus
964 2360 1112 2443 quatuor
1137 2348 1224 2420 vali-

139 2471 305 2544 dissimos
320 2468 657 2562 Carthaginiensium
675 2470 862 2556 exercitus
879 2470 1092 2565 totidemque
1104 2470 1224 2542 claris-

140 2593 248 2665 simos
265 2593 376 2664 duces
394 2592 430 2662 in
450 2593 635 2688 Hispanias
653 2597 826 2689 proiectus
844 2605 908 2682 est,
927 2595 1008 2666 inde
1025 2595 1225 2666 innumera-

140 2712 267 2786 bilibus
306 2714 460 2787 victoriis
499 2727 643 2788 ornatus
681 2716 844 2789 rediens:
878 2739 957 2788 cum
990 2726 1089 2810 parta
1121 2716 1225 2787 laude

140 2848 326 2909 contentus
357 2838 452 2910 domi
483 2860 624 2911 manere
658 2849 793 2936 posset,
828 2846 970 2910 tonante
1003 2860 1066 2932 per
1092 2837 1223 2909 ltaliam

141 2961 353 3046 Hannibale,
389 2962 423 3030 in
456 2960 605 3033 Africam
641 2963 790 3033 transire
824 2962 965 3045 maluit,
999 2969 1034 3032 et
1065 2983 1103 3032 se
1136 2961 1226 3032 inter

141 3086 334 3177 asperrima
354 3095 536 3156 vocantem
558 3084 699 3156 maioris
721 3107 819 3180 spem
846 3086 967 3177 gloriae
989 3094 1130 3155 secutus
1157 3094 1222 3167 est,

141 3230 208 3278 non
229 3207 312 3278 inde
338 3207 478 3278 divitias
500 3210 682 3291 relaturus,
706 3206 769 3278 sed
791 3209 937 3278 salutem
958 3208 1094 3299 patriae,
1118 3227 1226 3298 agno-

141 3351 294 3423 menque
316 3329 403 3413 sibi;
424 3329 483 3422 qui
504 3330 595 3401 enim
624 3327 803 3401 Cornelius
824 3329 949 3414 iverat,
971 3329 1072 3400 rediit
1095 3328 1227 3401 Africa-

141 3473 218 3521 nus.
246 3450 315 3523 lvit
333 3452 379 3522 ad
400 3451 535 3522 Troiam
554 3452 813 3546 Neoptolemus
843 3454 1046 3547 contemptis
1070 3451 1128 3524 avi
1148 3473 1225 3545 pre-

140 3572 239 3644 cibus
272 3595 313 3644 ac
343 3573 502 3674 lacrimis.
528 3572 595 3643 lvit
626 3574 770 3670 Ulysses
796 3597 859 3670 per
887 3597 1010 3647 omnes
1037 3585 1147 3646 terras
1182 3594 1223 3644 ac

142 3696 264 3780 maria,
287 3704 323 3767 et
343 3707 419 3767 erat
436 3695 483 3766 illi
508 3696 602 3768 domi
622 3695 818 3791 decrepitus
840 3708 950 3791 pater,
979 3696 1091 3766 inians
1116 3679 1222 3778 lilius

141 3816 269 3887 coniux
289 3817 495 3889 adolescens
515 3828 549 3888 et
567 3817 679 3911 procis
699 3818 861 3903 obsessa,
889 3841 969 3890 cum
993 3816 1069 3909 ipse
1088 3815 1223 3887 interea

143 3937 281 4010 Circaeis
302 3941 445 4034 poculis,
469 3940 627 4010 Sirenum
648 3939 817 4024 cantibus,
841 3941 1028 4033 Cyclopum
1047 3937 1218 4022 violentia,

143 4063 252 4156 pelagi
274 4063 443 4134 monstris
469 4085 509 4134 ac
530 4063 794 4157 tempestatibus
815 4062 1023 4146 decertaret,
1050 4062 1105 4134 vir
1128 4082 1225 4133 erro-

145 4183 237 4256 ribus
259 4187 336 4257 snis
354 4187 478 4270 clarus,
501 4186 640 4256 calcatis
662 4183 851 4270 affectibus,
871 4186 1030 4276 neglecto
1047 4186 1145 4278 regni
1168 4207 1224 4256 so-
