2988 4800
616 365 656 410 ΒΕ
678 363 778 410 REBUS
801 363 1022 412 Fnlssnlnlussus

675 636 854 700 EPISTOLA
875 638 956 700 Xllll.

303 831 496 880 FRANCISCUS
519 830 687 879 Purnlncn
710 831 856 888 Qunruon
880 830 1110 879 CARDINALIBUS
1132 832 1329 880 REIPUBLICAE

445 938 586 985 ROMANAE
604 937 829 985 REFORMANDAE
852 936 1031 984 DEPUTATIS
1053 937 1077 984 S.
1101 938 1128 985 P.
1151 938 1181 984 D.

427 1109 467 1163 De
482 1109 579 1163 eadem
594 1125 624 1162 re
639 1125 700 1178 quae
716 1107 905 1178 superioribus
919 1107 1018 1162 litteris
1032 1108 1200 1164 continetur.

371 1352 465 1420 Inter
491 1350 719 1421 humilitatem
735 1350 887 1420 sobriam
905 1349 1140 1443 effrenamque
1157 1351 1357 1443 superbiam

272 1475 403 1546 iudices
424 1473 596 1566 deputati,
619 1473 739 1565 optimi
760 1483 795 1544 et
815 1473 956 1544 virtutis
978 1473 1206 1546 amantissimi
1228 1483 1356 1566 patres

272 1599 343 1670 scio
365 1619 429 1671 vos
451 1599 567 1690 pusilli
589 1597 739 1668 hominis
759 1596 905 1668 consilio
925 1619 993 1666 non
1014 1619 1134 1690 egere,
1162 1608 1200 1667 ut
1222 1620 1285 1689 pro
1305 1597 1359 1667 iu-

273 1722 366 1792 stitia
386 1721 561 1793 iudicetis:
584 1721 647 1790 sed
668 1721 816 1792 delectat
843 1721 878 1789 in
903 1721 1097 1792 communis
1118 1720 1240 1814 patriae
1261 1741 1359 1813 quae-

272 1845 384 1915 stione
405 1843 536 1936 aliquid
557 1844 669 1935 loqui,
697 1853 733 1914 et
757 1866 821 1936 pro
846 1852 943 1935 parte
970 1844 1060 1914 virili
1086 1867 1143 1914 me
1169 1852 1355 1934 tangente,

271 1989 350 2036 cum
372 1967 460 2036 iacta
493 1988 562 2035 non
596 1967 739 2060 possim,
776 1965 820 2037 ad
852 1967 1020 2037 auxilium
1041 1967 1211 2038 libertatis
1234 1969 1357 2039 saltem

193 2083 204 2096 ”
270 2089 379 2160 verba
396 2091 563 2160 conferre.
585 2091 726 2183 Loquar
746 2089 852 2182 igitur
876 2113 922 2161 ex
948 2089 1016 2160 fide
1042 2091 1245 2184 purissima,
1274 2114 1356 2162 con-

272 2211 429 2283 scientiae
451 2213 610 2284 serviens
645 2237 714 2284 non
747 2214 880 2304 gloriae,
916 2235 1030 2304 neque
1064 2213 1100 2285 id
1130 2212 1289 2307 cupiens,
1321 2223 1360 2283 ut

272 2357 373 2405 meus
407 2346 522 2406 sermo
556 2336 731 2420 laudetur,
767 2358 832 2407 nec
865 2359 1076 2431 magnopere
1102 2336 1233 2407 curabo
1254 2359 1357 2428 quem

272 2483 350 2530 mea
370 2468 504 2552 pungat
523 2459 648 2544 oratio,
671 2459 774 2530 modo
796 2458 962 2530 iustitiam
984 2481 1055 2530 non
1080 2459 1241 2532 offendat.
1263 2461 1358 2528 Dura

272 2603 396 2673 nempe
417 2580 569 2652 conditio
599 2592 720 2652 contra
752 2589 910 2675 potentes
939 2583 1138 2674 insurgere,
1162 2583 1356 2675 praesertim

271 2726 389 2786 car0s;
413 2704 477 2774 sed
498 2704 555 2774 ille
575 2703 733 2775 veritatis
755 2715 810 2774 est
830 2705 980 2790 amicuS,
1005 2706 1063 2799 qni
1081 2727 1159 2775 eam
1180 2715 1216 2774 et
1235 2705 1355 2776 amicis

270 2836 306 2896 et
326 2827 433 2898 rebus
455 2827 618 2898 omnibus
643 2829 829 2920 anteponit.
852 2829 973 2922 ltaque
999 2827 1203 2922 postpositis
1228 2828 1357 2900 allecti-

268 2951 337 3021 bus
360 2951 465 3032 meiS,
487 2950 652 3040 quamvis
674 2950 757 3020 mibi
775 2951 977 3052 carissimos
998 2961 1033 3021 et
1053 2951 1115 3025 diu
1132 2955 1252 3036 cultos,
1275 2952 1356 3024 alie

270 3074 424 3163 nigenas·
440 3072 505 3142 bos
528 3084 696 3168 tyrannos
717 3073 906 3166 interrogo:
929 3075 1028 3146 Unde
1054 3075 1120 3146 sibi
1146 3084 1280 3146 tantum
1301 3099 1355 3146 ar-

270 3193 442 3284 rogantiae
475 3193 511 3262 in
544 3194 631 3265 urbe
665 3218 733 3267 non
768 3200 853 3266 sna?
886 3197 1056 3268 Mirantur
1083 3208 1153 3272 tres
1180 3221 1228 3270 ex
1253 3198 1354 3270 vobis

268 3319 372 3387 forte:
392 3325 538 3409 quartus
559 3318 651 3388 enim
674 3322 793 3410 procul
819 3318 939 3404 dubio,
963 3321 1048 3412 quid
1074 3323 1209 3414 loquor,
1232 3322 1354 3392 intelli-

270 3442 331 3531 git.
353 3439 504 3524 Quodsi
530 3443 648 3511 forsan
675 3441 840 3514 irrideant
868 3442 1021 3538 (sperant
1049 3444 1145 3514 enim
1171 3445 1353 3538 utriusque

270 3563 385 3656 gentis
406 3563 574 3654 originem
596 3565 631 3632 in
648 3564 858 3637 oblivionem
876 3575 989 3638 tractu
1007 3566 1173 3658 temporis
1197 3565 1352 3659 abiisse),

270 3711 395 3777 verum
416 3709 511 3770 esse,
536 3690 593 3758 vel
610 3690 720 3758 Roma
737 3691 794 3758 vel
812 3689 908 3760 ltalia
924 3699 1023 3774 teste,
1038 3690 1250 3784 probabitur.
1270 3690 1354 3762 Mira

271 3823 415 3904 prorsus
434 3821 469 3881 et
481 3811 697 3883 intoleranda
711 3812 891 3905 superbia!
908 3814 1073 3905 Hospites
1087 3814 1194 3884 exilio
1207 3813 1351 3900 advecti,

271 3935 367 4004 cives
389 3934 550 4028 antiquos
572 3935 617 4005 ab
638 3936 809 4006 honorum
835 3937 1011 4007 consortio
1037 3937 1234 4009 diutissime
1255 3961 1355 4033 repn-

271 4059 387 4127 lerunt
407 4069 442 4127 et
463 4059 497 4128 in
519 4069 726 4151 perpetuum
751 4062 936 4152 repellent,
968 4060 1035 4131 nisi
1070 4061 1197 4132 summi
1231 4060 1354 4132 dextra

271 4176 446 4249 Pontificis
467 4189 502 4250 et
523 4181 650 4252 vestris
677 4180 829 4252 consiliis
855 4193 1047 4254 arceantur.
1068 4183 1139 4255 Nos
1165 4183 1253 4254 sorte
1277 4205 1354 4277 pec-
