3002 4794
251 365 288 426 38
591 381 632 427 na
653 379 755 428 nanus
774 377 996 427 rauuramnus
1094 351 1097 356 ’

251 495 427 581 laudibus
458 494 644 566 sedetiam
670 493 796 564 fabulis
817 496 929 566 locum
951 493 1041 564 fecit.
1068 495 1152 564 Haec
1171 504 1227 564 est
1252 517 1333 588 quae

250 618 340 690 bene
358 619 502 690 meritos
523 626 559 687 et
579 617 739 689 viventes
757 617 792 686 in
812 617 913 687 terris
930 615 1090 700 celebrat,
1109 627 1144 687 et
1160 616 1334 689 extinctos

250 740 295 810 ad
320 743 445 812 coelum
479 740 592 825 effert,
621 749 774 830 tuncque
801 738 993 810 aeternitate
1020 739 1175 810 victuros
1198 741 1289 812 elicit
1313 764 1333 812 e

251 861 430 955 sepulcris.
459 861 685 932 Credibiliora
702 882 879 931 recenseo.
901 861 1078 942 Quantum
1101 882 1186 932 sane
1210 884 1335 954 quam-

248 1007 317 1076 que
340 1005 527 1056 accensum
550 983 718 1067 studium,
742 992 871 1075 quanta
896 984 985 1052 inter
1010 985 1166 1072 legentes
1189 984 1335 1056 audien-

249 1091 376 1197 tesque
396 1107 542 1176 heroum
569 1107 657 1178 solet
682 1128 763 1176 esse
791 1104 980 1189 contentio,
1004 1114 1142 1176 amante
1162 1127 1203 1176 ac
1227 1129 1334 1179 vene-

249 1238 347 1300 rante
364 1228 521 1322 quolibot
533 1250 602 1298 non
615 1250 718 1319 quem
733 1228 830 1312 vidit,
847 1227 910 1298 sed
930 1249 1034 1318 quem
1048 1228 1151 1298 famae
1167 1228 1335 1300 eredidit?

248 1351 414 1441 Magnum
448 1351 536 1422 hoo:
570 1349 665 1442 quod
700 1350 858 1443 sequitur
891 1347 1027 1430 maius3
1064 1348 1228 1440 quoniam
1265 1372 1335 1423 non

249 1471 352 1542 modo
372 1493 461 1563 quos
483 1494 554 1542 non
574 1470 743 1556 vidimuS,
767 1493 831 1542 seu
848 1493 938 1565 quos
956 1470 1078 1542 videre
1094 1472 1332 1565 nequivimus

251 1593 440 1665 sedetiam
468 1595 557 1686 quos
584 1593 738 1679 odimuS,
760 1593 949 1664 mediatrix
969 1595 1025 1664 illa
1042 1595 1216 1679 conciliat,
1239 1598 1334 1690 quod

249 1724 285 1788 ct
303 1715 456 1786 breviter
476 1715 583 1808 attigi,
606 1726 641 1787 et
658 1716 843 1788 dicendum
862 1726 917 1786 est
937 1716 1050 1787 latius.
1069 1718 1151 1790 Haec
1162 1728 1226 1810 „est
1242 1718 1334 1789 enim

249 1859 340 1930 quae,
356 1838 447 1909 odiis
465 1837 499 1907 in
518 1861 671 1910 amorem
689 1839 813 1921 versis
833 1840 1042 1931 praevalidas
1063 1841 1336 1912 munitissimas-

249 1981 317 2050 que
336 1959 441 2030 urbes
459 1960 687 2054 expugnavit,
705 1982 786 2053 quae
804 1960 1014 2052 gravissima
1033 1983 1127 2056 saepe
1145 1962 1236 2034 bella
1253 1983 1335 2032 con-

249 2080 336 2165 fecit,
358 2092 393 2152 et
414 2082 555 2153 Camillo
573 2080 712 2175 quidem
735 2083 866 2153 ferreas
883 2082 1096 2153 Faliscorum
1118 2096 1234 2176 portas
1253 2106 1336 2176 ape-

250 2201 334 2287 ruit,
362 2205 535 2298 Pyrrhum
561 2227 680 2297 regem
708 2204 940 2298 ductoresque
964 2205 1165 2291 Romuleos,
1194 2207 1332 2277 Curium

250 2322 473 2418 rigidumque
493 2326 698 2411 Fabritium,
721 2338 851 2418 quanta
868 2349 949 2398 esse
967 2327 1090 2419 potuit,
1105 2327 1335 2399 familiaritate

249 2443 426 2516 devinxit:
447 2447 659 2518 Porsennam
683 2447 874 2537 superbum
896 2446 991 2516 illum
1016 2448 1189 2518 Hetruriae
1209 2471 1336 2539 regna-

252 2578 373 2650 torem,
402 2565 446 2635 ab
471 2564 646 2636 obstinata
676 2566 801 2658 raptim
835 2566 1016 2638 obsidione
1047 2568 1222 2654 distraxit.
1253 2571 1336 2642 Haec

250 2696 383 2758 tantum
404 2687 570 2773 virorum,
592 2695 628 2760 et
648 2699 717 2759 tam
739 2690 866 2758 multos
888 2689 1032 2760 orientis
1052 2691 1209 2784 populos,
1229 2691 1335 2762 unius

249 2811 368 2882 viduae
395 2810 542 2882 subiecit
566 2810 724 2890 arbitri0;
752 2809 829 2882 haec
853 2811 898 2881 ad
923 2832 1037 2902 genua
1063 2813 1213 2884 Caesaris
1240 2814 1332 2898 lulii,

250 2934 366 3005 adhuc
385 2937 503 3005 forsan
521 2932 653 3024 grande
673 2933 804 3026 aliquid
822 2956 981 3016 ausuros,
1000 2935 1176 3006 Gallorum
1195 2936 1335 3025 regulos

249 3056 439 3140 inclinavit;
464 3057 540 3128 haec
556 3057 721 3148 lllagnum
739 3056 942 3150 Pompeium
967 3057 1012 3128 ad
1032 3056 1206 3130 Posidonii
1225 3061 1331 3140 foreS,

249 3177 325 3248 haec
342 3176 584 3249 Alexandrum
597 3178 824 3250 Macedonem
838 3180 883 3250 ad
895 3179 1057 3270 Diogenis
1072 3179 1201 3250 dolium
1214 3179 1333 3263 duxit;

250 3300 326 3370 haec
346 3300 422 3371 Tito
443 3301 643 3393 Imperatori
666 3301 805 3372 humani
825 3299 964 3392 generis
982 3322 1132 3371 assensu
1156 3301 1336 3392 gloriosis-

250 3423 375 3492 simum
393 3443 587 3512 cognomen
605 3421 733 3507 tribuit,
753 3420 968 3512 dilatumque
986 3421 1190 3493 Germanico
1202 3421 1237 3490 in
1253 3444 1335 3516 per-

250 3565 372 3615 sonam
393 3544 472 3615 licet
488 3544 704 3615 immerentis
723 3543 782 3614 [ilii
799 3541 950 3614 restituit
966 3543 1205 3638 principatum.
1219 3542 1334 3636 Atque

250 3678 289 3738 ut
308 3667 439 3762 aliquid
459 3668 503 3740 de
524 3666 751 3739 Hebraeorum
771 3666 927 3738 historiis
947 3666 1126 3758 attingam,
1149 3667 1229 3738 binc
1247 3690 1336 3758 quo-

250 3813 319 3883 qne
346 3791 504 3862 miratrix
529 3791 585 3862 illa
611 3789 806 3861 Salomonis
831 3789 954 3882 regina
983 3788 1029 3860 de
1055 3796 1125 3859 tam
1147 3788 1334 3882 longinquo

249 3911 525 4010 Hierosolymam
554 3914 663 3998 venit,
691 3913 812 3986 visura
831 3912 925 4008 quod
946 3913 1113 3986 audierat.
1141 3912 1185 3980 Et
1204 3913 1334 4004 legatio

250 4034 442 4106 lllaclrabaei
468 4037 575 4110 maria
603 4038 777 4122 transivit,
805 4035 989 4108 amicitiam
1011 4041 1181 4129 expetens
1207 4035 1333 4108 Roma-

252 4175 386 4224 norum.
