3078 4798
411 367 504 417 ursan
525 368 792 420 saurususcmus.
806 389 841 398 -—
854 371 1008 422 urrsruun
1028 372 1067 420 vr.
1219 361 1277 424 379
1301 421 1306 432 ,

196 509 377 600 voluptate
390 513 552 577 versatur
566 531 574 590 ;
588 526 657 578 non
671 504 777 577 sentit
790 505 990 598 praeseutia,
1010 515 1103 578 totus
1117 505 1152 576 in
1172 504 1277 580 linem

193 628 377 722 prominet.
401 637 437 699 et
457 629 619 722 quamvis
645 647 789 720 corpore
810 627 985 718 fatigatus,
1013 627 1047 698 in
1068 651 1153 724 pace
1171 629 1276 702 animi

193 751 289 824 etin
317 771 380 844 spe
405 749 525 842 gloriae
556 749 781 843 conquiescit.
814 748 888 833 Tibi
916 749 1074 841 quidem,
1108 751 1278 826 charitate

194 875 315 956 irater,
338 879 441 944 aetate
467 870 530 957 fili,
565 871 733 963 dignitate
769 879 887 942 alutem
921 878 1031 963 pater,
1065 894 1169 963 quem
1197 882 1277 946 ante

194 1015 306 1066 anuos
326 1016 374 1066 ex
399 1014 508 1086 puero
533 994 646 1066 virum
673 995 800 1077 virtus
827 993 980 1086 dignitas
1007 1015 1127 1064 senem
1152 994 1231 1066 lecit
1256 1015 1276 1064 e

193 1117 342 1202 iuvene,
362 1118 466 1208 longo
484 1138 645 1190 sermone
662 1137 731 1188 non
749 1128 806 1189 est
822 1136 921 1210 opus,
937 1127 975 1188 ut
992 1117 1165 1209 intelligas
1182 1117 1276 1209 quod

194 1236 360 1330 scriptum
381 1235 490 1308 estin
511 1236 632 1309 litteris
663 1237 790 1311 sacris:
816 1239 973 1308 militium
999 1259 1065 1308 esre
1090 1240 1193 1309 vitum
1219 1240 1276 1308 lm-

193 1363 295 1432 minr‘s
314 1355 565 1454 superterram,
584 1383 649 1433 nec
663 1360 817 1432 militiam
837 1361 941 1434 modo
959 1360 1022 1434 sed
1041 1361 1167 1434 hellum
1183 1362 1273 1455 iuge,

192 1480 417 1567 mortiferum,
437 1481 513 1554 siue
529 1482 686 1566 induciis,
703 1483 779 1554 sine
795 1504 890 1575 pace.
908 1484 980 1554 Hoc
997 1482 1128 1554 bellum
1147 1485 1274 1556 Christi

192 1603 294 1676 miles
314 1599 508 1696 ingressus
532 1601 607 1676 fieri
630 1604 767 1677 tandem
791 1626 880 1676 unus
907 1626 954 1676 ex
974 1605 1124 1676 ducibus
1146 1607 1277 1678 merui-

193 1727 260 1798 sti:
282 1727 317 1801 in
336 1748 407 1820 quo
428 1726 517 1799 hene
536 1728 688 1820 coepisse
705 1748 773 1799 non
795 1727 935 1810 sufficit,
960 1728 1024 1800 sed
1046 1729 1075 1800 si
1096 1729 1274 1802 victricem

190 1849 329 1943 expetis
349 1871 521 1933 coronam,
543 1858 680 1941 oportet
698 1851 743 1922 de
765 1871 865 1920 mane
885 1848 929 1920 ad
947 1872 1129 1942 vesperam
1149 1850 1183 1922 in
1200 1852 1282 1924 acie'

193 1981 301 2056 stare,
323 1981 359 2042 et
379 1969 553 2042 adversus
570 1971 705 2042 hostem
723 1970 848 2042 dextra
869 1971 1029 2064 laevaque
1057 1971 1271 2058 saevientem,

191 2094 352 2189 clypeum
374 2091 559 2164 indefessae
581 2093 719 2165 virtutis
740 2094 908 2163 attollere.
930 2092 1175 2184 Multiplicihus
1196 2093 1274 2186 qui-

192 2215 272 2288 dem
295 2215 371 2287 telis
397 2214 615 2308 impetimur:
639 2215 719 2286 hinc
744 2207 939 2308 impo'rtuna
965 2222 1165 2308 paupertas,
1194 2214 1274 2286 hinc

192 2336 325 2411 divitiae
345 2358 474 2430 graves
495 2344 666 2431 premunt,
687 2337 768 2410 hinc
789 2340 846 2409 vel
867 2345 986 2408 nostra
1005 2338 1060 2407 vel
1083 2336 1272 2408 amicorum

192 2459 382 2555 improvisa
400 2460 593 2543 calamitas;
607 2460 688 2532 hinc
707 2481 767 2531 cnr
787 2479 890 2531 urens
907 2479 1001 2542 cura,
1017 2479 1182 2551 aegerque
1199 2459 1272 2529 ani-

192 2604 279 2666 mus,
301 2601 506 2676 aegrumque
527 2603 666 2678 corpus,
688 2582 840 2654 etmulti
867 2603 908 2653 ac
928 2581 1016 2652 varii
1037 2583 1187 2652 furtunae
1207 2581 1273 2652 im·

192 2714 307 2796 petus,
328 2726 418 2797 quos
439 2727 483 2777 ne
503 2705 615 2778 dicam
637 2706 739 2787 lerre,
758 2704 820 2776 sed
839 2723 1020 2776 numerare
1040 2703 1178 2776 difficile
1204 2715 1269 2776 est.

190 2828 282 2899 Nihil
309 2832 376 2901 ulla
402 2851 449 2900 ex
476 2838 572 2923 parte
602 2838 714 2900 tutum
745 2826 899 2910 homiui;
931 2849 1024 2922 saepe
1055 2826 1138 2899 dum
1166 2826 1271 2898 maris

192 2973 329 3024 summa
350 2952 579 3044 tranquillitas
600 2951 635 3021 in
653 2949 838 3046 superficie
854 2951 1003 3035 videtur,
1025 2959 1215 3043 tempestas
1236 2949 1271 3020 in

190 3073 298 3145 fundo
322 3081 398 3144 est:
423 3074 632 3146 etiamtunc
656 3075 739 3146 dum
766 3075 919 3146 maxime
944 3071 1127 3157 blanditur,
1149 3071 1271 3146 tacitas
1378 3113 1382 3127 ·

190 3193 345 3266 mundus
366 3191 477 3265 tendit
502 3194 669 3265 insidias:
696 3217 797 3268 omne
819 3196 883 3269 iter
909 3195 1044 3288 laqueis
1069 3195 1269 3279 obsessum,

190 3337 311 3388 omnes
333 3315 419 3388 rami
440 3315 538 3388 visco
558 3315 653 3398 illiti;
674 3337 777 3388 omne
799 3319 910 3388 solum
932 3318 1043 3412 lappis
1064 3318 1270 3411 tribulisque

190 3442 381 3512 consertum
403 3448 480 3521 est3
505 3438 569 3510 vix
590 3458 740 3530 usquam
762 3439 837 3510 sine
862 3437 1062 3510 discrimine
1084 3438 1206 3530 pedem
1229 3436 1270 3508 fi-

191 3582 277 3652 gas3
303 3560 387 3631 nihil
412 3562 516 3634 altius
541 3560 745 3634 ascendisse
771 3560 957 3653 profuerit:
985 3581 1206 3653 quocumque
1234 3565 1270 3632 'te

190 3694 308 3756 vertas
331 3705 393 3777 par
415 3685 617 3776 periculum,
644 3704 769 3778 aequus
790 3684 905 3768 labor,
928 3682 997 3755 imo
1020 3683 1075 3754 vel
1097 3704 1138 3753 eo
1159 3681 1269 3754 maior

189 3827 259 3898 quo
279 3806 436 3899 pluribus
459 3809 606 3879 fortunae
622 3806 743 3880 iaculis
761 3817 873 3878 status
895 3805 994 3877 altior
1014 3814 1117 3898 patet.
1139 3805 1179 3876 ln
1203 3805 1269 3877 hcc

190 3925 295 4018 igitur
320 3929 402 4000 vitae
434 3950 557 4022 campo
590 3929 623 4000 in
655 3953 759 4023 quem
792 3929 978 4024 pugnaturi
1004 3927 1265 4012 descendimus

190 4052 282 4122 nulla
298 4053 392 4143 lugae
411 4072 501 4148 spes
523 4054 652 4124 nullum
675 4053 802 4146 quietis
820 4051 1079 4135 diverticulum
1103 4062 1210 4124 totum
1232 4050 1266 4124 iu

88 4219 92 4224 .
189 4169 350 4262 praesidio
369 4171 499 4245 coelesti
520 4181 555 4244 et
576 4171 692 4245 invicti
713 4173 818 4248 animi
837 4172 968 4246 virtute
990 4173 1180 4270 repositum
1198 4184 1265 4244 est.
