3002 4794
447 335 920 386 urnsnnscruus.-ur1sronl
943 340 985 386 ur.
1220 331 1257 392 lb

169 477 346 546 minorum
375 471 552 545 consortio
580 472 827 543 excluduntur.
855 473 981 545 Credo:
1009 473 1059 546 sic
1082 475 1175 548 enim
1201 499 1259 550 so·

167 608 252 670 nant
273 596 397 681 verba,
417 605 452 668 et
472 594 643 666 bonorum
668 597 832 687 exempla
857 595 901 666 de
927 594 1023 668 libris
1054 617 1123 668 nou
1148 617 1257 689 pauca

167 718 382 810 colligimus3
403 737 469 787 uec
497 717 532 788 id
562 716 702 809 quidem
733 716 870 806 ignoro,
893 737 1008 809 neque
1030 717 1256 811 scriptoribus

169 840 273 912 tidem
288 860 400 932 nego;
416 837 488 921 sed,
504 839 580 910 sive
594 849 789 930 temporum
809 838 970 922 mutatio,
985 839 1061 912 sive
1076 861 1163 925 sors,
1178 842 1256 912 sive

169 961 387 1055 impatientia
406 983 484 1032 mea
502 972 572 1045 est,
591 983 658 1054 ego
676 961 804 1033 bonum
819 983 962 1034 servum
980 983 1157 1054 nunquam
1171 963 1254 1036 vidi.

167 1088 299 1171 Quaero
321 1095 452 1169 tamen,
472 1093 509 1156 et
529 1083 560 1155 si
579 1087 668 1158 sorte
691 1085 818 1157 obvius
843 1085 958 1164 luerit,
985 1087 1083 1158 velut
1106 1105 1255 1158 occursu

168 1204 321 1304 bicipitis
343 1207 495 1280 bominis
521 1207 777 1301 obstupescam.
800 1209 847 1280 At
861 1229 905 1280 oe
923 1209 1003 1303 quis
1023 1207 1089 1282 hoc
1106 1210 1166 1282 vel
1187 1231 1255 1282 sae·

168 1331 265 1402 vitiae
292 1333 350 1403 vel
380 1329 526 1402 desidiae
544 1351 634 1402 meae
659 1331 818 1424 imputet,
837 1332 953 1403 omnia
972 1333 1118 1416 tentavi,
1139 1353 1255 1425 neque

167 1454 286 1526 minus
300 1475 374 1545 ego
392 1477 496 1546 quam
520 1451 670 1526 Lucilius
693 1454 906 1526 familiariter
929 1476 1006 1524 eum
1032 1453 1146 1526 servis
1167 1454 1255 1526 meis

167 1577 256 1662 vixi,
276 1586 313 1648 et
333 1576 377 1647 bd
396 1576 633 1647 consiliumet
652 1576 696 1647 ad
717 1575 1048 1660 contabulationem,
1070 1585 1106 1646 et
1121 1576 1166 1647 ad
1184 1598 1256 1647 ooe-

170 1721 250 1768 nam
272 1699 352 1768 illos
377 1697 517 1782 admisi,
544 1721 672 1792 meque
699 1699 874 1793 ipsomet
902 1721 959 1772 res
990 1719 1086 1771 meas
1117 1699 1253 1772 illorum

167 1823 249 1896 fidei
270 1823 442 1908 commisi,
466 1821 658 1916 fidelesque
679 1833 718 1895 ut
738 1826 901 1908 iacerem,
924 1821 1076 1896 credidi:
1098 1843 1163 1893 nec
1178 1844 1255 1894 crc-

166 1946 281 2017 dendo
310 1945 461 2037 proieoi3
495 1944 580 2037 quin
614 1945 730 2038 potius
757 1967 814 2018 ars
839 1946 951 2019 omnis
977 1945 1011 2016 in
1040 1942 1253 2016 eontrarium

86 2082 92 2090 ’
166 2087 273 2136 versa
293 2074 360 2137 ost.
388 2066 575 2136 Servorum
600 2066 693 2137 enim
720 2088 740 2136 a
761 2066 932 2159 colloquio
952 2087 1031 2136 meo
1056 2085 1157 2136 nemo
1184 2084 1253 2136 non

167 2188 343 2279 procacior
363 2185 538 2272 discessit,
558 2207 661 2258 nemo
681 2205 751 2260 non
771 2187 1007 2258 contumacior
1027 2205 1160 2257 acoena
1175 2205 1253 2256 sur-

166 2311 271 2395 rexit,
290 2319 327 2382 et
340 2320 378 2383 ut
390 2311 603 2392 familiaritas
620 2311 824 2393 insolentes,
844 2309 895 2380 sic
915 2307 1043 2379 fiducia
1059 2310 1154 2378 iures
1171 2327 1253 2376 csse

166 2435 293 2506 docuit.
315 2435 358 2505 Ut
376 2453 462 2526 ergo
484 2434 629 2505 Senecae
649 2432 694 2504 de
720 2433 809 2517 suis,
839 2432 889 2504 sic
914 2430 999 2501 mibi
1025 2430 1070 2502 de
1097 2429 1184 2500 meis
1217 2438 1252 2500 et

166 2567 370 2628 cunctorum
398 2557 524 2641 servis,
553 2577 676 2630 omnes
696 2555 788 2626 enim
811 2557 897 2639 lere,
923 2554 1040 2625 nescio
1063 2551 1250 2646 quomodo,

166 2701 269 2774 pares
287 2689 383 2762 sunt,
407 2701 492 2750 vera
517 2678 612 2772 loqui
632 2677 743 2750 liceat.
770 2679 847 2768 Ego
873 2677 1016 2770 quidem
1041 2676 1151 2747 fateor
1176 2695 1252 2746 ser-

166 2802 225 2872 vili
244 2801 440 2895 pervicacia
461 2803 509 2872 nil
529 2802 709 2872 molestius
730 2799 890 2894 patierin
907 2797 991 2871 vita.
1014 2797 1148 2868 Caetera
1159 2797 1251 2868 enim

167 2923 257 2995 bella
278 2923 436 2996 inducias
461 2923 611 2994 habent:
642 2945 723 2994 cum
746 2921 948 2993 domesticis
980 2918 1141 2990 hostibus
1175 2917 1251 2988 sine

166 3045 424 3117 intermissione
458 3066 677 3139 pugnamus;
711 3044 874 3138 quamvis
906 3064 976 3115 non
1010 3040 1076 3112 sim
1110 3040 1277 3112 nescius.

166 3189 269 3262 aequo
279 3169 397 3239 animo
409 3168 681 3239 ferendumesse
693 3167 787 3260 quod
803 3166 966 3238 maximis
981 3164 1067 3236 viris
1081 3161 1251 3236 accidisse

166 3293 280 3364 video.
303 3291 436 3384 Nempe
455 3301 491 3362 et
511 3292 672 3387 Ulyssem
690 3289 747 3361 illa
767 3289 879 3383 prima
898 3297 1002 3362 aetate
1016 3307 1121 3380 quum
1135 3285 1250 3358 heroi·

168 3435 244 3485 cam
263 3423 402 3497 vocant,
433 3413 521 3483 inter
542 3415 670 3484 multos
691 3431 782 3504 quos
809 3409 975 3482 sustinuit
1001 3407 1152 3485 labores,
1175 3427 1251 3477 ser-

168 3557 294 3608 vorum
334 3543 371 3607 et
409 3534 611 3607 ancillarum
648 3554 790 3627 quoque
822 3531 1038 3604 contumeliis
1072 3529 1247 3611 affectum,

164 3659 350 3731 clarissimi
376 3661 564 3751 loquuntur
591 3667 775 3729 auctores:
806 3665 842 3726 et
869 3657 935 3726 hoo
962 3651 1145 3725 recentiori
1170 3670 1249 3720 aevo

165 3781 364 3852 Friderious
385 3801 551 3852 romanus
569 3781 755 3874 imperator
771 3778 816 3849 de
838 3795 1022 3848 servorum
1044 3771 1194 3854 iniuriis,
1212 3781 1249 3841 ut

164 3905 255 3974 lama
288 3905 368 3988 lert,
401 3904 523 3974 vivens
550 3901 771 3993 moriensque
797 3906 1011 3991 conquestus
1044 3903 1109 3968 est.
1138 3896 1249 3968 Caete-

164 4050 242 4096 rum
263 4028 342 4096 haee
362 4046 543 4098 servorum
563 4024 719 4098 incidens
737 4024 879 4116 querela
897 4021 963 4091 hoc
982 4021 1062 4112 agit,
1078 4030 1117 4092 ut
1130 4027 1164 4090 to
1176 4017 1248 4090 feli·

80 4134 89 4140 ’
163 4169 237 4218 cem
262 4148 367 4233 scias,
390 4147 450 4240 qui
469 4127 587 4220 servili
608 4145 792 4242 tyrannide
812 4142 989 4228 liberatus,
1011 4141 1248 4218 levissimo‘ao
