2988 4800
390 403 484 452 cumr
506 402 926 454 nuonscruns—arrsrccr
947 407 975 454 v.
1169 395 1220 454 181

143 539 328 618 scitamur,
352 537 534 630 nescitque
559 537 764 623 consistere,
792 559 862 609 non
887 539 999 632 magis
1019 563 1137 634 quarn,
1167 543 1222 614 ubi

144 660 197 730 ille
217 659 369 743 habitat,
393 660 522 745 anima,
544 662 656 746 cuius
681 671 717 732 ut
736 661 868 734 Platoni
888 663 1013 756 placet,
1035 675 1223 760 perpetuus

144 793 257 853 motus
283 792 350 854 est.
373 783 464 866 Quid
484 784 530 856 ad
549 782 638 856 hanc
663 782 834 854 dixerim?
860 785 967 856 Multa
994 807 1090 858 mens
1114 789 1225 880 loqui-

65 951 69 964 ·
144 917 209 990 tur,
233 907 280 977 ad
302 926 383 999 quae
403 905 714 978 disertissimorum
735 907 840 979 etiam
861 907 977 1000 lingna
998 931 1066 979 non
1086 911 1222 982 sufficit.

144 1031 186 1099 Et
207 1028 428 1102 ciceroniana
452 1029 625 1114 facundia,
648 1030 737 1102 sicut
756 1052 823 1121 ego
843 1029 978 1122 opinor,
1001 1031 1036 1100 in
1056 1031 1146 1104 illius
1165 1057 1224 1126 pe-

144 1163 237 1226 ctore
259 1152 384 1224 clarior
404 1150 467 1222 luit
486 1174 591 1245 quam
612 1152 647 1222 in
668 1152 812 1225 auribus
832 1151 1051 1240 audientum,
1070 1164 1105 1226 et
1125 1157 1221 1227 Man-

144 1277 238 1348 tuani
261 1274 354 1346 vatis
375 1274 475 1344 altior
496 1273 636 1365 iugenio
656 1295 758 1345 musa
782 1297 887 1368 quam
913 1279 1056 1349 calamo.
1078 1279 1223 1369 Magnas

144 1420 198 1470 res
212 1418 357 1490 aequare
376 1395 609 1480 sermonibus,
631 1405 665 1466 et
685 1396 803 1468 verbis
825 1407 899 1468 arte
920 1401 1094 1472 contextis
1117 1402 1222 1472 animi

143 1521 266 1592 faciem
295 1519 432 1590 latentis
459 1518 657 1602 ostendere,
684 1518 715 1590 is
741 1520 896 1606 demum,
915 1533 1013 1617 puto,
1037 1546 1222 1617 supremus

142 1641 353 1737 eloquentiae
365 1640 445 1712 finis
458 1651 521 1725 est,
536 1641 592 1712 cui
609 1640 693 1712 dnm
710 1641 862 1714 humana
880 1664 978 1717 mens
996 1646 1113 1732 inhiat,
1130 1669 1223 1740 saepe

144 1770 228 1839 calle
262 1765 378 1838 medio
410 1765 503 1836 victa
533 1763 703 1836 subsistit.
731 1765 821 1837 Ecce
854 1788 920 1858 ego
952 1791 1046 1840 nunc
1078 1769 1220 1863 aliquid,

144 1889 237 1981 quod
255 1910 360 1960 aures
377 1889 537 1980 impiaret
553 1897 645 1970 tuaS,
665 1896 819 1980 optarem
836 1888 962 1960 dicere.
980 1891 1168 1984 Exemplar
1188 1893 1222 1964 in

144 2011 258 2082 animo
277 2019 347 2094 est,
371 2032 435 2080 nec
453 2013 554 2082 valeo
576 2021 692 2080 tamen
714 2009 814 2104 (mira
835 2012 965 2104 linguae
985 2016 1141 2086 mortalis
1158 2016 1224 2086 im-

143 2131 346 2227 becillitasl)
369 2131 415 2204 ad
435 2140 469 2202 te
488 2134 641 2226 perferre
658 2132 753 2225 quod
773 2132 884 2226 cupio.
907 2132 974 2204 Sed
996 2133 1082 2207 bene
1100 2137 1220 2208 habet:

143 2255 216 2347 ipse
246 2253 401 2326 animum
428 2277 545 2325 meum
571 2254 684 2337 vides,
712 2263 748 2326 et
772 2255 866 2346 quod
897 2253 945 2326 ibi
978 2257 1223 2352 scriptumest

143 2379 308 2472 perlegis,
330 2400 506 2471 vocesque
526 2386 722 2471 conceptas
742 2379 797 2448 vel
815 2375 850 2445 in
876 2376 1025 2463 silentio,
1048 2379 1220 2452 exaudis:

144 2511 190 2586 et,
213 2501 310 2594 quod
330 2492 514 2594 de'paucis
537 2521 653 2594 spero,
676 2499 846 2593 quidquid
872 2507 986 2572 tecum
1008 2502 1130 2594 loquor
1151 2526 1219 2575 non
1256 2552 1260 2563 ·

144 2626 190 2694 tui
210 2625 407 2708 instructio,
427 2624 491 2696 sed
508 2626 669 2694 levamen
687 2622 793 2694 animi
811 2623 879 2693 mei
895 2631 960 2694 est.
980 2622 1018 2693 ld
1038 2645 1122 2695 sane
1144 2625 1221 2698 stilo

141 2746 296 2839 quolibet
315 2744 390 2817 fieri
411 2757 534 2838 potest.
552 2745 627 2817 Non
646 2744 705 2816 tibi
722 2766 819 2836 crgo,
840 2745 903 2816 sed
922 2745 1019 2830 mihi,
1040 2746 1105 2818 sed
1129 2748 1217 2833 aliia,

140 2869 233 2941 dicta
266 2869 335 2940 sint
367 2870 453 2940 haec.
474 2868 645 2962 Equidem
678 2889 748 2960 quo
782 2877 814 2940 te
846 2869 977 2964 saepius
1004 2870 1153 2954 intueor,
1176 2892 1219 2942 eo

140 2992 254 3085 magis
275 3001 310 3063 et
331 2991 436 3062 miror
456 3002 491 3062 ct
511 2991 699 3083 amplector
723 3000 758 3061 et
782 2991 902 3083 diligo,
925 3013 1035 3085 eoque
1061 2992 1173 3084 magis
1198 3015 1219 3062 a

140 3127 173 3186 te
193 3114 291 3206 diligi
311 3114 457 3206 gaudeo,
480 3125 609 3205 tuoque
629 3112 770 3196 iudicio,
794 3113 878 3186 milri
899 3114 973 3207 ipse
993 3137 1070 3186 sum
1092 3115 1216 3201 carior,

139 3237 403 3330 defectibusque
429 3238 515 3308 meis
537 3235 797 3320 interblandior,
825 3238 927 3329 quasi
953 3262 1129 3333 nonquam
1158 3241 1219 3312 tibi

140 3363 196 3432 tali
215 3361 294 3432 viro
315 3382 454 3454 possem
475 3381 556 3430 esse
578 3368 647 3430 tam
669 3379 786 3443 carus,
810 3359 876 3430 nisi
897 3359 1036 3452 aliquod
1049 3362 1084 3430 in
1098 3385 1152 3433 me
1165 3365 1218 3433 lu-

140 3507 218 3556 men
239 3483 345 3555 animi
365 3483 531 3568 vidisses,
551 3483 645 3576 quod
661 3504 727 3573 ego
744 3483 805 3574 qui
821 3481 967 3554 vicinior
988 3505 1075 3568 sum,
1097 3487 1214 3569 fateor,

141 3630 207 3680 non
221 3607 341 3689 video;
360 3629 483 3699 neque,
499 3607 528 3678 si
541 3605 654 3676 acrius
676 3603 875 3688 intenderis,
895 3613 927 3676 te
945 3604 1103 3676 visurum
1124 3606 1217 3677 arbi-

142 3741 224 3816 tror,
242 3730 309 3801 uisi
326 3729 407 3823 quia
426 3728 650 3800 verissimum
668 3739 735 3812 est,
751 3726 846 3820 quod
865 3726 923 3819 qui
944 3736 1062 3797 amant
1077 3727 1142 3819 ipsi
1155 3730 1219 3798 sibi

142 3854 268 3924 somnia
276 3855 415 3946 fingunt,
432 3864 470 3922 ut
481 3850 626 3943 Virgilio
634 3851 810 3921 Maronem
824 3858 860 3918 et
873 3848 1011 3921 heroico
1025 3849 1215 3942 pastorium
1279 3903 1283 3912 .

143 3996 280 4045 carmen
297 3973 468 4045 obiiciam.
486 3971 577 4056 Qnid
599 3973 680 4044 vis?
697 3974 824 4044 Errore
842 3982 901 4042 tuo
920 3973 1004 4044 lelix
1024 3996 1113 4044 sum:
1134 3995 1215 4066 quae

143 4117 218 4167 cum
244 4095 366 4166 amicis
386 4097 459 4165 fere
479 4094 641 4167 omnibus
661 4117 739 4167 moa
760 4115 837 4167 sors
858 4106 929 4166 est:
952 4093 1081 4166 nullius
1099 4104 1216 4166 tamen

144 4228 236 4294 'error
248 4222 364 4293 animo
378 4240 455 4293 meo
468 4219 597 4304 gratior
611 4243 714 4300 quam
729 4231 826 4305 tuus,
842 4221 1002 4292 nullusve
1018 4243 1121 4315 quem
1141 4242 1215 4292 ma-
