3002 4794
448 378 988 430 nrnenuncruus.-nr1sronl1v.
1200 369 1236 430 tl
1336 379 1338 384 ·

158 513 284 586 turbati
318 512 424 584 animi
454 515 489 584 in
509 537 570 586 ore
603 516 699 587 Silvii
729 538 934 610 agnoscens.
969 519 1029 591 llle
1054 529 1171 590 autem
1200 541 1239 590 se

155 647 316 711 excusat.
338 638 460 730 ltaque
481 639 637 710 Monicus
655 641 844 712 orationem
862 642 1013 736 peragit,
1029 665 1098 736 qua
1112 644 1238 728 audita,

155 762 388 834 mirabundus
418 761 545 834 Silvius
572 773 793 858 percontatur
823 767 902 860 quis
934 769 989 838 ille
1020 779 1139 862 pastor
1170 778 1238 839 tam

156 885 306 958 dulciter
326 907 469 962 canens,
501 887 600 958 cuius
627 911 718 960 nunc
738 889 876 962 noviter
900 891 1110 962 mentionem
1133 891 1239 964 audit.

156 1008 211 1082 Ad
232 1009 331 1102 quod
351 1009 519 1093 Moriens,
541 1011 642 1103 quasi
665 1013 816 1103 pastoria
842 1013 1003 1099 ruditate,
1026 1036 1095 1086 non
1117 1037 1242 1086 nomen

157 1133 287 1217 reddit,
324 1134 387 1205 sed
415 1134 582 1206 describit
602 1136 761 1229 patriam,
784 1147 819 1207 et
839 1156 936 1208 more
957 1136 1123 1208 ruralium
1146 1155 1240 1231 saepe

157 1257 191 1326 in
210 1255 335 1327 verbis
357 1257 557 1342 errantium,
581 1257 728 1330 duorum
743 1237 924 1330 fluminum
937 1259 1148 1330 mentionem
1161 1259 1241 1330 lacit

156 1402 226 1452 uno
245 1381 343 1452 fonte
361 1379 594 1464 nascentium
617 1403 658 1452 ao
679 1381 794 1452 statim
815 1381 1043 1453 veluterrore
1056 1383 1240 1474 recognito,

158 1504 272 1576 verba
293 1505 481 1598 praevertit,
503 1513 538 1576 et
558 1504 652 1598 quod
670 1506 714 1576 de
732 1504 870 1576 duobus
892 1505 1082 1597 inceperat,
1105 1504 1149 1575 de
1172 1525 1243 1575 uno

159 1625 305 1698 tlumine
335 1626 473 1698 duobus
499 1649 547 1698 ex
571 1627 724 1699 lontibus
749 1627 985 1700 descendente
1010 1627 1242 1720 prosequitur.

160 1751 357 1843 Utrumque
378 1772 461 1822 sane
491 1752 526 1822 in
551 1749 634 1822 Asia
661 1761 725 1822 est.
754 1751 882 1822 Silvius
904 1761 1020 1822 autem
1052 1772 1090 1822 se
1116 1749 1246 1822 flumen

161 1895 269 1945 nosse
285 1883 547 1960 commemorat,
571 1875 709 1967 signum
727 1874 876 1948 afferens
893 1876 988 1970 quod
1001 1875 1036 1946 in
1049 1897 1091 1946 eo
1104 1873 1246 1967 quidam

162 2019 252 2088 puer
281 1996 442 2091 hispidus
476 1996 560 2068 lavit
577 1996 803 2090 Appollinem.
825 1998 922 2082 lude,
945 2000 1051 2068 refert
1073 1997 1245 2083 Monicus,

162 2120 454 2192 oriundumesse
474 2129 661 2191 cantorem.
693 2120 794 2204 Quod
827 2120 972 2191 audiens
1003 2119 1131 2191 Silvius
1162 2142 1244 2191 mox

162 2243 345 2313 hominem
367 2243 592 2335 recognoscit,
612 2253 648 2315 et
666 2265 787 2316 vocem
803 2243 1014 2335 modumque
1028 2241 1174 2313 canendi
1187 2240 1249 2312 de·

163 2365 298 2459 primit,
322 2369 481 2438 attollens
499 2389 593 2439 suos.
616 2369 669 2438 Ex
697 2365 848 2437 adverso
873 2365 1029 2436 Monicus
1052 2387 1155 2436 suum
1179 2385 1250 2436 me-

166 2489 243 2559 ritis
270 2489 434 2561 laudibus
460 2490 662 2561 accumulat.
690 2490 810 2582 ltaque
836 2489 977 2562 taudem
1003 2489 1131 2560 Silvius
1152 2489 1250 2560 velut

167 2611 416 2704 adquiescens
441 2633 479 2682 se
500 2611 535 2680 in
558 2623 712 2704 tempore
733 2611 925 2684 rediturum
939 2622 1091 2704 etquam
1104 2610 1250 2683 dulciter

166 2734 224 2805 ille
245 2743 349 2805 canat
369 2733 593 2828 probaturum
615 2733 674 2818 ait,
697 2757 789 2806 nunc
813 2746 941 2806 autem.
955 2735 1128 2805 festinare.
1150 2730 1251 2817 Quod

168 2857 350 2929 admirans
367 2857 523 2930 Monicus
537 2857 765 2929 festinationis
783 2879 923 2930 causam
941 2857 1079 2952 quaerit,
1102 2867 1138 2927 et
1156 2854 1253 2928 audit

169 2979 332 3062 Silvium,
352 2978 521 3051 intentum
539 2980 733 3063 cantilenae,
754 3002 857 3072 quam
876 2981 920 3052 de
937 2981 1088 3073 quodam
1109 2979 1252 3072 egregio
1291 2973 1293 2980 ’

170 3104 309 3186 iuvene,
318 3101 502 3173 cuiusacta
516 3104 623 3172 multa
637 3101 807 3172 brevitate
819 3103 1028 3198 perstringit,
1043 3123 1251 3196 componere

172 3225 289 3320 clepit,
310 3247 388 3296 uon
413 3245 518 3318 posse
544 3246 635 3295 nunc
660 3225 736 3295 aliis
762 3247 897 3296 vacare.
925 3226 1158 3310 Quamobrem
1180 3225 1254 3296 Mo-

173 3347 275 3418 nicus
296 3347 505 3440 colloquium
525 3347 591 3418 hoc
608 3348 793 3432 concludit,
814 3349 1013 3420 valedicens
1031 3348 1149 3433 Silvio,
1168 3347 1253 3419 etin

59 3528 61 3532 .
175 3468 281 3542 finem
315 3471 472 3542 hortatur
497 3480 535 3540 ut
560 3471 734 3542 dilationis
765 3471 917 3563 pericula
941 3494 1116 3564 casusque
1141 3472 1256 3543 consi-

176 3593 287 3664 deret.
311 3594 393 3664 Haec
414 3615 550 3666 summa
570 3617 698 3665 rerum.
721 3595 924 3667 lntentiouis
942 3607 1056 3666 autern
1075 3615 1163 3665 meae
1177 3613 1256 3664 sen-

179 3739 241 3789 sus
268 3718 324 3788 hic
356 3726 420 3790 est.
454 3719 618 3790 Pastores
649 3718 884 3811 colloquentes
917 3739 981 3788 nos
1016 3738 1156 3787 sumus:
1190 3739 1256 3808 ego

179 3842 324 3925 Silvine,
357 3851 394 3912 tu
423 3840 592 3912 Monicus.
625 3839 808 3911 Nominum
835 3841 922 3912 ratio
943 3841 1019 3910 haec
1052 3847 1121 3909 est:
1156 3837 1255 3931 primi

179 3965 323 4057 quidem
348 3977 421 4036 tum
449 3966 529 4059 quia
555 3964 589 4034 in
621 3964 719 4036 silvis
746 3985 803 4034 res
829 3976 904 4034 acta
930 3973 996 4049 est,
1027 3973 1097 4034 tum
1119 3975 1259 4057 propter

179 4089 323 4161 insitum
344 4085 389 4160 ab
409 4090 551 4161 ineunte
572 4097 675 4160 aetate
697 4085 792 4159 urbis
813 4085 931 4155 odium
953 4107 1174 4178 amoremque
1201 4087 1260 4155 sil-

179 4232 320 4295 varum,
342 4221 482 4306 propter
499 4233 600 4305 quem
615 4211 713 4282 multi
725 4233 770 4281 ex
785 4207 913 4282 nostris
933 4207 968 4280 in
985 4208 1078 4282 omui
1100 4229 1258 4279 sermone
