2988 4800
386 389 480 438 nrnnn
501 387 907 438 annuemus-narsaeus
932 388 993 436 rvr.
1173 375 1227 436 ¹53

146 555 187 602 ac
206 532 343 601 frenum
370 530 507 600 illorum
532 527 707 600 violentiae
728 526 939 598 Tribunatns
966 525 1077 620 plebis
1102 537 1156 598 est
1176 527 1228 598 in-

146 663 284 723 ventus.
299 652 349 721 De
362 650 429 722 boc
442 671 582 744 quoque
595 649 739 746 petitum
754 670 774 720 a
788 647 888 741 plebe
904 657 940 718 ut
954 649 984 720 is
1004 649 1227 741 magistratus

146 775 230 860 suis,
246 775 313 846 hoc
326 782 383 844 est
394 773 588 845 tribuniciis
602 771 749 844 comitiis
766 782 952 856 crearetur,
966 782 1001 843 et
1017 771 1073 842 hic
1089 792 1228 865 quoque

145 897 244 990 plebs
257 896 396 980 victrix,
412 894 523 989 Appio
537 895 680 966 Claudio
693 894 770 965 viro
788 894 868 966 licet
883 894 1052 966 acerrimo
1068 895 1229 987 patricia-

146 1030 202 1092 tus
223 1019 435 1091 obluctante.
457 1017 703 1090 Nova‘debinc
719 1027 794 1090 orta
810 1017 996 1103 contentio,
1019 1017 1228 1112 primoribus

147 1143 299 1238 superbo
318 1141 458 1214 fastidio
482 1139 692 1234 negantibus
718 1141 808 1211 inter
832 1141 969 1235 plebem
995 1141 1229 1234 patriciosque

146 1265 422 1351 matrimonium,
441 1273 477 1335 et
495 1264 545 1336 sic
561 1263 709 1358 abrupto
728 1264 947 1336 sanctissimo
967 1266 1107 1338 vinculo
1125 1287 1229 1356 gene-

146 1392 194 1462 ris
215 1389 374 1473 humani,
393 1388 428 1457 in
448 1388 538 1460 duas
563 1387 688 1459 iterum
709 1397 827 1482 partes
849 1387 1089 1460 scindentibus
1109 1387 1230 1460 civita-

149 1525 230 1598 tem,
266 1511 445 1604 indignata
478 1511 577 1605 plebs
611 1511 747 1582 restitit.
771 1510 840 1596 Sic,
863 1511 981 1582 invitis
1003 1511 1227 1597 adversariis

147 1641 225 1730 lege
245 1638 314 1708 lata
335 1633 535 1730 promiscua
557 1643 638 1704 sunt
658 1635 830 1728 permissa
856 1634 1025 1727 coniugia.
1048 1635 1231 1707 Decemvi-

149 1768 247 1832 ratus
270 1779 448 1829 sacrorum
470 1777 592 1836 causa,
608 1767 798 1849 qnaestura‚
816 1762 946 1830 curulis
960 1760 1123 1845 aedilitas,
1145 1782 1228 1831 non-

72 1869 76 1877 ’
148 1881 215 1951 nisi
237 1879 391 1973 patriciae
413 1879 526 1971 gentis
546 1891 658 1963 erant;
685 1880 931 1952 animadvertit
954 1882 1053 1976 plebs
1078 1904 1115 1953 se
1143 1881 1232 1954 ludi-

148 2005 224 2077 brio
245 2001 381 2086 baberi,
410 2024 451 2074 ac
477 2003 555 2074 nisa
581 2014 636 2074 est
658 2004 832 2097 evicitque
871 2015 908 2075 ut
941 2004 1062 2076 harum
1093 2027 1232 2099 quoque

149 2129 325 2223 particeps
346 2125 553 2217 dignitatum
575 2125 684 2198 fieret.
707 2125 783 2209 Qua
808 2126 843 2196 in
868 2148 906 2196 re
931 2137 1075 2198 nonest
1097 2127 1233 2198 silentio

150 2249 440 2345 supprimendum
461 2271 608 2341 parvum
630 2248 714 2320 illud
735 2270 869 2341 perse,
893 2248 956 2318 sed
978 2247 1151 2341 superbiae
1170 2272 1232 2320 no-

150 2375 272 2447 bilium
297 2383 334 2444 et
357 2373 502 2467 plebeiae
527 2373 694 2444 libertatis
719 2371 1021 2444 evidentissimum
1047 2391 1234 2464 argumen-

152 2511 223 2570 tum
245 2519 266 2568 a
288 2497 364 2568 Tito
383 2497 482 2568 Livio
503 2498 661 2568 relatum.
677 2497 804 2568 Cneius
819 2495 959 2566 Flavius
982 2495 1107 2566 scribae
1124 2494 1231 2579 filius,

152 2622 294 2694 humilis
317 2622 371 2690 vir
390 2623 552 2704 fortunae,
574 2630 741 2692 caeternm
763 2622 860 2690 valer
877 2641 918 2690 ac
937 2617 1100 2704 disertus
1122 2617 1233 2689 aedilis

153 2744 284 2817 curulis
318 2745 429 2814 lactus
454 2752 540 2825 erat;
567 2765 609 2814 ea
638 2765 694 2814 res
724 2740 912 2826 nobilibus,
947 2741 1136 2813 novitatem
1157 2741 1234 2812 eius

154 2866 387 2951 horrentibus,
409 2876 541 2938 tantum
555 2865 772 2937 stomachum
791 2865 1017 2952 excitaverat,
1039 2875 1077 2936 ut
1095 2865 1130 2935 in
1144 2864 1234 2936 illins

155 2991 286 3062 bonore
307 2992 404 3059 velut
436 2988 471 3058 in
504 2991 598 3060 luctu
617 2987 756 3082 proprio
777 2987 915 3081 plurimi
948 3011 996 3059 ex
1028 2987 1079 3058 eis
1112 2989 1234 3059 anulos

155 3133 281 3184 aureos
303 3119 339 3182 et
359 3118 564 3182 ornamenta
583 3111 805 3206 deponerent.
829 3112 954 3183 Contra
974 3110 1031 3184 ille
1051 3111 1134 3181 nibil
1160 3133 1236 3182 mo-

157 3245 212 3306 tus
232 3235 409 3306 adversus
430 3255 551 3306 eorum
569 3234 799 3321 insolentiam,
821 3236 1032 3308 liberrimam
1058 3249 1236 3308 contuma-

156 3357 245 3428 ciam
266 3357 467 3428 exereebat.
490 3359 610 3451 ltaque
631 3359 714 3430 dnm
737 3359 843 3431 Cneio
868 3359 1071 3451 aegrotantis
1092 3361 1236 3450 collegae

159 3473 350 3546 thalamum
386 3475 525 3545 intranti
545 3473 679 3548 nobiles
701 3477 860 3562 iuvenes,
888 3477 946 3571 qni
973 3486 1047 3548 tum
1073 3476 1233 3558 aderant,

158 3596 313 3666 unanimi
334 3607 534 3690 contempto
556 3620 624 3668 non
645 3609 887 3692 assurgerent,
910 3598 1092 3670 confestim
1119 3599 1236 3668 sellam

159 3719 313 3788 curulem
332 3717 436 3790 iussit
456 3721 580 3792 afferri.
601 3721 717 3815 Atque
737 3724 783 3793 ita
806 3745 948 3793 suorum
969 3721 1134 3792 nobilium
1156 3742 1239 3791 con-

160 3847 369 3932 temptorum
390 3852 605 3937 contemptor
622 3847 696 3940 ipse
713 3846 875 3928 nobilior,
897 3845 973 3915 illos
995 3843 1126 3914 invidia
1143 3841 1240 3913 tabe-

161 3969 297 4032 scentes
318 3985 389 4034 non
421 3966 467 4037 de
499 3967 635 4059 privato
663 3989 818 4051 scamno,
842 3967 904 4037 sed
927 3966 1062 4058 publica
1083 3965 1128 4036 de
1155 3965 1239 4037 sede

160 4079 337 4177 despexit3
358 4109 428 4179 qua
449 4089 550 4160 unica
580 4090 736 4161 libertate
754 4089 838 4159 mibi
854 4089 996 4181 quidem
1015 4089 1153 4161 videtur
1171 4111 1239 4160 non

161 4210 334 4285 aedilitatis
357 4213 473 4298 modo,
498 4216 561 4287 sed
580 4218 782 4288 consulatus
800 4213 903 4286 etiam
924 4212 1055 4287 bonore
1076 4212 1240 4304 dignissi-
