3002 4794
245 346 282 406 82
584 365 624 410 nn
646 364 746 412 nunus
768 365 988 414 rnurnrnamus

246 498 362 570 tudine
380 500 590 570 constitutus
607 500 869 573 innumerabilia
886 502 1005 574 mundi
1023 505 1114 574 mala
1130 503 1174 573 de
1195 516 1321 577 caetero

245 643 313 692 non
335 623 498 706 sentires3
521 645 601 716 quae
618 645 685 715 ego
702 625 809 695 miser
827 625 1091 718 semiermibus
1109 638 1144 697 et
1160 626 1324 699 obsideor

246 769 286 817 ao
305 747 587 842 circumspiciens
612 748 852 820 contremisco.
877 750 949 820 Nec
969 750 1075 821 addo:
1102 752 1185 822 dum
1211 751 1325 822 adbuc

245 872 289 942 de
307 872 483 968 Babylone
500 883 595 966 patet
611 874 739 956 exitus
754 873 891 964 effugio.
911 875 986 945 Noli
997 885 1114 945 tamen
1127 873 1322 969 desperare,

247 997 394 1068 obsecro
416 1006 472 1076 te3
493 1019 554 1067 ora
576 997 704 1088 potius,
727 994 967 1089 utaliquando
989 1017 1211 1088 consurgam.
1238 999 1325 1067 Mul-

171 1099 174 1106 ’
247 1129 320 1190 tum
339 1129 402 1203 est,
417 1122 534 1204 fateor,
549 1120 680 1212 peccati
698 1119 766 1190 mei
781 1118 929 1213 ponduS,
953 1121 1017 1191 sed
1038 1117 1172 1189 finitum
1193 1128 1324 1202 tamen3

247 1252 284 1312 at
308 1243 385 1313 eius
405 1243 499 1313 unde
524 1243 693 1312 auxilium
713 1252 875 1336 expecto,
898 1243 1030 1315 infinita
1055 1243 1235 1315 clementia
1259 1255 1324 1314 est.

248 1366 330 1434 Haec
351 1363 423 1448 tibi,
446 1365 616 1436 Germane
637 1365 749 1450 unice,
773 1389 840 1438 non
858 1387 937 1436 meo
959 1366 1022 1438 sed
1042 1366 1227 1458 peregrino
1249 1367 1326 1438 stilo

248 1509 289 1560 ac
308 1486 416 1581 prop'e
437 1488 628 1560 monastico
645 1489 786 1573 dictavi,
815 1499 848 1561 te
868 1474 1109 1583 potiusquam
1131 1515 1187 1562 me
1212 1491 1325 1585 ipsum

144 1687 149 1706 ,
249 1612 415 1704 cogitans.
443 1613 557 1704 Leges
583 1613 664 1683 dnm
691 1637 737 1684 ex
763 1615 945 1686 commodo
970 1615 1098 1699 licebit,
1125 1627 1160 1686 et
1191 1615 1219 1686 si
1250 1615 1329 1686 hinc

249 1735 449 1828 perfectioni
470 1745 540 1806 tuae
565 1737 648 1807 nihil
671 1739 873 1822 accesserit,
899 1741 1000 1824 scito,
1023 1761 1080 1816 me
1096 1739 1185 1810 mihi
1206 1743 1329 1812 saltem

248 1858 423 1953 proluisse
436 1859 519 1929 dnm
539 1859 737 1945 scriberem,
752 1861 913 1954 quoniam
932 1883 1008 1934 mea
1022 1885 1078 1932 me
1092 1861 1244 1955 pericula
1257 1885 1329 1934 me

250 1983 417 2055 ditantem
449 1993 561 2055 status
587 1985 636 2055 tui
666 1985 748 2055 felix
780 1984 915 2055 interim
943 1985 1043 2057 torsit
1072 1985 1212 2059 invidia.
1242 1988 1328 2058 Vale

250 2129 384 2179 memor
403 2109 482 2179 mei.
1083 2093 1086 2096 ⁵

393 2255 444 2309 Vll
460 2255 517 2310 Cal.
534 2258 672 2326 Octobris,
689 2274 722 2311 ex
737 2259 838 2330 oppido
853 2258 994 2330 carpensi.

764 2419 841 2428 --

668 2619 844 2684 EPISTULA
872 2623 917 2686 lV.

400 2805 593 2854 FlthClSCUS
615 2805 784 2853 perennet
806 2807 956 2856 GERARDO
977 2810 1096 2858 FRATRI
1119 2809 1177 2858 SUO

508 2910 662 2958 MONAGHO
684 2910 913 2961 CARTHUSIANO
935 2915 1013 2963 s.·1‘.
1033 2916 1062 2963 D.

251 3067 399 3122 Poetarum
412 3067 558 3123 lectionem
572 3070 707 3140 religiosis
724 3070 791 3124 viris
810 3075 893 3142 atque
917 3071 1052 3142 theologis
1075 3071 1150 3126 haud
1170 3071 1331 3142 improban-

323 3155 386 3210 dam
404 3173 465 3211 esse
480 3157 665 3213 demonstrat:
685 3163 713 3212 et
732 3158 839 3230 Eclogae
858 3176 930 3228 suae,
951 3159 998 3213 ,cui
1017 3159 1115 3214 titulus
1137 3159 1330 3227 Parthenios,

322 3261 451 3300 arcanam
467 3248 554 3318 aperit
568 3249 804 3319 significationem.

350 3443 386 3513 Si
405 3446 577 3514 fervorem
598 3444 703 3516 animi
724 3445 774 3516 tui
790 3445 882 3543 novi,
901 3445 1054 3515 iunctum
1073 3445 1153 3516 huic
1174 3445 1330 3538 epistolae

252 3588 390 3638 carmen
411 3566 602 3650 horrueris,
625 3565 727 3660 quasi
747 3567 952 3660 professioni
973 3577 1043 3638 tuae
1063 3567 1244 3640 dissonum
1267 3568 1330 3639 ad-

253 3711 465 3782 versumque
481 3690 668 3783 proposito.
685 3689 761 3760 Noli
775 3689 903 3782 aliquid
921 3699 1052 3761 temere
1065 3690 1223 3762 diffinire.
1239 3690 1330 3773 Quid

187 3785 194 3798 ’
253 3813 342 3882 enim
366 3814 505 3885 stultius
527 3836 632 3906 quam
653 3811 807 3884 iudicare
832 3813 876 3884 de
899 3813 1106 3904 incognitis?
1132 3814 1330 3904 Theologiae

254 3934 394 4025 quidem
420 3938 559 4008 minime
592 3937 742 4008 adversa
769 3937 902 4030 poetica
922 3945 987 4008 est.
1015 3937 1178 4008 Miraris?
1202 3938 1328 4008 Parum

254 4055 355 4127 abest
375 4058 458 4149 quin
483 4058 613 4142 dicam,
641 4059 850 4152 theologiam
877 4060 1050 4164 poeticam
1069 4081 1149 4129 esse
1175 4059 1220 4131 de
1245 4061 1329 4129 Deo.

255 4177 428 4250 Christum
454 4179 557 4252 modo
579 4183 727 4266 leonem,
751 4180 854 4251 modo
879 4203 1025 4271 agnum,
1048 4180 1153 4252 modo
1174 4203 1328 4252 vermem
