3078 4798
254 331 324 392 358
601 338 642 386 on
663 338 764 386 ansus
785 337 1007 387 annullamus

267 477 339 549 sole
365 472 524 556 lucidior,
560 494 737 564 nunqnam
765 482 881 544 tamen
914 472 993 545 ideo
1018 469 1251 546 lldebrandini
1282 475 1343 561 tui,

266 620 372 692 quem
404 606 443 667 ut
475 594 670 666 Mediolano
702 593 783 666 olim
810 591 1049 680 Ambrosium,
1077 595 1128 668 sic
1149 595 1210 666 tibi
1236 618 1346 690 nuper

266 722 467 816 episcopum
493 719 604 790 Roma
626 715 826 798 transmisit,
846 718 977 788 clarum
998 739 1124 790 nomen
1144 717 1348 792 obscurabi-

267 853 346 925 tur,
364 861 542 934 nunquam
561 841 651 912 lama
670 838 845 921 morietur,
866 861 970 931 quam
989 839 1023 910 in
1041 842 1131 914 coelo
1149 841 1274 915 vivens
1290 843 1345 914 ille

266 965 384 1036 vivam
412 963 512 1056 liquit
532 963 566 1033 in
589 962 711 1044 terris;
738 972 773 1033 et
795 961 875 1032 licet
896 963 970 1052 ipse
992 961 1093 1034 bonis
1116 987 1208 1036 nunc
1227 964 1346 1038 ineffa-

267 1085 393 1158 bilibus
410 1085 594 1156 ahundans
620 1081 796 1176 popularis
817 1103 915 1154 aurae
938 1085 1094 1156 favorem
1115 1087 1346 1180 plausumque

265 1229 334 1280 non
361 1207 484 1300 cupiat,
512 1227 616 1298 quem
643 1204 760 1277 adbuc
784 1205 820 1274 in
846 1225 953 1276 carne
978 1207 1115 1300 positus
1136 1209 1206 1278 alto
1230 1207 1345 1279 animo

264 1330 448 1422 despexit,
476 1351 596 1402 carere
621 1340 736 1400 tamen
762 1349 819 1411 eo,
846 1328 913 1398 etsi
935 1328 1038 1400 valde
1063 1330 1155 1415 velit,
1182 1338 1344 1424 nequeat.

264 1454 349 1525 Haec
366 1452 487 1545 gloriae
507 1464 631 1524 natura
649 1464 726 1534 cst3
748 1450 921 1541 fugientes
940 1450 1176 1542 consequitur,
1195 1453 1346 1524 celebrat

264 1577 321 1646 vel
342 1575 479 1659 invitos,
499 1585 534 1645 et
555 1595 649 1669 saepe
667 1574 812 1644 nimium
833 1574 887 1644 sui
905 1571 1055 1666 cupidos·
1070 1574 1218 1664 fugitiva
1237 1574 1345 1648 desti-

264 1700 338 1770 tuit.
373 1698 554 1782 Quomodo
591 1706 711 1766 autem
739 1695 838 1768 rivus
867 1704 1042 1768 aresceret
1075 1696 1216 1789 perenni
1252 1699 1345 1768 tonte

262 1819 493 1903 descendens,
520 1830 581 1889 aut
606 1817 783 1911 quomodo
813 1818 897 1890 solis
930 1819 1027 1892 radio
1061 1819 1218 1911 percussi
1244 1819 1344 1892 densi

261 1941 418 2037 corporis
435 1940 559 2012 umbra
577 1939 767 2014 deficeret?
785 1941 954 2034 Equidem
978 1941 1070 2013 unde
1086 1944 1177 2014 fama
1193 1943 1343 2014 hominis

261 2065 431 2156 originem
453 2064 561 2148 ducit,
585 2075 621 2135 et
652 2065 753 2137 cuius
781 2063 914 2136 umbra
933 2074 1002 2149 est,
1033 2065 1145 2137 virtus
1173 2066 1249 2160 ipsa
1275 2086 1343 2137 non

262 2184 417 2258 moritur.
444 2185 547 2257 Facio
572 2206 639 2278 ego
665 2187 789 2258 lratrcs
812 2186 845 2257 in
872 2185 927 2258 his
954 2187 1090 2272 litteris,
1112 2185 1208 2280 quod
1233 2187 1343 2261 divini

262 2308 430 2380 sermonis
453 2308 642 2382 auctoritas
664 2308 780 2392 iubet;
800 2330 869 2380 non
889 2308 993 2380 laudo
1014 2309 1190 2382 hominem
1215 2309 1249 2381 in
1270 2310 1342 2384 vita

261 2454 334 2515 sua,
356 2433 418 2504 sed
441 2442 478 2502 nt
495 2433 542 2505 ait
562 2431 779 2516 Ambrosius
801 2431 915 2518 laudo⁸
928 2442 1006 2527 post
1026 2433 1229 2526 periculum,
1252 2455 1341 2530 prae-

260 2555 337 2627 dico
351 2576 523 2640 securum,
539 2555 643 2628 laudo
660 2554 792 2628 felicem
806 2555 926 2627 mundi
941 2565 1091 2639 nautam,
1107 2555 1170 2628 sed
1187 2557 1221 2626 in
1238 2569 1341 2652 portu

259 2677 337 2750 coeli
355 2697 501 2750 ancoras
519 2677 730 2750 habentem:
757 2679 863 2750 laudo
879 2678 1004 2750 ducem
1022 2677 1058 2753 in
1076 2678 1233 2750 terrestri
1250 2699 1340 2772 prae-

258 2799 304 2870 lio
324 2801 523 2892 gloriosum,
546 2801 663 2874 sedin
682 2802 813 2874 coelesti
834 2801 961 2893 palatio
981 2809 1017 2872 et
1036 2800 1071 2872 in
1087 2822 1172 2903 arcu
1188 2800 1340 2872 aetbereo

259 2923 550 3015 triumphantem;
570 2945 640 2994 non
661 2922 754 3016 quod
775 2943 831 2994 me
851 2924 997 2994 multum
1021 2933 1143 3014 urgeat
1163 2923 1220 2994 illa
1241 2923 1336 3008 ratio,

236 3128 238 3132 Ι
258 3065 302 3114 ne
324 3043 500 3116 laudatum
519 3053 628 3118 tentet
644 3045 755 3130 elatio,
774 3045 832 3117 eui
849 3068 1026 3138 nunquam
1045 3045 1092 3118 ad
1108 3046 1199 3120 illius
1217 3057 1337 3140 pectus

258 3165 474 3238 notissimam
493 3167 696 3240 humilitatis
713 3189 827 3240 arcem
844 3167 960 3241 aditus
977 3169 1056 3240 luit:
1075 3190 1138 3242 sen
1156 3191 1201 3240 ne
1216 3181 1339 3242 noceat

257 3289 410 3362 adulatio
431 3289 591 3376 laudanti,
615 3292 675 3385 qui
696 3313 817 3385 parum
840 3301 943 3375 certe,
966 3292 1026 3383 qni
1046 3290 1161 3384 tepide
1181 3292 1226 3364 de
1245 3291 1337 3364 illius

258 3415 360 3486 laude
377 3413 471 3508 loqui
493 3414 614 3498 timec,
642 3415 725 3507 quia
744 3414 811 3486 viri
833 3413 952 3508 optimi
980 3414 1195 3486 sanctitatem
1215 3435 1338 3507 pccca-

259 3535 342 3608 toris
367 3535 516 3608 hominis
541 3536 652 3609 verba
672 3559 740 3608 non
766 3548 921 3629 aequant.
946 3535 1077 3607 Verum
1102 3545 1218 3606 autem
1244 3535 1339 3628 loqui

259 3679 385 3751 spero:
412 3657 477 3730 hoc
500 3659 580 3742 scio,
601 3659 698 3752 quod
719 3681 786 3731 non
808 3658 965 3730 mentior.
986 3658 1077 3742 Quid
1094 3659 1187 3729 enim
1204 3657 1337 3730 adulari

259 3780 407 3872 cogitem
431 3783 567 3874 sepulto
587 3781 682 3874 quod
703 3782 836 3854 viventi
856 3780 1055 3868 noluissem,
1083 3790 1144 3853 aut
1164 3780 1339 3875 quomodo

255 3902 401 3974 audeam
423 3925 538 3976 coram
561 3904 678 3978 omnia
698 3904 838 3977 vidente
861 3903 1007 3989 mentiri,
1030 3906 1124 3997 quod
1144 3925 1260 3977 coram
1278 3923 1338 3976 eo-

253 4023 335 4094 dem
355 4022 439 4094 dum
460 4025 575 4099 adbuc
600 4025 690 4098 intra
710 4047 914 4120 corporeum
941 4023 1338 4118 ergastulum‘inolusns

253 4146 341 4216 torte
359 4144 560 4218 humanitus
576 4149 646 4218 falli
661 4159 791 4240 posset,
813 4171 922 4222 ausus
940 4172 1009 4221 non
1026 4149 1198 4222 fuissem?
1214 4150 1338 4222 Testor
