2958 4804
263 326 322 384 mo
604 338 644 382 us
667 338 767 384 uenus
788 337 1010 384 enuntiamus

263 475 309 545 sit
341 483 511 565 uterque:
545 482 748 565 tantamque
775 472 859 542 mibi
887 473 1105 544 dulcedinem
1133 473 1234 544 affert
1268 472 1361 544 iacti

263 593 441 677 memoria,
463 606 632 686 quantum
660 595 723 666 vix
748 595 1038 668 obtrectatoribus
1067 596 1154 666 meis
1181 597 1362 668 amaritu-
1466 624 1468 685 t

261 719 354 791 dinis
380 717 596 810 importaret,
623 717 654 788 si
680 721 748 789 tale
774 719 906 812 aliquid
936 741 1006 789 non
1030 717 1143 788 dicam
1176 720 1358 798 facerent,

262 862 307 911 ue
326 839 576 934 impossibilem
597 841 830 912 conditionem
857 840 1026 912 adhibere
1047 840 1185 922 videar,
1208 841 1274 912 sed
1300 842 1360 912 sa·

262 985 343 1035 cere
358 975 578 1055 cogerentur.
597 963 806 1034 Accesserat
821 963 1035 1034 haercditatis
1051 963 1198 1034 huiusce
1213 963 1261 1034 de
1277 986 1358 1056 qua

264 1089 386 1179 loquor
411 1087 532 1178 quinta
556 1087 719 1178 quaedam
745 1087 927 1180 particula,
950 1086 1093 1178 reliquis
1116 1085 1259 1178 quidem
1285 1087 1357 1158 im·

265 1233 338 1304 par,
357 1209 420 1281 sed
439 1231 521 1302 quae
541 1212 695 1281 locorum
717 1210 894 1281 vicinitate
914 1208 977 1279 tibi
992 1209 1253 1280 convenientior
1269 1211 1355 1280 visa

265 1334 320 1404 sit.
342 1335 440 1404 Hauc
464 1355 578 1428 nuper
593 1333 746 1405 oblatam
767 1333 851 1402 mibi
867 1331 1020 1426 eripiens
1038 1329 1100 1401 tibi
1115 1331 1207 1404 dedi.
1226 1333 1354 1423 ltaque

265 1478 330 1550 per
350 1456 442 1527 bunc
467 1455 582 1550 ipsum
609 1456 774 1527 nuncium
796 1455 1005 1548 apostolicas
1024 1455 1157 1524 litteras
1176 1453 1350 1546 excipies,

266 1581 301 1651 in
332 1579 462 1672 quibus
496 1587 531 1650 te
564 1579 798 1650 Mutinensem
830 1578 1035 1649 canonicum
1067 1579 1194 1648 lactum
1231 1577 1349 1668 leges,

266 1724 433 1796 measque
454 1702 572 1785 simul,
591 1701 720 1794 quibus
739 1712 773 1771 te
788 1700 881 1772 illius
898 1700 997 1772 urbis
1012 1699 1154 1772 dominc
1169 1721 1351 1772 commen-

265 1825 419 1896 dandum
440 1825 540 1908 duxi,
560 1823 619 1894 cui
639 1846 745 1916 quam
766 1823 832 1894 sim
852 1844 958 1894 carus
977 1823 1069 1895 nosti
1093 1824 1233 1915 optime.
1258 1820 1349 1894 vine

266 1953 414 2016 nuncet
433 1946 469 2016 in
490 1946 629 2018 silentio
649 1945 763 2018 iudica
782 1954 914 2038 quanta
933 1943 1023 2016 fides
1040 1946 1097 2016 vel
1117 1944 1255 2016 illorum
1275 1966 1348 2016 ma-

266 2067 415 2153 ledictis,
441 2070 497 2139 vel
517 2068 605 2170 meis
625 2067 888 2140 defensionibus
910 2067 955 2136 sit
975 2065 1153 2138 habenda:
1173 2075 1267 2138 notae
1288 2064 1347 2136 tibi

267 2200 350 2262 sunt
369 2201 499 2284 partes,
518 2201 652 2262 rectum
670 2190 850 2275 iudicium,
868 2211 972 2282 aeqna
987 2192 1082 2260 lanx.
1103 2190 1163 2259 Sin
1182 2187 1346 2260 indicium

266 2335 384 2386 meum
405 2314 474 2396 vis,
494 2315 638 2386 Senecae
655 2313 775 2386 verbis
795 2312 881 2385 illud
901 2313 1037 2406 accipe:
1055 2313 1159 2382 nitito
1171 2314 1282 2404 ptun's
1298 2335 1348 2382 mc

266 2436 383 2506 iturum
404 2439 505 2506 verbu
521 2441 647 2527 facere,
668 2459 768 2526 quum
787 2446 904 2505 ventre
923 2433 1065 2506 redditos
1084 2436 1236 2528 crepitus.
1256 2435 1348 2519 Quid
1473 2475 1474 2478 =

266 2557 371 2644 enim,
390 2581 452 2630 oro
470 2568 519 2644 te,
539 2561 645 2647 refert
660 2582 730 2652 qua
751 2569 847 2652 parte
862 2557 1019 2652 corporis
1036 2557 1183 2652 turpiter
1203 2561 1348 2630 sonent?
1473 2543 1474 2628 Ϊ

267 2679 312 2748 Et
342 2681 497 2774 prolecto
521 2683 615 2752 nulla
642 2681 738 2753 stulti
763 2704 825 2780 cre
850 2703 932 2774 pars
956 2680 1140 2753 obscenior
1165 2691 1231 2754 est.
1256 2681 1349 2765 Quid

267 2810 382 2873 autem
404 2804 480 2874 aliis
502 2804 671 2875 intentum
693 2805 891 2896 importuno
911 2807 1037 2876 latratu
1053 2803 1223 2876 rabidi-et
1241 2805 1349 2876 lame-
1473 2805 1474 2846 l

266 2922 323 2994 lici
341 2945 447 2997 canes
466 2925 673 3016 exagitant?
692 2923 747 2994 An
763 2927 883 2997 forsan
899 2925 1062 3010 oderunt,
1080 2925 1252 2998 etodium
1269 2947 1349 2999 ver·

267 3042 322 3113 bis
334 3045 486 3135 explent,
501 3045 667 3135 ignavum
685 3049 814 3138 vulgus
831 3057 868 3118 et
883 3047 1036 3132 imbelle,
1049 3047 1180 3142 quibus
1197 3047 1348 3122 sordide

267 3169 396 3261 linguae
415 3168 512 3240 acies
535 3172 611 3242 sola
635 3173 716 3242 est?
742 3169 789 3242 At
813 3192 877 3242 our
904 3171 1041 3244 oderint
1066 3171 1169 3244 nullis
1194 3193 1345 3264 unquam
1473 3241 1474 3248 ,

266 3289 402 3362 iniuriis
421 3291 588 3378 lacessiti,
610 3293 680 3364 nisi
699 3313 836 3364 morum
857 3294 1011 3387 vitaeque
1029 3294 1285 3367 dissonantiam
1303 3291 1347 3366 ad
1473 3367 1474 3372 ,

267 3411 428 3484 iniuriam
441 3413 605 3486 trabunt?
623 3413 679 3486 An
697 3413 814 3508 potius
832 3415 1013 3488 invident?
1032 3415 1102 3488 Sed
1120 3413 1210 3488 inter
1230 3436 1345 3510 pares,

267 3543 306 3608 ut
329 3534 466 3621 dicitur,
489 3556 570 3608 esse
596 3541 686 3611 solet
710 3537 852 3612 invidia.
878 3537 935 3609 An
958 3539 1046 3612 forte
1066 3537 1155 3612 ebrii
1175 3541 1349 3612 somniant
1428 3577 1432 3585 ‚

266 3658 353 3728 etin
371 3658 505 3732 somnio
522 3661 732 3754 loquuntur?
748 3662 821 3734 Hoc
837 3661 958 3734 verius
970 3661 1118 3756 opinari,
1134 3661 1202 3735 hoc
1217 3661 1348 3734 sentire

267 3780 459 3852 maluerim.
497 3783 647 3857 Somnus
683 3795 832 3856 excuset
867 3785 1065 3856 amentiam.
1094 3785 1203 3856 Multa
1227 3784 1349 3858 dicum
1473 3783 1474 3806 ³

267 3910 304 3974 et
332 3901 462 3974 faciunt
491 3902 720 3990 dormientes,
755 3927 904 3998 quorum
937 3905 1136 3978 meminisse
1169 3915 1350 3999 nequeunt

267 4025 480 4116 experrecti:
502 4025 716 4112 multisunt,
739 4049 888 4120 quorum
909 4027 981 4100 vita
1003 4049 1116 4122 usque
1140 4027 1188 4100 ad
1212 4026 1348 4102 exitum

268 4161 413 4214 somnus
433 4152 498 4216 est.
521 4146 616 4230 lieo,
640 4147 764 4232 amice,
784 4148 856 4240 tibi,
880 4160 949 4222 tam
973 4152 1177 4243 scrupuloso
1196 4148 1348 4222 dictante
