3002 4794
262 327 298 388 ll
602 337 642 383 ns
664 333 765 385 annus
786 335 1008 384 arianimirus

259 479 354 547 furor
368 483 485 545 noster
498 475 565 544 late
579 476 697 556 notus¹
706 480 741 542 et
755 491 818 542 nos
828 459 991 542 essemus
1001 474 1204 564 populorum
1214 474 1339 546 labala.

259 598 426 683 Quotiens
448 596 602 692 syllabas
622 593 882 664 contorsimus‘?
907 593 1067 684 quotiens
1095 594 1203 666 verba
1228 608 1341 669 trans-

259 718 587 810 tulimus‘ldeniqne
600 716 684 808 quid
698 739 765 787 non
778 715 931 800 lecimus,
948 725 987 786 ut
1000 738 1097 787 amor
1109 717 1175 799 ille,
1191 739 1296 810 quem
1310 718 1340 788 si

257 844 465 934 extinguere
486 861 555 910 non
576 849 661 923 erat,
684 848 719 910 at
737 841 862 909 saltem
881 839 950 930 tegi
964 839 1175 911 verecundia
1188 840 1337 925 iubebat,

257 964 485 1060 plausibiliter
508 965 713 1034 caneretur?
727 959 972 1032 Laudabamur
990 959 1025 1030 in
1043 960 1169 1032 studiis
1191 963 1336 1048 nostris,

256 1098 291 1159 et
320 1085 433 1179 capita
460 1083 680 1156 delirantium
718 1082 908 1176 peccatoris
941 1085 1055 1154 oleum
1089 1083 1338 1178 impinguabat.

257 1210 327 1280 Sed
346 1206 527 1278 ineffabilis
545 1197 604 1276 Dei
621 1206 732 1299 pietas
754 1225 900 1296 gressus
923 1214 1001 1278 tuos
1022 1205 1154 1278 interea
1173 1207 1340 1298 pedeten-

256 1332 316 1401 tim
338 1327 522 1400 revooabat
542 1328 587 1400 ad
608 1337 740 1398 rectum
766 1327 843 1413 iter,
871 1338 907 1400 et
933 1327 1234 1408 satietatererum
1258 1349 1339 1422 per-

218 1512 219 1515 ,
254 1451 408 1524 euntium
429 1471 588 1545 praeceps
605 1449 690 1521 illud
706 1450 921 1522 desiderium
938 1450 1142 1543 castigabat,
1158 1459 1196 1521 ut
1210 1450 1339 1522 scilicet

255 1574 408 1646 diversis
424 1571 589 1644 aetatibus
612 1571 795 1664 utrobique
809 1573 933 1658 incola,
948 1574 1034 1666 quid
1045 1573 1232 1646 interesset
1248 1573 1338 1644 inter

254 1697 467 1792 Babylonem
514 1705 627 1788 atque,
668 1696 857 1766 Ierusalem
903 1706 1073 1790 expertus
1116 1714 1337 1787 agnosceres.

254 1820 282 1888 Ο
304 1819 501 1891 misericors
523 1821 626 1902 Deus,
649 1841 754 1910 quam
776 1819 878 1891 tacite
899 1819 1065 1904 consulis,
1085 1839 1191 1912 quam
1204 1819 1338 1890 occulte

256 1939 437 2025 subvenis,
453 1963 556 2032 quam
571 1941 819 2012 insensibiliter
832 1943 1005 2014 mederis!
1022 1942 1114 2027 Quid
1124 1940 1216 2012 enim
1232 1941 1337 2012 tantis

254 2063 445 2148 laboribus,
464 2063 555 2134 bone
573 2064 668 2148 lesu,
689 2063 773 2156 quid
788 2064 882 2136 aliud
895 2064 963 2134 nisi
976 2085 1131 2135 amorem
1145 2065 1335 2148 mortalem,

254 2186 361 2257 immo
379 2207 465 2258 vero
486 2186 701 2257 mortiferum
722 2185 951 2278 petebamus?
969 2185 1070 2257 cuius
1095 2205 1160 2256 nos
1180 2186 1335 2256 fallacem

253 2319 289 2381 et
313 2309 431 2380 multis
458 2308 615 2380 sentibus
640 2306 791 2378 obsitam
817 2308 1025 2380 suavitatem
1052 2307 1220 2399 attingere
1240 2329 1335 2378 sum-

252 2438 415 2500 motenus
436 2429 640 2520 permisisti,
663 2449 707 2500 ne
728 2429 862 2521 grande
883 2429 1013 2523 aliquid
1030 2429 1336 2522 inexpertisvide-

253 2559 365 2620 retur:
382 2538 422 2618 ‘et
449 2569 492 2618 ne
518 2559 613 2620 tanta
637 2560 735 2620 esset
759 2557 799 2620 nt
822 2550 1041 2645 opprimeret,
1065 2549 1335 2622 misericorditer

252 2670 452 2764 providisti,
465 2670 597 2742 deliciis
619 2647 748 2742 nostris
769 2673 919 2744 emedio
936 2673 1094 2758 sublatis,
1110 2695 1190 2744 cum
1204 2671 1333 2765 quibus

251 2794 400 2868 dextera
408 2804 466 2866 tua
477 2815 558 2887 spes
567 2803 734 2888 nostrase
743 2803 835 2864 terra
846 2813 947 2888 paene
956 2795 1122 2868 radicitus
1131 2795 1332 2888 extirpavit.

251 2917 397 2987 luvenili
419 2926 523 2988 aetate
540 2917 713 2988 revocasti
730 2937 804 3001 eas,
821 2927 932 2988 morte
945 2917 1085 3011 quidem
1098 2925 1137 2987 ut
1151 2933 1254 3009 spero
1266 2915 1333 2986 illis

250 3035 334 3120 utili,
347 3036 447 3108 nobis
462 3031 722 3111 necessariallt
734 3037 907 3110 abstulisti
920 3060 941 3110 a
954 3037 1054 3110 nobis
1068 3013 1262 3109 animarum
1270 3058 1333 3107 no-

251 3165 403 3230 strarnm
413 3159 562 3230 vincula.
575 3160 622 3228 Et
633 3167 758 3243 tamen,
774 3180 1013 3232 ocoecamens
1027 3158 1332 3252 mortaliumlquo-

250 3279 340 3350 tiens
359 3280 474 3373 questi
494 3301 616 3352 snmus
633 3281 735 3374 quasi
756 3293 837 3354 ante
860 3292 996 3376 tempus
1023 3279 1208 3354 accidisset
1236 3279 1332 3372 quod

249 3403 713 3474 comsummovilaenostrae
726 3402 925 3474 discrimine
938 3401 1331 3494 trahebatur,antquasi

249 3526 402 3594 salutare
423 3524 555 3617 aliquid
573 3515 856 3619 intempestivum
876 3524 935 3595 sit!
953 3525 1046 3608 Quot
1065 3523 1228 3618 suspiria,
1246 3533 1331 3616 quot

248 3647 414 3729 lamenta,
437 3656 522 3739 quot
542 3637 702 3718 lacrimas
729 3647 764 3716 in
789 3655 915 3718 ventos
941 3646 1142 3730 effudimus,
1172 3654 1208 3716 et
1233 3666 1330 3716 more

159 3827 160 3830 ,
248 3769 528 3858 phreneticorum
546 3769 679 3840 medico
696 3777 817 3840 nostro
836 3770 1059 3854 insultantes,
1078 3789 1218 3838 manum
1234 3775 1328 3838 tuam

247 3891 454 3982 repulimus,
482 3891 631 3961 lenimen
658 3889 826 3981 optimum
852 3885 982 3964 nostris
1005 3889 1210 3962 vulneribns
1230 3888 1330 3958 adbi-

248 4007 402 4080 bentem!
426 4011 523 4082 Nunc
544 4031 643 4102 ergo,
663 4010 719 4082 dic
740 4011 834 4097 mihi,
849 4013 905 4084 vir
916 4016 988 4084 Deo
1000 4033 1047 4084 ex
1066 4013 1169 4107 hoste
1184 4011 1330 4098 familia-

248 4130 308 4218 ris,
331 4155 377 4204 ex
395 4132 600 4208 adversario
619 4133 724 4217 civis,
746 4133 803 4204 dic
823 4136 921 4220 milri,
937 4135 1100 4232 quoniam
1116 4141 1152 4204 et
1168 4133 1235 4220 istc
1248 4153 1329 4226 per-
