2988 4800
373 353 464 399 arasa
488 353 700 402 naooacrucs.
715 373 754 386 -
769 357 921 406 aristosa
943 361 984 407 m.
1160 352 1217 412 ria

563 663 737 726 tristem
760 665 803 727 lll.

293 854 487 902 rannctscds
509 855 676 904 Paralum
699 857 834 904 ZENOBIO
857 859 1063 909 GRAMMATICO

505 960 707 1008 FLORENTINO
729 962 754 1008 S.
779 963 804 1009 P.
828 965 857 1010 D.

225 1132 361 1187 Hortatur
375 1137 421 1201 ut,
437 1133 573 1204 despectis
587 1137 771 1204 grammaticae
787 1139 902 1208 scholis,
919 1141 952 1194 ad
969 1141 1130 1196 sublimiora

567 1231 689 1280 mentem
703 1227 798 1296 erigat.

237 1503 300 1571 llle
320 1501 374 1571 vir
392 1503 515 1585 clarus,
531 1525 635 1596 quem
653 1501 807 1575 certatim
830 1502 982 1596 gaudent
1000 1515 1035 1576 et
1055 1506 1222 1597 genuisse

141 1623 315 1693 Florentia
336 1635 371 1694 et
396 1624 559 1718 Neapolis
584 1625 779 1717 possidere,
798 1627 897 1697 cuius
915 1628 1071 1699 humeris
1090 1629 1135 1700 ad
1153 1632 1226 1720 glo-

143 1746 243 1829 riam,
268 1753 307 1815 ut
327 1747 497 1818 Herculeo
522 1748 699 1840 quondam
726 1750 783 1820 vel
808 1749 968 1820 Atlanteo
993 1752 1118 1820 coelom
1145 1773 1225 1821 ver-

143 1869 212 1954 tici,
235 1890 309 1938 non
329 1869 374 1939 ad
394 1891 545 1961 poenam,
569 1881 607 1941 ut
627 1871 799 1961 giganteis
820 1872 923 1942 AEtna
940 1873 1152 1957 cervicibus
1174 1874 1226 1943 in-

142 1991 275 2063 cumbit
300 2014 391 2061 nuuc
417 1992 541 2083 ingens
561 1992 712 2064 trinacrii
730 1994 829 2083 regni
847 1996 968 2078 moles,
989 1994 1054 2077 ille,
1074 1996 1224 2088 inquam,

142 2137 246 2185 manu
284 2135 349 2184 sua
374 2112 528 2184 mirificae
560 2115 763 2185 humilitatis
799 2115 899 2185 simul
934 2124 969 2186 et
1001 2117 1224 2189 humanitatis

142 2239 325 2333 epistolam
348 2236 499 2331 scripsit,
522 2237 621 2307 cuius
645 2258 814 2331 unapars
841 2237 875 2307 in
901 2235 990 2307 hanc
1015 2241 1122 2308 terme
1145 2262 1225 2310 sen-

142 2361 286 2432 tentiam
310 2359 436 2452 scripta
456 2369 545 2445 erat,
569 2371 615 2445 ut,
639 2368 719 2454 post
739 2360 868 2431 dictam
890 2360 975 2429 mihi
996 2361 1227 2432 honorificen-

143 2485 317 2555 tissimam
339 2484 494 2568 salntem,
519 2505 687 2575 supereo
710 2483 804 2576 quod
824 2483 869 2554 ad
892 2484 1025 2554 litteras
1043 2507 1141 2556 meas
1158 2510 1226 2558 non

143 2604 404 2699 respondisset,
443 2606 574 2677 urbana
612 2607 794 2679 excusatio
836 2616 1052 2700 sequeretur,
1090 2612 1226 2704 culpam

144 2753 284 2801 ornnem
319 2729 354 2798 in
386 2729 564 2800 Nicolaum
590 2729 807 2814 Aliiiensem,
829 2731 1086 2823 Barbatumque
1108 2755 1225 2802 meum

147 2855 346 2931 reflectens,
369 2852 429 2943 qui
453 2873 548 2944 saepe
568 2852 743 2945 requisiti,
768 2853 936 2924 auxiliare
965 2853 1030 2924 sihi
1055 2857 1242 2925 calamum·
1323 2873 1325 2878 ·

146 2978 392 3071 denegassent.
414 2974 520 3068 Atqui
541 2997 608 3067 ego
630 2975 674 3045 ab
694 2975 834 3046 homine
855 2998 1001 3068 magnas
1022 2998 1080 3047 res
1101 2985 1226 3068 agente

149 3101 256 3173 verba
288 3120 502 3194 magnopere
535 3120 604 3169 non
632 3098 783 3191 requiro.
815 3101 890 3170 Scio
921 3113 1043 3183 tamen,
1066 3100 1226 3193 quamvis

147 3223 219 3315 ipse
240 3223 286 3294 de
309 3245 347 3294 se
381 3222 545 3293 humilius
568 3222 701 3306 sentiat,
724 3244 819 3306 eum,
843 3221 872 3292 si
902 3223 1114 3314 respondere
1135 3221 1227 3300 velit,

148 3345 261 3417 aliena
280 3367 346 3437 ope
366 3366 436 3414 non
455 3366 570 3436 egere.
592 3344 680 3415 lllnd
706 3352 836 3429 autem,
864 3345 987 3428 fateor,
1016 3346 1123 3415 multo
1149 3364 1228 3435 gra-

150 3466 217 3538 tius
236 3467 349 3551 fuerit,
370 3468 400 3538 si
421 3490 516 3538 more
535 3489 600 3538 suo
617 3467 734 3558 lingua
753 3477 874 3550 taceat,
895 3488 952 3538 res
973 3468 1165 3558 loquantur,
1184 3473 1226 3548 et,

148 3593 278 3662 calamo
304 3591 514 3683 quiescente,
538 3589 623 3660 mihi
656 3589 928 3661 clarissimorum
960 3611 1105 3682 operum
1138 3589 1229 3656 lama

149 3714 368 3807 respondeat.
392 3714 513 3805 Neque
534 3712 626 3784 enim
649 3713 684 3785 id
711 3712 894 3783 scribendo
910 3712 981 3804 egi,
1001 3719 1040 3782 ut
1064 3712 1230 3802 eloquen-

150 3837 229 3906 tiam
250 3834 318 3906 viri
339 3836 447 3920 illiue,
471 3837 533 3908 sed
564 3846 601 3907 ut
634 3832 924 3926 magnificentiam
944 3834 1145 3904 excitarem.
1171 3833 1231 3903 nt-

150 3969 219 4028 tera
233 3967 321 4042 erat,
338 3966 376 4027 ut
397 3968 429 4028 te
453 3981 630 4030 moverem
651 3959 718 4028 iam
733 3957 885 4040 tandem,
902 3967 939 4028 ut
961 3957 1097 4027 scholas
1116 3977 1230 4046 gram-

151 4083 288 4153 maticae
309 4082 515 4164 dimitteres,
538 4103 652 4174 neque
674 4091 778 4152 totam
801 4079 907 4150 uitam
930 4079 964 4149 in
985 4078 1107 4149 Donati
1128 4100 1231 4170 regu-

155 4205 208 4290 lis,
237 4217 275 4275 ut
298 4206 407 4278 uerbo
433 4208 509 4279 eius
544 4216 632 4291 utar,
655 4205 840 4276 amitteres
875 4207 951 4276 Duo
984 4204 1060 4275 haec
1080 4204 1115 4273 in
1140 4202 1229 4272 illius
