2958 4804
351 342 444 392 mesu
466 341 759 400 Qunnrusnuuruus
773 363 805 374 -
822 345 975 394 nmsruun
997 345 1048 394 ru.
1181 333 1240 396 303

574 653 751 721 EPISTOLA
771 654 828 720 vll.
883 659 885 664 '

249 847 443 900 rnnnclscus
465 848 633 899 Pnrnnncn
653 850 784 900 uuluam
804 851 958 903 EPISGOPO
979 852 1156 905 PORTUENSI

539 955 712 1009 uuunlnnur
734 956 759 1006 S.
782 957 810 1006 P.
831 958 861 1007 D.

252 1120 372 1176 Nunniat
385 1137 415 1176 se
429 1136 494 1175 eum
509 1120 618 1177 duobus
632 1121 775 1178 mensibus
788 1121 892 1178 frustra
907 1129 1055 1197 oppertum
1069 1123 1154 1181 fuisse

318 1215 347 1264 et
362 1210 416 1264 iam
432 1210 573 1266 Avenione
585 1210 742 1283 digressum
756 1212 786 1268 in
801 1212 909 1270 Italiam
922 1229 1082 1287 properare.

261 1452 449 1524 Licentiam
474 1450 626 1524 abeundi
658 1471 764 1546 quam
799 1453 883 1524 mihi
915 1453 1113 1546 digrediens
1134 1459 1244 1532 verbo

163 1573 324 1658 dederas,
338 1571 495 1644 remissis
513 1593 560 1642 ex
577 1571 698 1644 itinere
711 1571 834 1648 litteris
848 1572 1039 1660 abstulisti,
1054 1575 1087 1646 in
1102 1577 1241 1669 quibus,

163 1695 259 1789 quod
293 1702 362 1766 ture
395 1692 552 1766 mirificas
583 1695 734 1768 lenitatis
762 1695 840 1782 suit,
866 1717 971 1788 rogas
1004 1718 1045 1770 ae
1076 1701 1242 1771 consulis.

163 1819 266 1904 Quod
285 1839 376 1890 meae
401 1816 541 1920 devora
560 1818 765 1890 humilitatis
790 1827 859 1907 est,
887 1841 1008 1916 praees
1034 1841 1075 1894 ae
1100 1822 1245 1895 consilia

165 1963 227 2036 pro
247 1941 431 2038 praeceptis
452 1940 592 2034 accipio.
614 1943 747 2035 Rogas,
770 1942 924 2036 inquam,
953 1966 993 2016 an
1018 1946 1172 2018 consulis
1199 1969 1243 2018 ne

164 2088 220 2138 me
238 2066 315 2136 loco
336 2085 510 2149 moveam,
535 2064 646 2137 donee
667 2066 724 2135 vel
744 2056 820 2156 ipse
841 2066 967 2139 redeas
993 2070 1048 2138 vel
1069 2067 1243 2140 rescribas

165 2187 316 2279 quadam
332 2186 377 2258 de
394 2209 433 2258 re
450 2209 586 2280 magna,
610 2195 789 2279 tangente,
812 2197 850 2258 ut
870 2187 940 2274 ais,
963 2199 1091 2260 statum
1114 2211 1244 2273 meum;

163 2311 220 2381 eui
236 2331 300 2405 pro
318 2309 452 2382 viribus
471 2309 695 2403 provehendo
708 2319 777 2382 nete
790 2309 895 2382 offers
909 2310 1124 2383 humanitate
1142 2311 1245 2384 simul

165 2457 206 2506 ac
217 2433 834 2507 liberaliumincredibirinnimvero
847 2434 991 2528 quisbie
1004 2443 1065 2506 aut
1078 2433 1243 2527 gaudium

166 2578 283 2628 meum
304 2557 458 2627 aestimea
473 2563 533 2628 aut
554 2555 786 2627 reverentiam
805 2556 992 2628 metiatur?
1011 2557 1107 2628 Talia
1128 2567 1245 2630 tantus

166 2685 235 2752 tam
255 2677 396 2773 pusillo,
417 2685 454 2748 et
473 2676 568 2769 qued
587 2678 726 2749 laudem
752 2686 846 2748 tuam
874 2677 1038 2770 geminat,
1066 2679 1141 2751 sine
1165 2680 1246 2752 uilis

165 2799 328 2894 precibus
348 2799 448 2884 meis,
471 2821 596 2893 meque
620 2799 759 2892 penitus
785 2801 920 2893 ignaro,
942 2800 1022 2871 lieet
1052 2800 1098 2872 de
1131 2809 1166 2871 te
1199 2801 1246 2870 nii
1334 2801 1347 2818 '

166 2924 232 2996 nisi
250 2924 426 2996 insuetum
443 2943 484 2994 ae
501 2920 724 3014 magnificum
741 2923 926 3017 opinante?
941 2925 1030 3000 Pace
1047 2921 1167 2995 saeculi
1185 2943 1246 2995 no·

169 3045 230 3118 stri
249 3043 402 3118 dixerim
418 3063 488 3115 nen
504 3042 561 3114 hie
580 3042 756 3115 mndemae
772 3044 1038 3118 consuetudinis
1060 3045 1160 3117 stilus
1177 3055 1245 3116 esa.

168 3167 213 3238 Et
231 3167 396 3240 virtutem
418 3175 514 3239 tunm
534 3165 641 3258 igitur
657 3176 693 3238 et
713 3187 826 3238 meam
843 3168 962 3240 mirari
980 3189 1102 3261 sogor,
1116 3190 1157 3240 ae
1174 3170 1248 3240 luu-

167 3289 253 3364 dare
264 3291 448 3362 fortunam.
463 3289 514 3360 Tu
530 3291 668 3361 tuorum
685 3310 751 3360 nee
768 3309 927 3382 praesens
939 3312 1004 3362 nee
1020 3290 1149 3363 absens
1162 3289 1248 3384 obli7

169 3414 330 3496 visceris,
353 3433 466 3507 neque
491 3411 537 3485 ab
562 3412 698 3485 illorum
718 3411 909 3487 commodis
930 3421 1036 3505 atque
1056 3411 1247 3484 honoribus

169 3558 324 3632 unquam
345 3558 478 3610 cessas.
499 3538 588 3629 Ege,
608 3535 638 3607 si
656 3544 792 3608 tuorum
812 3555 903 3607 unus
919 3555 1002 3607 esse
1020 3535 1146 3620 merui,
1163 3531 1248 3604 felix

170 3679 263 3732 sum:
278 3660 315 3733 id
326 3661 420 3734 enim
441 3680 544 3732 nemo
557 3660 633 3733 sine
645 3659 785 3731 virtutis
798 3659 930 3732 auxilio
947 3668 1110 3730 meretur.
1130 3656 1165 3726 Si
1184 3656 1249 3728 hec

170 3783 255 3853 mibi
274 3783 351 3856 sine
370 3782 504 3854 meritis
537 3781 673 3868 accidit,
696 3785 891 3854 fomunatus
926 3782 1048 3853 saltem
1082 3788 1248 3872 astroque

172 3914 289 3990 natur,
310 3905 406 3999 quud
426 3905 536 3988 aiunt,
564 3903 734 3979 benevolo
757 3926 800 3976 ae
822 3903 965 3976 faventi.
992 3900 1163 3996 Equidem
1188 3922 1249 3996 pa-

173 4027 271 4100 rendi
290 4028 418 4101 avidus
438 4049 509 4100 non
527 4049 597 4100 uno
613 4037 763 4113 mutum,
778 4047 882 4120 quam
903 4025 1072 4098 absentiae
1089 4035 1160 4098 tuae
1178 4046 1250 4098 me-

173 4159 240 4224 tam
276 4151 494 4246 praefixeras,
534 4152 596 4224 sed
634 4151 773 4225 duobus
804 4148 1038 4242 nequidquam
1069 4148 1249 4223 mensibus
