3024 4802
350 418 443 468 crona
464 415 931 468 resumendus-ruissent
952 415 1037 466 xv111.
1174 401 1234 463 565

149 565 272 660 primis
306 564 439 635 ratione
472 570 576 633 utens
610 561 752 645 animal,
785 557 850 630 hcc
883 567 937 631 est
962 558 1151 642 hominem,
1179 557 1236 628 cui

150 711 236 761 vera
256 685 386 758 scilicet
406 685 488 756 insit
507 683 720 767 humanitas
744 683 795 755 sic
813 694 893 755 ante
911 679 996 752 alios
1015 681 1174 752 homines
1192 690 1233 764 le,

151 811 207 884 cui
226 821 262 882 et
282 809 372 882 ratio
396 826 476 880 esse
501 804 647 878 deberet
672 805 814 878 uberior
839 813 874 877 et
901 804 1089 898 singularis
1115 804 1237 896 religio

151 955 192 1007 ac
217 935 346 1027 pietas,
373 951 494 1026 pacem
522 950 651 1012 amare,
679 949 801 1021 pacem
827 947 1003 1020 quaercrc3
1029 947 1156 1020 nempe
1177 927 1238 1020 qui

151 1053 213 1127 tibi
233 1054 365 1126 dictum
386 1052 549 1124 crederes
567 1050 774 1122 Davidieum
799 1049 886 1122 illud
914 1049 1010 1144 quod
1040 1048 1237 1142 saepissime

151 1177 371 1249 decantares:
394 1175 523 1264 inquire
539 1193 658 1267 pacem
679 1183 710 1243 et
726 1193 923 1268 persequere
943 1194 1035 1243 eam:
1055 1173 1125 1243 nisi
1150 1173 1238 1243 forte

151 1298 248 1372 dicas
270 1309 304 1370 te
323 1299 414 1370 illam
436 1297 556 1391 utique
580 1297 761 1391 persequi,
789 1297 850 1391 qui
870 1318 964 1381 eam,
995 1305 1032 1368 ut
1056 1295 1236 1383 videmus,

152 1421 281 1495 finibus
302 1423 372 1494 tuis
402 1423 539 1514 pulsam
563 1423 708 1493 exulare
733 1419 901 1512 coegeris.
925 1419 994 1492 Sed
1014 1419 1099 1514 quid
1124 1421 1238 1493 eidem

152 1547 250 1639 regio
273 1545 456 1640 Prophetae
477 1543 624 1616 dicimus
643 1543 818 1615 clamanti:
836 1555 949 1638 requie
970 1565 1042 1634 quoe
1063 1541 1107 1613 cd
1121 1565 1239 1638 puceu

151 1679 230 1739 suut
264 1666 466 1738 Jerusalem?
491 1667 553 1759 qui
587 1666 700 1739 sciens
730 1665 765 1738 in
800 1688 885 1759 pace
906 1687 1044 1738 omnem
1065 1666 1238 1739 bonorum

152 1791 380 1865 abudantiam
401 1809 498 1874 esse,
521 1809 660 1862 omnem
683 1789 861 1875 iustitiam,
880 1812 1019 1863 omnem
1041 1789 1241 1864 delectatio-

152 1937 235 1987 nem
272 1935 312 1985 ac
350 1921 549 1985 sanctarum
586 1913 781 1986 animarum
819 1914 991 2007 requiem,
1028 1913 1111 1984 vide
1153 1911 1239 2006 quid

129 2013 308 2108 addidit:
334 2043 365 2103 et
390 2031 598 2102 abundantia
622 2032 830 2120 diliqeutibus
857 2045 896 2102 te.
923 2035 967 2105 llt
1005 2035 1146 2106 iterum:
1181 2037 1240 2127 fiat

149 2183 228 2254 pom
247 2163 284 2231 iu
305 2159 426 2228 uirtute
449 2167 520 2240 tua,
541 2165 577 2226 et
597 2156 725 2227 intulit:
753 2167 784 2225 et
808 2153 1015 2226 ubuuduutr'c
1035 2156 1072 2225 iu
1095 2157 1241 2227 turribus

156 2285 230 2354 tuis.
253 2283 298 2354 Et
315 2280 382 2354 alio
403 2281 492 2352 loco:
514 2281 640 2348 orietur
659 2279 697 2348 iu
717 2275 831 2348 diebus
849 2280 918 2348 eius
937 2279 1064 2350 iustitia
1084 2289 1115 2349 ct
1134 2279 1241 2349 oduu-

153 2404 272 2476 durttic
287 2408 391 2499 pacis.
414 2403 459 2502 Et
484 2401 564 2475 alic:
591 2403 757 2472 mausueti
786 2399 1024 2471 haereditabunt
1058 2413 1180 2472 terrum
1211 2413 1242 2472 et

153 2527 404 2601 delectabuntur
421 2529 458 2597 iu
475 2522 686 2596 multitudiue
696 2525 797 2616 pacis.
814 2524 858 2595 Et
874 2543 999 2596 rursus
1013 2524 1095 2595 alio:
1113 2525 1149 2595 iu
1162 2545 1243 2617 poce

153 2655 190 2723 iu
209 2649 352 2744 idipsum
371 2647 533 2720 dormiam
554 2657 585 2716 et
604 2650 815 2737 requiescam.
837 2647 997 2738 Longum
1024 2657 1079 2718 cst
1105 2647 1242 2738 singula

154 2772 330 2866 prosequi.
359 2771 415 2840 Ex
440 2768 568 2863 quibus
595 2768 731 2842 elicitur
756 2767 927 2841 bonorum
955 2769 1110 2840 omnium
1136 2777 1242 2862 atque

155 2891 357 2990 optabilium
379 2915 498 2965 rerum
520 2893 613 2964 bunc
634 2893 781 2992 unicum
801 2893 931 2964 fontem
952 2911 1051 2976 csse,
1074 2912 1144 2984 quo
1164 2911 1243 2963 are·

155 3027 292 3101 scente,
307 3015 498 3111 succedant
514 3025 665 3107 egestae,
683 3015 823 3088 taedium
839 3026 875 3088 et
891 3014 999 3088 labor.
1015 3014 1107 3100 Quid
1124 3023 1243 3086 autem

155 3152 192 3213 et
221 3137 379 3214 Ieremias
413 3134 584 3223 dicemuS,
616 3139 717 3210 cuius
749 3139 807 3209 illa
837 3159 911 3208 vox
937 3140 1058 3223 miror,
1085 3137 1152 3208 nisi
1172 3139 1242 3210 tuis

157 3283 299 3354 semper
332 3256 477 3330 auribus
509 3258 670 3329 insonet:
705 3263 841 3350 quoeritc
879 3279 994 3351 pacem
1031 3261 1173 3330 ciuitatis
1213 3269 1244 3328 ct

157 3393 248 3453 orate
267 3403 328 3475 pro
348 3401 388 3450 eu
408 3375 452 3448 ud
479 3377 673 3462 Dominum,
701 3381 779 3468 quic
804 3379 840 3447 iu
862 3401 946 3472 pace
971 3381 1061 3449 illius
1086 3381 1148 3450 erit
1168 3403 1244 3471 poco

157 3502 272 3574 uobis?
285 3501 339 3571 Ex
354 3501 410 3572 his
423 3510 528 3593 atque
543 3498 715 3570 similibus
734 3519 912 3572 sacrarum
931 3500 1140 3573 testimoniis
1159 3501 1244 3572 scri-

158 3637 356 3720 pturarum,
372 3621 552 3716 inquibus
569 3624 726 3718 apprime
744 3621 883 3696 doctum
903 3633 936 3695 te
954 3623 1132 3719 putabam,
1152 3623 1243 3695 bene

158 3748 204 3822 de
226 3759 268 3833 te,
290 3751 408 3832 irater,
435 3743 616 3843 opinabar,
640 3756 745 3839 teque
766 3747 862 3842 pacis
885 3748 1035 3820 amicum
1058 3749 1142 3818 mibi
1164 3769 1244 3841 per-

160 3891 354 3944 suaseram.
390 3866 460 3941 Sed
496 3867 640 3940 fallcbar
677 3877 716 3940 ut
752 3868 918 3960 intelligo.
958 3869 1010 3940 Tu
1046 3870 1140 3940 enim
1177 3867 1244 3940 sub

161 3993 289 4066 Christi
307 3993 423 4064 tunica
441 3991 540 4062 Marti
569 4011 682 4077 sacer,
710 4000 746 4063 et
771 3993 924 4064 Bellonae
952 3992 1113 4064 devotior
1137 4013 1243 4087 quam

160 4119 291 4202 Mariae,
305 4115 371 4188 sub
385 4115 538 4208 religiosi
552 4113 673 4187 habitu
687 4124 812 4208 tegens
826 4116 1040 4212 propositum
1055 4115 1242 4204 bellatoris,

161 4263 225 4314 nec
247 4241 280 4316 id
302 4261 442 4336 quoque
463 4238 530 4312 iam
551 4249 676 4333 tegens
698 4238 761 4312 scd
779 4239 879 4316 dictis
899 4254 933 4314 ct
954 4240 1053 4314 factis
1070 4241 1241 4334 aporians,
