3078 4798
566 361 607 409 DE
628 359 729 409 REBUS
751 357 973 407 rnuluinuluus

651 654 830 720 EPISTOLA
850 655 895 719 Xl.

287 849 482 902 rnnuclscus
503 847 672 899 PEPRARCA
693 848 839 898 PHILIPPO
859 846 1011 896 EPISGOPO
1033 846 1262 898 cnvnuuluunsr

709 953 736 1001 S.
759 954 787 1002 P.
809 953 839 1000 Ι).

255 1140 396 1194 Incertum
411 1154 466 1209 quo
482 1150 611 1189 mansum
625 1138 686 1201 eal,
701 1133 842 1188 Avenione
857 1133 1012 1206 digressum
1026 1151 1057 1191 se
1070 1137 1100 1190 in
1115 1134 1294 1192 solitudinem

655 1220 730 1276 ruris
745 1222 890 1294 recepisse.

331 1470 457 1541 Mirum
482 1467 588 1539 valde
612 1464 749 1550 audies,
772 1485 899 1536 verum
925 1472 1061 1535 tamen:
1088 1464 1209 1536 neseio
1232 1462 1316 1558 quid

234 1594 304 1680 alii,
325 1614 392 1686 ego
412 1600 529 1663 autem
551 1589 616 1661 hae
637 1597 740 1660 aetate
760 1587 914 1660 nondum
942 1587 1028 1679 quid
1048 1587 1152 1659 velim
1175 1585 1314 1660 firmare

234 1740 369 1791 meeum
390 1718 505 1800 valeo,
528 1737 596 1786 non
613 1713 707 1808 quod
728 1735 805 1784 mea
825 1712 910 1783 mihi
932 1714 1095 1783 voluntas
1117 1713 1235 1803 ignota
1256 1712 1314 1797 sit,

234 1840 298 1913 sed
330 1838 423 1933 quod
456 1836 632 1909 desiderio
659 1838 766 1907 multa
798 1835 1052 1908 obstantum
1085 1837 1186 1930 plene
1210 1834 1317 1926 igilur

233 1964 324 2035 velle
343 1981 501 2056 possum,
523 1958 617 2053 quod
639 1960 768 2030 frustra
790 1980 845 2029 me
866 1960 958 2030 velle
971 1956 1098 2030 ¹video.
1120 1956 1208 2028 Hine
1232 1956 1316 2027 mihi

233 2085 386 2158 laboret
407 2105 523 2155 rerum
545 2081 677 2156 infinita
698 2081 925 2177 perplexitas,
948 2079 1174 2176 quotidieque
1201 2082 1313 2174 magis

235 2206 398 2299 experior
427 2205 520 2276 illud·
537 2205 764 2277 Hebraeorum
790 2203 961 2298 Sapientis
986 2203 1116 2276 dietum
1137 2203 1248 2276 breve
1270 2203 1314 2275 si-

235 2331 307 2400 mul
327 2338 363 2400 el
383 2350 508 2422 grave,
536 2327 631 2421 quod
652 2330 807 2420 legenles
827 2327 984 2422 plerique
1005 2327 1098 2399 sicco
1118 2327 1206 2420 pede
1226 2347 1317 2421 prae-
1361 2378 1366 2384 -

235 2459 382 2524 lereunl.
404 2452 480 2543 Ego
501 2473 639 2545 semper
659 2453 820 2542 relegens
841 2450 965 2546 pedem
982 2449 1062 2543 ligo,
1078 2460 1114 2522 et
1135 2449 1317 2543 suspirans

203 2635 205 2639 .
234 2572 289 2644 his
320 2555 444 2665 terque
474 2581 668 2666 quaterque
697 2594 832 2644 meeum
862 2569 996 2665 repeto,
1025 2570 1120 2663 quod
1149 2570 1316 2664 scriplum

234 2705 310 2769 est:
329 2705 454 2765 cuneloe
470 2717 521 2764 res
537 2694 691 2787 difficiles.
711 2695 800 2766 Eece
819 2705 948 2788 quanta
965 2716 1057 2765 nune
1074 2695 1195 2790 parvis
1212 2694 1315 2765 eliam

235 2822 270 2891 in
291 2819 396 2892 rebus
416 2815 622 2901 difficultas3
640 2817 734 2910 quod
754 2818 879 2888 vellem
901 2838 1045 2910 nequeo,
1062 2816 1155 2911 quod
1175 2837 1317 2912 possem

235 2945 327 3026 nolo,
356 2941 451 3033 quod
471 2949 587 3010 autem
613 2938 745 3033 possim
772 2939 876 3012 simul
901 2961 943 3012 ae
968 2941 1072 3011 velim
1093 2961 1227 3034 quaero,
1255 2959 1318 3008 nee

235 3063 386 3135 invenio.
407 3063 499 3131 luler
519 3062 597 3132 haeo
622 3061 738 3133 mullis
760 3062 913 3134 consiliis
939 3085 1004 3134 eeu
1030 3061 1193 3134 fluetibus
1214 3062 1318 3133 iacta-

238 3197 304 3268 tus
327 3184 411 3256 dum
433 3205 490 3255 res
512 3183 616 3255 finem
635 3183 775 3272 habeat,
795 3185 875 3258 fiola
892 3193 928 3257 et
947 3188 1091 3278 vulgata
1115 3183 1230 3256 abitus
1251 3184 1318 3256 mei

238 3310 345 3392 lema,
360 3307 462 3400 quasi
484 3307 615 3378 Italiam
638 3320 815 3402 repetens,
838 3309 1015 3406 Babylone
1035 3312 1123 3380 claui
1142 3310 1318 3402 proiectus

238 3431 307 3502 hue
333 3429 434 3515 redii,
458 3430 706 3526 venissemque
732 3432 822 3504 illico
848 3432 892 3504 ad
919 3441 968 3516 le,
989 3452 1060 3503 non
1088 3440 1157 3502 tam
1184 3440 1222 3503 ut
1249 3431 1316 3502 tuis

236 3553 347 3626 oeulis
367 3575 473 3647 quam
500 3543 544 3624 ut'
559 3554 644 3626 meis
667 3553 853 3628 satisfieret
872 3552 932 3648 qui
953 3575 1059 3648 prope
1086 3552 1173 3625 nihil
1192 3554 1319 3626 arden-

144 3763 148 3768 ·
238 3676 316 3760 tius
335 3700 440 3769 quarn
460 3677 581 3747 faciem
604 3681 696 3747 tuam
715 3686 888 3768 quaerunt.
909 3676 1040 3748 Verum
1059 3676 1126 3746 hoo
1143 3673 1319 3769 proposito

238 3797 381 3870 venisse
398 3821 455 3870 me
468 3797 609 3869 noveris
628 3806 665 3868 ut
681 3799 807 3869 lateam
825 3798 1036 3893 lugiamque,
1053 3798 1083 3870 si
1093 3797 1235 3893 possim,
1250 3816 1319 3868 uon

239 3919 342 3990 modo
354 3920 440 3992 alios
460 3919 523 3992 sed
540 3940 597 3990 me
615 3920 740 4012 ipsum,
755 3920 822 3990 hoc
839 3927 895 3990 est
912 3919 996 3991 vitia
1013 3931 1048 3992 el
1066 3941 1203 3992 errores
1221 3937 1318 3989 meos

158 4077 161 4082 ·
237 4040 298 4129 qui
318 4063 373 4112 me
395 4043 440 4113 ab
457 4042 599 4115 infantia
621 4042 655 4115 in
673 4044 810 4114 senium
827 4052 1106 4137 persequuntur;
1125 4041 1210 4114 lenti
1228 4061 1319 4136 prae-

239 4167 333 4230 terea
352 4173 408 4232 est
427 4163 593 4236 invidiam
614 4163 741 4248 vitare,
764 4183 845 4255 quae
871 4163 955 4234 mihi
976 4187 1040 4259 per
1060 4186 1183 4237 omnes
1205 4175 1318 4236 terras
