2958 4804
362 347 455 398 LIBER
474 347 970 398 namatusrttltrlus-ut’lsrotl
994 351 1021 397 ll.
1163 339 1222 401 233

142 481 240 573 legit,
269 484 350 554 volo
375 504 508 554 mecum
544 483 598 554 sit.
629 483 665 553 Si
695 483 843 574 negotiis
865 492 1019 575 urgetur,
1043 485 1223 556 lectionem

141 603 298 688 differat3
325 603 384 676 ubi
405 604 449 678 ad
475 605 659 699 legendum
681 607 881 690 accesserit,
904 608 1120 700 negotiorum
1141 629 1226 700 pcn-

141 724 212 799 dus
233 739 271 802 et
290 749 411 800 curam
431 729 483 800 rei
502 729 680 802 familiaris
701 727 851 814 abiiciat,
871 729 976 821 inque
995 751 1036 800 ea
1057 751 1137 822 quae
1159 728 1226 800 sub

142 849 258 923 oculis
281 859 374 934 sunt,
397 852 547 924 animum
573 851 738 924 intendat.
766 852 800 922 Si
825 851 975 924 conditio
1000 872 1069 923 non
1102 854 1224 946 placet,

143 972 328 1044 inutilibus
347 973 481 1066 scriptis
499 973 682 1048 abstineat.
699 975 786 1046 Nolo
803 996 870 1066 ego
887 975 1014 1067 pariter
1031 975 1228 1067 negotietur

141 1107 178 1168 et
201 1093 358 1178 studeam
379 1097 457 1169 nolo
479 1096 554 1168 sine
574 1099 644 1170 ullo
665 1097 781 1170 labore
804 1097 968 1191 percipiat
984 1117 1065 1190 quae
1084 1096 1158 1169 sine
1179 1100 1228 1167 la·

143 1219 234 1290 hore
255 1241 325 1290 nou
347 1218 480 1311 scripsi.
503 1219 571 1291 Sed
588 1229 755 1313 expectas
777 1219 905 1291 finem?
920 1219 990 1290 Vix
1009 1220 1147 1292 tandem
1165 1221 1229 1311 igi-

144 1354 205 1413 tur
226 1339 365 1414 obtenta
386 1340 522 1414 licentia
542 1351 611 1427 est,
646 1353 685 1414 ut
716 1342 800 1414 mihi
824 1364 882 1414 res
903 1363 999 1413 meas
1020 1364 1137 1434 agam3
1158 1365 1228 1436 qua

145 1465 199 1536 sic
223 1463 274 1534 uti
293 1464 421 1556 cogito,
449 1474 487 1537 ut
511 1463 556 1537 dc
582 1487 718 1538 summa
744 1487 860 1538 rerum
887 1465 1032 1558 posthac
1055 1465 1228 1536 neminem

144 1587 237 1657 mihi
270 1588 464 1680 praeferam,
501 1588 603 1660 nullis
637 1588 827 1661 amicorum
860 1586 1021 1682 precibus
1054 1586 1226 1668 inflectar,

145 1710 246 1780 nulla
272 1729 423 1802 unquam
451 1731 524 1804 spe,
551 1707 650 1784 nullo¹
670 1711 778 1806 pretio
803 1709 1014 1783 committam
1035 1720 1074 1782 ut
1094 1709 1231 1804 pericli-

110 1891 115 1898 .
147 1830 257 1904 tanda
278 1813 402 1904 iterum
423 1833 468 1906 sit
488 1833 641 1906 libertas.
660 1836 732 1907 Hoc
750 1833 824 1920 tibi,
844 1835 965 1920 amice,
985 1856 1054 1906 uon
1074 1833 1229 1925 ignotum

147 1955 260 2038 volui,
293 1966 332 2026 ut
365 1965 492 2028 statum
513 1933 738 2050 praesentium
768 1979 885 2029 rerum
910 1967 945 2028 ct
970 1954 1169 2030 miserearis
1195 1965 1231 2026 et

148 2078 286 2150 rideas:
310 2077 412 2149 simul
432 2089 471 2150 ut
490 2079 537 2150 illi
558 2081 689 2172 gratias
709 2101 845 2152 mecum
867 2100 952 2170 agas
979 2079 1039 2171 qui
1066 2099 1120 2149 me
1145 2099 1232 2171 opu-

149 2203 245 2274 lento
263 2223 305 2273 ac
326 2201 522 2297 splendido,
545 2203 609 2276 sed
629 2202 743 2296 gravi,
766 2200 884 2274 multis
902 2202 981 2272 licet
1001 2211 1134 2294 optato,
1158 2221 1232 2270 ser·
1296 2265 1303 2278 ,

150 2323 235 2398 vitio
258 2322 428 2396 liberavit.
448 2326 544 2398 Vale.
1220 2323 1223 2330 ’

298 2470 331 2526 V.
348 2470 413 2526 Idus
427 2472 553 2543 Augusti.

573 2897 750 2962 urlstotl
772 2898 815 2962 lll.

232 3089 428 3142 Fatuclscus
449 3091 616 3141 Parauaea
637 3091 812 3141 ratufflsco
833 3092 939 3144 Pluotu
960 3093 1151 3144 SANCTORUM

507 3197 739 3248 apostotorum
759 3197 785 3246 S.
807 3199 836 3246 Ρ.
856 3199 888 3247 ll.

156 3376 221 3440 Quae
236 3375 273 3430 sit
287 3380 433 3447 poetarum
447 3375 558 3442 raritas,
574 3379 676 3446 atquae
694 3373 945 3446 pseudopoetarum
963 3374 1044 3428 turha
1061 3375 1233 3429 Avenicncm

243 3464 386 3518 invaserit.
401 3464 546 3520 Nicolaum
558 3464 698 3519 Laurentii
711 3481 743 3520 ec
756 3465 785 3519 iu
800 3463 916 3519 vinculis
934 3463 1085 3518 adductum
1103 3465 1156 3518 sub
1171 3480 1235 3535 pce-

244 3552 306 3608 ticae
319 3552 410 3608 laudis
423 3553 537 3608 obtentu
551 3555 674 3612 solutum
687 3555 888 3626 dimissumque
902 3555 997 3610 luisse.

254 3798 348 3882 Quid
380 3803 568 3893 expectas?
599 3799 773 3872 Audireue
798 3799 968 3890 reliquum
995 3796 1163 3890 proximae
1190 3798 1235 3868 ad

152 3929 193 3992 te
213 3920 404 4016 superioris
424 3922 579 4015 epistolae
602 3915 692 3993 unde
724 3920 809 3992 fleas
842 3933 877 3992 et
909 3919 1047 3991 rideas?
1066 3917 1119 3988 Nil
1140 3926 1235 3989 certe
1269 3989 1278 4002 ,

160 4065 249 4116 nunc
269 4045 385 4117 maius
405 4043 518 4116 habeo
540 4044 634 4138 quod
655 4066 774 4136 agam:
795 4044 899 4114 immo
920 4065 1003 4114 vero
1025 4044 1146 4113 multa:
1169 4043 1232 4113 sed

162 4166 350 4240 maioribus
371 4167 571 4240 incumbere
585 4167 692 4239 breve
708 4177 842 4260 tempus
856 4176 962 4251 vetat,
978 4165 1081 4260 idque
1097 4185 1164 4236 non
1179 4175 1234 4240 sat
