3078 4798
325 353 329 360 '
414 367 1055 418 uruuusuxrusnnuruus-urrsroul1.
1216 356 1275 418 363

176 519 238 578 -tae
260 513 392 578 tantum
412 503 524 574 telluri
544 502 725 595 prospicio,
746 502 810 574 sed
831 502 921 574 sicut
936 505 1023 573 alter
1043 500 1170 574 African
1191 506 1275 576 mal-

192 633 270 700 leus
291 627 410 702 Gneus
427 623 540 716 Scipio
560 645 607 694 ex
628 622 804 716 Hispaniis
826 624 884 695 ubi
903 623 1099 696 felicissime
1121 647 1192 696 rem
1214 647 1276 716 ge-

193 749 295 823 rebat
305 747 507 822 missionem
521 746 686 840 poposcit,
703 747 796 839 quod
813 746 941 820 deesse
957 747 1089 820 diceret
1105 746 1186 818 filiae
1201 769 1276 820 suae

193 869 319 954 dotem,
334 869 384 942 sic
394 888 461 960 ego
476 867 996 954 utduoruprillustrissimorum
1011 869 1139 942 ducum
1153 881 1277 942 coeant

194 992 230 1064 in
250 1013 305 1064 me
327 1014 433 1066 uuum
456 1011 591 1076 causae,
621 989 839 1064 bibliothecae
864 1013 962 1076 meae,
997 1013 1102 1084 quam
1129 991 1214 1064 milri
1241 992 1276 1064 in

194 1112 299 1188 filiam
320 1113 496 1208 adoptavi,
513 1115 624 1186 sentio
636 1114 762 1186 deesse
775 1115 967 1188 custodem.
986 1115 1065 1187 Fuit
1079 1117 1170 1188 enim
1185 1115 1277 1188 villi-

194 1256 258 1308 cus
269 1256 368 1308 meus
377 1234 528 1328 agrestis
543 1234 655 1321 bomo,
665 1236 730 1308 sed
744 1238 821 1328 plus
835 1259 940 1328 quam
951 1236 1044 1310 civili
1058 1238 1277 1330 providentia

195 1368 237 1462 et
252 1358 446 1432 urbanitate
464 1359 645 1435 conditus:
664 1369 749 1454 puto
767 1361 899 1432 nullum
918 1360 976 1430 illo
995 1359 1132 1432 fidelius
1150 1361 1276 1434 animal

194 1490 287 1556 terra
319 1480 469 1574 protudit.
504 1480 596 1565 Quid
614 1483 742 1554 multa?
762 1481 918 1555 omnium
939 1481 1154 1574 iniquitatem
1173 1481 1276 1575 perli-

193 1604 374 1696 uiamque
396 1623 593 1686 servorum,
612 1604 656 1680 de
675 1627 746 1698 qua
767 1626 836 1675 nou
858 1606 969 1676 solum
991 1604 1145 1698 quotidie
1165 1605 1277 1677 verbo

194 1747 333 1817 queror,
358 1725 421 1798 sed
444 1725 573 1819 scripto
593 1703 804 1818 quandoque
824 1725 926 1798 etiam
948 1739 1095 1818 questus
1117 1749 1204 1812 sum,
1221 1726 1276 1799 ille

197 1869 287 1920 unus
306 1845 374 1918 fide
395 1847 559 1940 aequabat
578 1868 619 1919 ae
641 1848 856 1944 temperabat
875 1847 1013 1919 eximia.
1029 1849 1149 1942 ltaque
1167 1858 1275 1921 totum

130 1968 136 1976 “
196 1991 252 2040 me
266 1968 313 2040 illi
328 1979 364 2040 et
376 1990 433 2040 res
447 1991 544 2040 meas
558 1967 735 2061 librosque
749 1991 870 2046 omnes
884 1988 974 2062 quos
987 1969 1022 2040 iu
1034 1969 1150 2041 Galliis
1165 1971 1278 2044 habeo

195 2092 451 2177 commiseram,
474 2114 625 2185 cumque
646 2092 758 2164 omnis
777 2091 916 2182 generis
940 2091 1150 2164 voluminum
1171 2096 1277 2166 multa

195 2215 363 2298 varietas,
391 2222 426 2285 et
458 2213 620 2306 quaedam
648 2212 696 2285 ibi
726 2213 957 2285 minutissima
982 2212 1145 2286 maximis
1172 2214 1278 2287 inter-

196 2338 305 2410 mixta
338 2346 472 2421 essent,
502 2345 606 2428 atque
632 2358 699 2428 ego
724 2335 784 2408 diu
808 2335 937 2406 absens
966 2335 1175 2429 quandoque
1199 2348 1279 2431 post

197 2461 383 2533 terminum
405 2458 598 2541 rediissem,
621 2458 705 2529 nihil
727 2479 880 2550 unquam
902 2479 969 2528 uon
989 2459 1092 2531 modo
1111 2469 1275 2545 amotum,

199 2583 262 2656 sed
284 2605 329 2654 ue
351 2585 425 2654 loco
445 2581 586 2674 quidem
610 2593 738 2652 motum
761 2581 884 2675 reperi.
907 2580 991 2652 Erat
1010 2579 1065 2652 ille
1091 2580 1167 2654 sine
1189 2581 1279 2654 litte-

198 2707 247 2778 ris
266 2704 527 2778 amautissimus
548 2704 749 2786 litterarum,
769 2712 804 2774 et
823 2701 930 2774 libros
951 2723 1040 2796 quos
1062 2702 1146 2773 mibi
1172 2724 1279 2776 nove-

198 2840 253 2902 rat
277 2829 438 2909 cariores
466 2825 633 2899 exactiori
663 2825 823 2898 custodia
849 2824 1105 2898 conservabat:
1138 2825 1279 2920 iamque

199 2956 301 3045 longo
319 2973 387 3024 usu
404 2973 447 3038 eo
463 2961 685 3045 pervenerat,
703 2961 740 3023 nt
758 2960 793 3022 et
809 2951 948 3025 nomine
965 2960 1088 3024 nosset
1098 2972 1204 3044 opera
1217 2974 1279 3024 ve·
1328 2929 1332 2936 ’

200 3087 320 3159 terum,
343 3082 379 3146 et
399 3095 477 3146 mea
499 3073 602 3146 simul
628 3074 840 3148 internosset
860 3077 1037 3170 opuscula.
1061 3075 1167 3147 Totus
1193 3071 1280 3146 hila·

199 3196 357 3269 rescebat
377 3197 538 3290 quotiens
559 3195 641 3280 sibi,
665 3195 773 3280 altit,
797 3196 921 3269 librum
943 3197 1093 3290 aliquem
1114 3197 1149 3268 in
1170 3196 1280 3268 mani-

199 3319 266 3390 bus
296 3319 508 3412 posuissem,
545 3319 791 3410 stringensque
821 3319 866 3390 ad
903 3327 1023 3411 pectus
1062 3318 1279 3412 suspirabat3

199 3463 449 3534 nonuunquam
487 3440 663 3513 submissa
697 3461 782 3512 voce
826 3440 937 3532 ipsius
977 3439 1055 3510 libri
1095 3417 1281 3533 compella-

201 3562 260 3633 bat
291 3572 480 3646 auctorem,
515 3574 564 3647 et‚
592 3563 719 3634 mirum
745 3563 856 3635 dictu!
891 3563 965 3634 solo
992 3560 1158 3633 librorum
1186 3571 1279 3633 tactu

200 3686 256 3754 vel
277 3693 422 3777 aspectu
448 3684 522 3756 fieri
549 3684 613 3757 sibi
636 3685 768 3758 doctior
794 3693 898 3777 atque
925 3681 1055 3754 felicior
1082 3680 1278 3754 videbatur.

200 3805 262 3878 llic
286 3805 393 3898 igitur
419 3808 496 3879 talis
523 3830 638 3879 rerum
666 3831 821 3880 mearum
841 3815 975 3891 eustos,
998 3828 1145 3898 quocum
1168 3804 1280 3876 tribus

203 3928 269 3998 iam
289 3929 410 4000 lustris
431 3950 535 4001 curas
558 3930 672 4022 partiri
696 3930 828 4011 solitus,
851 3950 915 4000 nec
937 3949 1039 4000 secus
1057 3950 1099 4000 eo
1120 3950 1224 4021 quam
1243 3938 1282 3999 ut

200 4049 268 4121 diei
285 4053 379 4122 'solet
395 4051 530 4122 Cereris
552 4051 739 4135 sacerdote,
759 4073 824 4123 nec
844 4051 942 4122 aliter
962 4050 1065 4122 dumo
1081 4051 1158 4122 eius
1174 4071 1280 4143 quam

204 4174 330 4267 templo
350 4172 431 4246 fidei
456 4195 540 4244 usus
568 4195 677 4257 eram,
704 4185 740 4244 et
765 4194 868 4264 quem
895 4172 1003 4264 pridie
1029 4172 1280 4268 imperantibus
