3024 4802
297 405 354 465 5l8
635 410 677 457 na
698 409 799 458 nunus
818 405 1042 456 rrurnrrnraus

298 571 360 624 sus
385 549 540 620 calamus
562 543 774 637 requiescat,
796 550 833 612 et
852 563 946 626 vere,
975 549 1014 614 ut
1033 561 1197 632 auguror,
1224 539 1378 631 fatigatis

296 671 439 746 auribus
461 670 520 742 det
540 668 704 763 quietem.
727 667 881 736 Salutem
907 664 991 737 mihi
1020 663 1150 736 Laeliue
1183 685 1286 736 meus
1311 664 1378 735 tuis

295 795 415 870 verbis
436 792 565 876 attulit,
583 811 665 885 quae
691 789 774 860 milri
800 789 951 861 iaculum
971 809 1099 882 anceps
1125 796 1162 858 et
1180 787 1285 858 letale
1304 788 1380 858 vul-

295 941 363 990 nus
381 918 458 1002 luit,
486 914 659 1007 simulque
679 914 875 984 Caesaream
901 910 1049 1002 effigiem
1075 911 1273 1004 pervetusti
1299 929 1380 1001 ope·

296 1044 360 1124 ris,
383 1061 463 1134 quae
485 1040 515 1111 si
534 1041 593 1110 vel
609 1037 685 1130 ipsa
704 1033 798 1128 loqui
819 1044 953 1127 posset,
972 1035 1028 1104 vel
1055 1041 1091 1104 tu
1111 1031 1203 1104 illam
1225 1041 1380 1104 contem-

295 1165 399 1259 plari,
421 1161 467 1233 ab
488 1162 556 1232 hoc
577 1172 611 1232 te
632 1181 777 1253 prorsus
798 1157 958 1250 inglorio,
980 1179 1026 1228 ne
1046 1157 1162 1230 dicam
1185 1156 1306 1226 infami
1327 1155 1380 1231 iti-

295 1309 395 1371 nere,
418 1283 633 1355 retraxisset.
661 1283 760 1367 Vale,
787 1283 917 1365 Caesar,
936 1289 972 1352 et
991 1280 1077 1375 quid
1093 1278 1222 1371 linquis
1243 1277 1379 1370 etquid

298 1411 387 1502 petis
405 1407 530 1499 cogita.

706 1814 882 1880 EPISTULA
903 1815 971 1879 Xlll.

377 2009 571 2060 Fanncrscus
592 2009 761 2059 Parauaea
782 2009 961 2060 annnclsco
982 2010 1090 2060 aarum
1110 2010 1304 2063 SANCTORUM

648 2113 881 2164 APOSTOLORUM
902 2114 928 2163 S.
949 2115 978 2163 P.
1000 2115 1031 2164 D.

392 2289 428 2344 Sc
443 2288 573 2360 legationi
588 2288 661 2360 apud
676 2286 814 2342 Caesarem
832 2288 981 2359 fungendae
997 2289 1175 2344 Germaniam
1189 2305 1289 2344 versus

545 2380 600 2435 iter
614 2378 776 2451 propediem
791 2383 985 2450 suscepturum
1000 2378 1124 2436 nunciat.

396 2632 442 2702 Ol
462 2631 627 2724 praedura
645 2651 721 2702 sors
738 2631 950 2716 mortalium,
970 2634 1008 2704 ol
1029 2653 1114 2704 vere
1132 2633 1255 2734 iugum
1273 2653 1380 2724 grave

299 2777 405 2850 super
426 2753 516 2827 filios
537 2753 662 2840 Adam,
683 2766 722 2826 ut
738 2754 794 2826 ille
815 2755 876 2841 ait,
899 2779 919 2827 a
943 2755 1001 2827 die
1030 2757 1149 2828 exitus
1180 2755 1226 2827 de
1259 2767 1379 2828 ventre

298 2881 422 2967 matris
443 2899 564 2950 eorum
581 2901 696 2973 usquc
716 2880 751 2948 in
772 2879 865 2950 diem
885 2879 1075 2971 sepulturae
1094 2878 1292 2949 inmalrem
1310 2897 1381 2948 om-

297 3002 406 3074 nium.
424 3002 515 3072 Ecce
534 3023 600 3092 ego
620 3000 706 3072 dum
725 2999 879 3071 maxime
906 2998 1125 3074 solitudinem
1157 3011 1192 3072 et
1223 2999 1380 3092 requiem
1428 3041 1431 3048 ·

298 3122 511 3207 meditarer,
537 3143 666 3215 magno
690 3142 808 3193 rerum
828 3133 864 3195 et
896 3123 1037 3194 familiae
1073 3122 1232 3216 strepitu,
1262 3134 1381 3194 contra

300 3269 416 3319 meum
436 3266 570 3317 morem
591 3265 631 3316 ac
651 3255 773 3317 votum
794 3267 902 3339 prope
923 3267 1016 3318 nunc
1037 3246 1081 3319 ad
1106 3244 1274 3319 Arctoum
1306 3243 1383 3316 mit·

300 3383 354 3444 tor
370 3370 557 3443 Oceanum.
575 3367 662 3450 Quis
680 3367 840 3442 crederet
851 3381 891 3441 ut
911 3368 1077 3463 deinceps
1089 3369 1263 3454 Rhenum,
1279 3389 1382 3460 quern

300 3493 439 3566 iuvenis
461 3513 582 3564 senem
603 3489 691 3572 vidi,
710 3491 861 3563 eundem
881 3490 1046 3563 iuvenem
1075 3491 1151 3584 ipse
1176 3489 1246 3563 iarn
1268 3490 1383 3563 senior

300 3614 490 3688 viderem‘l
510 3612 688 3708 Siquidem
709 3614 803 3697 olim,
818 3613 918 3685 annis
939 3613 1028 3685 meis
1053 3612 1384 3685 adhuc'cresoenti-

299 3737 380 3823 bue,
396 3737 487 3809 circa
504 3736 655 3809 divortia
676 3737 787 3808 amnis
808 3735 901 3807 illius
919 3733 980 3808 uhi
1000 3734 1203 3808 decrescere
1219 3747 1255 3807 et
1271 3732 1383 3806 bicor-

300 3861 357 3932 nis
377 3881 458 3932 esse
479 3859 610 3953 incipit,
629 3859 693 3931 lui:
712 3859 867 3934 nuncad
887 3858 1039 3931 radicem
1058 3860 1229 3941 montium
1254 3857 1314 3930 ubi
1331 3857 1384 3928 ille

300 3983 426 4055 crescit
449 3993 485 4056 et
504 3983 672 4067 nascitur,
694 3982 763 4053 iam
788 3980 1006 4054 decrescenti
1038 3981 1104 4054 iter
1134 3994 1190 4054 est
1219 3980 1324 4066 mihi,
1351 3991 1384 4052 et

288 4103 383 4174 'inde
403 4104 541 4197 longius
558 4104 603 4176 ad
622 4116 780 4176 extrema
800 4115 986 4176 terrarum:
1007 4124 1157 4195 magnus
1176 4102 1274 4175 labor
1294 4124 1383 4196 prae·

242 4257 245 4262 ·
304 4222 423 4309 sertim
444 4226 480 4294 in
501 4237 596 4297 tanto
616 4203 778 4298 contrarii
800 4227 961 4320 appetitu.
985 4225 1066 4309 Sed,
1083 4225 1149 4298 nisi
1163 4225 1298 4311 irritus
1313 4246 1381 4297 non
