2958 4804
358 377 451 426 LlBEll
472 375 764 434 Quaerusnsclstos
775 395 815 408 -
825 375 977 426 srlsroun
999 377 1018 424 1.
1165 363 1218 425 271

147 538 223 587 rum
243 513 333 586 dura
355 513 531 606 principia,
559 510 715 584 difficiles
740 532 940 606 processus,
968 513 1124 606 inopinos
1150 515 1225 584 exi-

146 652 214 723 tus,
238 661 319 732 spes
345 636 510 719 caducae,
538 635 619 707 dum
649 657 687 708 sc
713 659 781 708 non
807 657 911 730 posse
936 639 1031 730 quod
1056 637 1220 720 creditur,

144 785 214 834 non
233 762 343 833 timeri
361 769 530 853 quantum
547 759 667 843 velint,
687 769 722 831 et
741 759 943 832 humiliores
960 761 1091 834 audere
1107 774 1224 836 contra

145 909 184 958 se
203 884 333 978 aliquid
354 883 600 976 indignantur?
618 884 705 967 Quae
723 883 924 975 quotidiana
950 885 1015 956 illis
1035 885 1225 977 indignatio

143 1019 209 1080 est.
231 1009 317 1093 Quis
342 1015 395 1079 est
415 1005 506 1078 enim
534 1015 604 1077 tam
630 1015 751 1099 potens
777 1015 837 1078 aut
861 1006 941 1100 quis
967 1029 1119 1100 unquam
1146 1007 1221 1090 luit,

143 1132 200 1204 cui
219 1154 290 1202 non
311 1152 406 1224 saepe
431 1150 560 1220 graves
586 1127 721 1199 iniuriae
742 1129 786 1202 ab
807 1129 934 1202 intimis
959 1130 1181 1214 inferrentur,
1205 1155 1224 1202 a

146 1255 274 1339 servis,
296 1275 318 1324 a
342 1252 511 1338 subditis,
538 1253 583 1324 ab
608 1251 751 1324 amicis?
776 1251 832 1336 iis,
860 1256 996 1346 loquor,
1019 1255 1079 1347 qui
1099 1255 1223 1328 falsum

144 1377 307 1452 amicitiae
324 1398 450 1449 nomen
464 1377 607 1460 babent3
623 1375 698 1449 veri
710 1376 802 1447 enim
816 1375 925 1463 amici,
943 1379 1019 1462 rari,
1034 1399 1225 1472 eorumque

143 1501 280 1571 iniuriae
299 1501 406 1572 nullae
428 1509 518 1570 sunt.
541 1498 608 1570 Sed
627 1498 710 1591 quia
727 1520 797 1571 non
813 1511 917 1571 vacat
933 1499 1116 1571 minutiora
1132 1520 1226 1571 com-

142 1623 260 1718 plecti,
284 1621 415 1694 maiora
434 1621 679 1717 perstringam.
702 1621 794 1706 Quot
813 1633 849 1694 et
868 1622 1008 1716 quantis
1030 1622 1136 1714 igitur
1157 1632 1227 1694 sta·

145 1756 200 1818 tus
227 1747 285 1818 illo
312 1745 498 1818 rebellibus
526 1745 696 1818 abundat!
733 1747 839 1820 lulius
866 1748 997 1831 Caesar,
1026 1766 1097 1839 quo
1125 1767 1227 1816 nemo

143 1890 298 1962 unquam
315 1867 416 1938 bellis
433 1867 546 1960 magis
563 1867 702 1939 emicuit
721 1867 785 1962 (sic
805 1869 895 1939 enirn
917 1868 962 1940 de
983 1868 1039 1940 illo
1061 1861 1225 1962 seriptu'm

142 2002 195 2064 est
217 2002 253 2063 et
273 2013 330 2063 res
351 1991 428 2084 ipsa
450 1989 610 2086 testatur)
632 2000 791 2062 extremo
818 2002 970 2085 tempore
995 1991 1123 2064 bellum
1145 1994 1227 2063 Par·

144 2113 212 2185 this
246 2113 374 2185 inferre
407 2126 442 2186 et
474 2114 683 2186 rebellantes
716 2113 915 2184 effusosin
945 2112 1090 2194 Thracia
1115 2115 1225 2185 Dacos

142 2259 304 2311 coercere
329 2238 435 2309 armis
460 2237 714 2310 destinaverat:
736 2237 958 2330 fecissetque,
981 2236 1048 2308 nisi
1071 2255 1165 2306 mors
1187 2235 1227 2304 il-

142 2363 213 2433 lum
251 2361 487 2452 praeveniens,
522 2361 587 2432 hos
624 2358 782 2451 aliosque
814 2357 1017 2450 magnificos
1051 2359 1225 2450 cogitatus

143 2484 337 2578 inexpletos
358 2483 514 2577 linquere
533 2484 718 2576 coegisset.
742 2483 793 2554 Ita
813 2481 869 2552 vir
886 2483 941 2553 ille
962 2482 1093 2554 mundo
1111 2483 1226 2552 tormi-

143 2604 280 2691 dabilis,
299 2607 483 2679 Germania
497 2605 706 2700 perdomita,
722 2604 843 2689 Gallis,
858 2604 1103 2698 Britannisque
1122 2604 1226 2676 suba-

143 2730 222 2814 ctis,
250 2729 392 2801 calcatis
413 2729 588 2823 Hispaniis
607 2739 710 2822 atque
727 2726 842 2800 Africa
862 2738 898 2800 et
918 2727 1081 2824 AEgypto,
1108 2729 1224 2812 Ponto,

144 2853 243 2949 Syria
257 2862 293 2925 et
306 2853 492 2938 Armeniis,
517 2861 656 2944 totoque
677 2851 915 2946 paulominus
937 2850 1022 2922 orbe
1041 2859 1224 2935 terrarum,

143 2951 334 3069 postremo,
369 2977 405 3046 in
438 3000 508 3070 qua
540 2975 764 3047 victoriarum
790 2973 945 3046 omnium
973 2995 1109 3046 summa
1137 2982 1224 3059 erat,

143 3100 237 3173 victa
263 3112 298 3172 et
322 3110 490 3195 occupata
511 3097 698 3193 republica,
722 3097 867 3192 ipsaque
892 3121 1037 3172 romana
1061 3096 1147 3170 urbe
1173 3117 1227 3168 re-

143 3246 220 3294 rum
241 3223 383 3295 domina
405 3223 459 3295 sui
479 3223 567 3294 civis
588 3219 733 3315 imperio
752 3220 920 3307 subiecta,
939 3221 1072 3294 invenit
1094 3221 1128 3290 in
1145 3220 1228 3290 Par-

144 3345 214 3416 thia
247 3355 353 3438 atque
385 3347 419 3416 in
452 3345 556 3418 Dacia
587 3345 680 3442 quod
706 3348 857 3428 timeret,
889 3365 966 3428 seu,
994 3343 1157 3436 quoniam
1186 3343 1228 3412 ti-

144 3468 276 3540 mnisse
301 3467 385 3539 nihil
411 3467 551 3550 dicitur,
579 3467 676 3561 quod
699 3481 845 3540 curaret.
882 3467 999 3537 Caesar
1023 3463 1224 3555 Augustus.

143 3611 210 3682 quo
231 3611 335 3662 nemo
356 3591 446 3662 inter
471 3591 635 3660 mortales
660 3590 759 3662 altior
783 3589 859 3673 fuit,
887 3610 934 3658 ex
960 3589 1036 3679 ipso
1063 3607 1227 3678 supremo

142 3713 291 3784 fortunae
326 3714 437 3806 gradu
464 3713 598 3785 audivit
623 3715 757 3785 deletas
786 3714 821 3783 in
845 3711 1028 3782 Germania
1053 3710 1223 3799 legiones,

144 3835 344 3930 Verumque
371 3837 574 3922 Quintilium
603 3837 683 3908 belli
715 3837 859 3919 ducem3
893 3856 996 3926 quern
1029 3831 1226 3927 reipublicae

144 3980 262 4031 casum
284 3973 387 4054 quam
410 3972 548 4044 moeste,
571 3981 675 4052 quam
697 3957 850 4050 graviter
868 3955 997 4040 tulerit,
1016 3964 1137 4026 notum
1158 3962 1223 4024 est.

144 4081 267 4174 lllagna
289 4083 372 4152 mihi
393 4084 632 4177 exemplorum
658 4081 751 4154 acies
772 4078 920 4154 occurrit
945 4087 980 4149 et
1004 4089 1165 4150 velerum
1190 4089 1225 4149 et

145 4226 331 4289 novorum3
364 4227 443 4298 qure
476 4205 567 4277 enim
603 4227 690 4296 gens
723 4215 783 4277 aut
816 4203 894 4297 quis
927 4201 1120 4297 principum
1156 4211 1223 4274 tarn
