3062 4798
399 354 492 404 llllllll
513 356 816 408 seerllltJSbuclllth.
827 375 868 390 ··
879 359 1033 409 belsebul
1057 363 1075 409 l.
1218 351 1276 412 Mil

200 503 237 567 ut
253 513 309 565 me
326 513 465 586 quoque
482 491 657 564 custodiat
674 492 865 564 humililate
880 497 1048 586 parvulus
1060 497 1172 569 lactus
1186 519 1276 569 sum.

198 619 372 690 Caeterum
398 617 479 687 buic
505 625 610 689 tanlae
638 616 801 688 docilitati
830 616 977 720 idoneus
1001 630 1192 713 praeceptor
1219 643 1277 692 ac-

195 741 311 822 cessit,
334 763 402 813 non
422 741 457 812 in
479 740 694 836 philosophis
715 738 937 827 Aristoteles,
963 765 1031 814 non
1054 743 1274 838 Pythagoras

197 873 258 936 aut
270 865 378 946 Plato,
401 885 469 936 non
481 863 515 934 in
528 867 605 956 lege
617 862 827 956 Papinianus
846 886 913 936 non
929 864 1096 958 Ulpianus
1108 877 1169 938 aul
1181 868 1276 938 Scae·

197 990 293 1070 vola,
311 987 376 1060 sed
393 985 552 1058 Christus
573 985 860 1078 utrobique'Sub
878 994 972 1060 lanto
981 987 1157 1080 magistro
1175 990 1275 1062 sanilo

196 1112 362 1183 devotum
382 1121 418 1182 et
437 1109 567 1182 humile
586 1108 807 1184 fructificavit
836 1108 1024 1203 ingenium.
1053 1113 1151 1184 lllum
1173 1135 1272 1200 ama,
1356 1121 1359 1128 '

196 1233 292 1306 illum
319 1236 413 1318 cole,
440 1233 488 1304 illi
515 1232 620 1328 (quia
644 1232 727 1305 nihil
754 1233 849 1307 aliud
876 1232 933 1305 illo
960 1233 1104 1325 dignum
1139 1235 1273 1329 babes)

196 1359 304 1429 multo
321 1355 462 1448 dignius
480 1374 583 1448 quam
602 1355 774 1428 Escbines
793 1355 924 1428 Socrati
943 1356 988 1427 da
1006 1366 1040 1428 te
1058 1355 1186 1452 ipsum:
1203 1379 1273 1430 me·

196 1478 315 1550 liorem
337 1478 459 1552 reddet
485 1478 540 1550 ille
561 1487 594 1550 te
616 1475 692 1560 libi3
714 1475 809 1572 quod
837 1476 1007 1570 discipulo
1029 1499 1094 1550 suo
1114 1481 1273 1552 Socrates

196 1601 372 1692 pollicetur
397 1600 464 1672 isle
485 1598 677 1693 praestabit.
697 1598 774 1692 Age
794 1599 841 1670 illi
866 1599 996 1692 gratias
1018 1622 1172 1694 semper,
1194 1623 1273 1674 cunr

97 1817 102 1826 .
194 1745 257 1817 pro
279 1723 408 1809 multis,
431 1733 503 1794 turn
528 1745 589 1817 pro
608 1743 651 1795 eo
668 1722 883 1808 nominatim,
899 1723 994 1816 quod
1012 1721 1105 1796 buno
1119 1723 1180 1796 tibi
1200 1723 1275 1796 ani·

193 1869 289 1918 mum
306 1846 415 1930 dedit,
435 1869 538 1939 quem
557 1850 741 1939 antequam
760 1847 860 1918 daret
883 1867 951 1918 non
969 1845 1139 1932 habebas,
1159 1869 1274 1940 neque

192 1969 250 2041 bic
273 1969 431 2040 verearis
459 1989 503 2038 ne
528 1968 577 2038 sis
596 1967 750 2053 nimius,
779 1991 869 2040 neve
894 1978 934 2041 ut
958 1971 1089 2061 gratias
1114 1971 1271 2064 agendo,

192 2089 367 2165 laudando
384 2089 584 2161 clamando
602 2089 692 2161 illius
706 2088 966 2162 beneficentiam
984 2091 1152 2176 excedas
1167 2113 1272 2185 quam

191 2234 333 2308 aquare
352 2225 531 2305 nunquam
550 2212 680 2307 poteris
700 2212 896 2304 cogitando.
910 2213 982 2284 Hoc
1001 2236 1107 2286 unum
1129 2223 1272 2307 estque

192 2336 277 2410 illud
297 2333 445 2408 Terentii
468 2335 557 2407 trabi
579 2334 712 2428 nequit:
730 2357 772 2406 ue
792 2331 869 2425 quid
889 2337 1005 2418 alteim
1031 2336 1075 2408 do
1095 2356 1166 2428 quo
1187 2337 1272 2410 illud

117 2510 124 2522 ε
194 2458 309 2554 potius
331 2481 416 2530 vere
436 2457 577 2530 dicitur:
598 2479 776 2551 nunquam
795 2458 892 2530 satis.
910 2457 961 2530 Ac
979 2477 1022 2530 ne
1036 2460 1124 2531 sorte
1138 2469 1208 2532 tam
1222 2461 1272 2532 el-

192 2580 283 2653 fioax
303 2581 430 2653 Christi
448 2580 689 2673 magisterium
708 2579 844 2652 mireris
862 2580 957 2674 quod
976 2580 1043 2653 sub
1061 2580 1118 2659 illo
1136 2591 1269 2654 tantum

191 2702 291 2775 brevi
325 2712 480 2800 tempore
504 2703 712 2797 proieceris,
741 2712 910 2796 quantum
936 2705 1061 2776 necin
1093 2704 1282 2810 academia

137 2840 139 2844 ·
190 2825 430 2899 Platonisnec
456 2825 491 2898 in
524 2827 679 2899 omnium
706 2825 988 2921 pbilosophorum
1016 2837 1077 2897 aut
1102 2825 1271 2898 iuriscon-

192 2951 361 3022 sultorum
376 2949 505 3022 sobolis
523 2959 594 3022 tolo
613 2959 768 3042 tempore
787 2949 1012 3043 profecisses,
1027 2947 1143 3042 cogita
1159 2968 1271 3041 quan-

190 3071 309 3144 talibet
320 3072 468 3143 bominis
487 3073 690 3166 magnitudo
704 3075 777 3146 Deo
794 3077 995 3166 comparata
1008 3092 1113 3165 quam
1128 3071 1174 3144 sit
1185 3070 1270 3142 nibil

189 3193 339 3266 omnino.
373 3195 469 3264 Plato
493 3217 641 3286 magnus
666 3197 734 3276 vir,
761 3217 910 3288 magnus
934 3194 1167 3289 Pythagoraa,
1195 3214 1269 3266 ma-

189 3339 282 3411 gnus
295 3316 508 3400 Aristoteles,
522 3337 672 3408 magnus
684 3317 805 3388 Varro.
825 3317 876 3388 lta
888 3315 965 3387 dico
979 3337 1129 3408 magnus
1141 3317 1266 3388 borum

189 3437 334 3533 quilibet
344 3439 374 3510 si
391 3459 453 3531 per
470 3457 508 3508 se
525 3434 736 3510 consideres.
752 3438 826 3506 Non
846 3455 985 3528 magnae
1002 3443 1147 3508 staturae
1158 3436 1268 3508 fuisse

188 3561 298 3634 fertur
316 3560 501 3653 Augustus
522 3559 655 3642 Caesar3
674 3580 797 3629 verum
816 3559 904 3630 adeo
924 3555 1094 3648 elegantis
1112 3567 1150 3630 ul
1169 3554 1266 3628 laoile

188 3685 343 3781 corporis
365 3684 569 3758 brevitatem
591 3687 778 3754 venustate
799 3680 1008 3765 redimerct;
1029 3680 1066 3752 id
1092 3701 1178 3752 vero
1197 3701 1265 3751 non

187 3809 334 3903 amplius
361 3807 501 3903 quando
525 3806 710 3900 quisquam
736 3804 909 3899 procerior
933 3804 1157 3878 accessisset:
1185 3811 1266 3876 lunc

187 3932 326 4026 ingenio
342 3931 559 4004 dissimulata
572 3929 725 4002 brevitas
740 3928 937 4024 apparebat.
953 3926 1014 4000 Vis
1034 3936 1070 4000 lu
1087 3938 1123 4000 et
1138 3927 1263 3998 horum

187 4055 246 4148 qui
259 4055 403 4127 maximi
415 4054 579 4128 videntur
594 4051 867 4144 magnitudinem
880 4073 1000 4125 veram
1015 4055 1144 4125 nosse‘l
1156 4073 1263 4125 unum

186 4177 375 4269 quemlibet
391 4199 438 4250 ex
455 4178 521 4250 illis
539 4179 596 4250 vel
609 4175 724 4268 potius
745 4197 865 4248 omnes
883 4175 1000 4264 simol,
1024 4187 1059 4246 et
1082 4183 1263 4269 quotcum-
