3024 4802
369 364 461 414 croso
483 361 953 414 uouusoscruus.-ur1sroiu
974 363 1016 411 ur.
1174 349 1227 412 ott

151 525 214 598 pro
231 515 386 596 tempore
406 500 535 574 fuerint
555 501 669 586 edico,
685 498 836 593 positum
852 498 922 590 sibi
935 519 1008 592 prae
1025 499 1134 574 oculis
1156 521 1235 595 spe-

150 620 269 700 culum
291 625 415 710 sciant,
439 622 499 695 ubi
521 645 559 695 se
577 622 719 696 videant
736 621 843 695 duces
867 643 948 695 esse
969 644 1038 695 non
1059 621 1232 708 dominos,

150 750 325 822 imovero
345 769 410 818 nec
430 746 554 830 duces,
578 745 642 818 sed
659 744 847 817 honoratos
873 744 1085 837 Reipublicae
1111 765 1234 820 servos

151 893 243 945 esse.
263 872 315 942 Tu
327 871 420 954 vale,
435 878 471 942 et
484 867 650 962 quoniam
665 865 812 962 publicae
826 869 1002 952 fluctuant,
1017 865 1141 941 demus
1153 889 1236 962 ope-

153 1015 228 1067 ram
244 1005 284 1066 ut
308 993 464 1086 privatas
489 1003 630 1064 nostras
662 1012 720 1064 res
753 1014 859 1085 quam
890 990 1147 1066 modestissime
1172 1003 1237 1085 gu-

150 1116 350 1189 beroemus.

292 1259 451 1330 Mediolani,
467 1259 543 1315 vlu.
559 1257 621 1314 Kal.
638 1258 733 1330 Maias.

653 1459 733 1472 *

569 1661 750 1728 EPISTULA
777 1663 808 1726 X.

207 1830 403 1882 sutumscus
425 1830 594 1882 Persaeus
615 1831 746 1882 GUIDONI
766 1829 903 1882 subruto
925 1830 1176 1882 tucmsruscoro

587 1935 801 1986 GENUENSIUM.

229 2106 273 2161 Ad
287 2104 482 2162 Pontificatum
498 2107 632 2162 maiorem
648 2105 839 2163 Genuensium
854 2111 980 2163 evectum
995 2108 1158 2180 gratulatur.

249 2345 479 2420 Successibus
505 2347 575 2418 tuis
599 2346 758 2421 moestior
777 2367 832 2420 me
852 2368 896 2419 an
916 2348 1027 2420 laetior
1052 2346 1097 2420 ad
1117 2357 1235 2422 extre-

151 2493 248 2544 mum
269 2491 395 2556 essem,
417 2469 480 2543 diu
494 2467 624 2542 dubius
645 2470 769 2542 mansi.
792 2469 972 2563 Tergebat
983 2470 1136 2544 animum
1151 2473 1231 2547 hinc

149 2594 267 2690 quies;
288 2593 369 2665 bino
385 2592 504 2684 gloria.
525 2584 682 2664 Alteram
704 2602 788 2665 tunc
807 2602 962 2689 ereptam
980 2615 1060 2668 cum
1080 2594 1234 2668 maxime
1324 2589 1326 2596 ’

149 2715 349 2790 necessaria
369 2725 479 2787 esset:
501 2717 644 2788 alt-eram
666 2715 715 2788 illi
734 2715 841 2802 aetati,
863 2716 920 2788 cui
937 2715 1111 2810 praecipue
1128 2714 1235 2788 debe·

149 2849 257 2919 retur,
281 2836 541 2930 superadditam
559 2836 755 2910 cernebam.
777 2837 973 2910 Gloriosum
995 2837 1055 2909 tibi
1080 2836 1234 2910 laborem

149 2960 348 3054 impositum
372 2981 442 3034 non
470 2960 645 3047 dolebam,
670 2962 784 3034 sciens
813 2960 948 3055 absque
967 2961 1087 3033 labore
1114 2981 1234 3033 veram

148 3105 213 3156 nec
241 3083 350 3178 quaeri
380 3083 524 3175 gloriam
551 3107 616 3156 nec
641 3085 786 3157 servari.
814 3084 903 3157 Illud
928 3082 1113 3156 horrebam
1140 3082 1235 3177 quod

148 3203 304 3291 libertas¹
324 3225 428 3298 quam
452 3225 588 3298 semper
614 3227 812 3292 amaveras,
835 3206 1084 3279 in‘discrimen
1105 3208 1161 3299 agi
1180 3207 1236 3278 vl-

149 3326 311 3413 dcbatur,
338 3336 375 3399 et
398 3326 494 3399 haud
518 3325 627 3398 dubie
650 3325 774 3398 honori
804 3349 894 3399 onus
921 3329 1121 3422 impositum
1146 3338 1232 3402 erat.

149 3448 226 3533 Quo
243 3451 348 3522 altior
365 3449 457 3522 enim
480 3459 590 3521 status
610 3456 679 3532 est,
701 3467 744 3521 eo
764 3448 887 3521 durius
908 3449 993 3521 vitae
1013 3452 1151 3522 frenum
1177 3451 1233 3524 bis

148 3573 208 3666 qui
241 3572 417 3644 infamiam
448 3573 591 3643 timent:
623 3591 832 3665 semperque
864 3571 1083 3666 conspectior
1115 3593 1232 3645 rerum

149 3705 286 3768 vertex.
312 3693 403 3781 Quid
424 3695 503 3766 vis‘l
522 3693 631 3766 Amor
659 3693 828 3767 libertatis
854 3704 960 3788 atque
986 3695 1045 3768 otii
1073 3694 1234 3769 vincebat

149 3818 353 3913 latendique
369 3817 608 3891 commoditas.
624 3818 748 3890 Dolere
768 3818 837 3890 iam
854 3840 1029 3912 ceperam,
1052 3818 1119 3891 nisi
1139 3817 1234 3912 quod

147 3943 183 4013 in
200 3951 351 4013 mentem
381 3941 477 4013 venit
507 3948 540 4012 te
561 3951 677 4033 n'eque
697 3939 843 4013 liberum
865 3941 1051 4026 hactenus,
1078 3950 1114 4014 et
1136 3942 1233 4035 quod

147 4073 204 4136 est
226 4061 419 4161 pessimum
450 4061 581 4134 servitii
611 4084 735 4155 genus,
763 4063 881 4157 iniquo
918 4066 1020 4137 simul
1050 4087 1091 4139 ac
1117 4065 1232 4138 multi-

147 4185 224 4280 plici
248 4202 411 4280 pressum
426 4184 523 4278 iugo,
538 4207 630 4257 nunc
649 4185 693 4258 de
716 4205 820 4260 servo
838 4187 1016 4260 hominum
1029 4190 1230 4280 multorum,
