2958 4804
248 344 306 403 loti
584 361 623 406 nn
644 360 744 408 annus
766 359 988 407 ulnrruumuns

246 522 331 573 cane
353 510 546 595 perempto,
573 505 687 573 nullus
708 502 916 596 peragendae
941 501 1076 572 iniuriae
1099 504 1196 574 locus
1217 515 1329 575 esset.

246 624 341 695 Alios
361 645 500 718 quoque
526 625 730 718 superstites
759 624 909 697 dominis
930 623 1131 706 interiectis
1156 625 1218 697 sed
1239 627 1328 697 alili-

246 757 321 819 ctos
337 746 541 818 vulneribus
561 769 811 842 perseverasse
833 757 960 832 tamen,
983 755 1019 818 et
1039 748 1178 841 quando
1199 747 1244 819 ab
1260 750 1326 820 ho
1351 823 1355 831 ,

247 871 377 941 minum
394 871 649 963 nequivissent,
669 869 832 941 dilectum
853 892 978 964 corpus
997 894 1017 942 a
1033 873 1182 942 ferarum
1202 871 1324 942 saltem

246 1016 288 1064 ae
307 994 484 1064 volucrum
506 993 630 1064 iniuria
655 974 865 1064 defendisse.
896 992 1073 1075 Quosdam
1105 993 1321 1065 dominorum

245 1115 419 1187 interitum
457 1114 675 1186 vindicasse:
707 1115 876 1207 quosdam
910 1137 996 1186 vero
1029 1114 1186 1187 dominus
1228 1115 1323 1185 humi

245 1239 387 1312 obrutos
419 1239 579 1310 officiosis
610 1240 786 1331 unguibus
818 1240 993 1323 effodisse,
1024 1249 1058 1310 et
1088 1240 1324 1311 interfectores

246 1360 357 1432 turbae
379 1363 607 1457 spectantium
621 1361 799 1434 immixtos
813 1374 848 1434 et
864 1363 1040 1435 morsibus
1065 1361 1196 1434 crebris
1212 1373 1249 1434 ct
1264 1363 1325 1433 sse-

246 1478 304 1554 bili
321 1461 446 1556 latratu
451 1540 529 1554 .......
534 1471 542 1503 ¹
557 1505 664 1580 prope
678 1485 722 1557 ad
739 1495 897 1558 extrema
914 1497 1119 1578 perventum
1132 1494 1198 1556 est.
1213 1484 1322 1570 Alios,

246 1607 406 1679 extinctis
431 1607 593 1692 dominis,
617 1607 694 1678 cibo
716 1629 829 1700 usque
859 1607 903 1679 ad
935 1607 1068 1680 exitum
1090 1607 1324 1680 abstinuisse:

245 1730 339 1824 quod
364 1728 496 1800 Patavii
522 1751 632 1822 nuper
664 1729 710 1799 illi
741 1731 817 1802 viro
837 1729 976 1821 optimo,
1006 1729 1106 1802 cuius
1132 1751 1202 1800 uon
1222 1727 1327 1801 modo

247 1852 380 1936 animae,
397 1851 459 1923 sed
472 1851 578 1922 cineri
592 1853 845 1944 memoriaeque,
861 1855 1006 1925 multum
1020 1853 1141 1936 deboc,
1155 1849 1236 1946 post
1247 1876 1326 1925 cru-

246 1974 359 2048 delem
382 1974 476 2045 illum
510 1983 546 2046 et
565 1975 725 2046 lacrimas
747 1985 972 2047 renovantem
994 1976 1076 2047 vitae
1097 1973 1210 2060 linem,
1239 1997 1326 2048 suus

246 2099 341 2172 canis
363 2098 446 2170 mibi
468 2101 569 2191 plane
589 2107 693 2170 notus
718 2099 888 2192 praestitit.
913 2099 1104 2180 Nonnullus
1124 2098 1326 2170 audivimus

247 2223 395 2318 sepulcri
429 2243 516 2295 saxo
543 2221 760 2314 pertinaciter
791 2221 989 2307 inhaesisse,
1016 2243 1081 2293 neo
1107 2229 1187 2292 ante
1210 2221 1326 2292 divul-
1386 2249 1392 2255 ·

156 2328 158 2332 ¹
248 2367 306 2418 sos
324 2367 427 2438 quam
449 2345 563 2417 inedia
584 2347 744 2438 perirent.
766 2344 862 2417 Alios
883 2343 1077 2416 ardentium
1103 2343 1323 2416 dominorum

247 2491 350 2561 rogos
371 2470 548 2540 insiluisse
565 2480 668 2562 atque
690 2468 821 2539 arsisse
842 2489 920 2540 cum
938 2467 1014 2538 illis.
1036 2467 1160 2537 Mirum
1179 2467 1325 2536 aPlinio

247 2593 406 2671 Secundo
425 2614 465 2662 ac
479 2592 594 2664 Solino
609 2591 770 2664 scribitur
786 2591 1032 2663 Garamantum
1050 2611 1169 2681 regem
1186 2581 1231 2660 ab
1248 2589 1325 2659 exi-

246 2716 291 2787 lio
310 2714 534 2787 ducentorum
557 2737 680 2786 canum
696 2737 757 2808 pro
771 2735 809 2785 se
825 2724 945 2785 contra
964 2713 1186 2786 adversarios
1204 2711 1324 2782 decer-

246 2839 390 2910 tantium
423 2837 590 2931 obsequio
622 2836 780 2908 rediisse.
816 2835 1047 2907 Miserabilius
1078 2835 1172 2927 quod
1202 2835 1322 2904 Romae
1381 2883 1388 2904 .

246 2970 358 3031 actum
380 2959 514 3032 dicunt:
540 2979 660 3030 canem
685 2958 887 3030 damnatum
907 2958 1099 3040 dominum,
1125 2981 1204 3028 cum
1227 2977 1323 3048 aegrc

246 3090 364 3174 posset
375 3081 523 3166 excludi,
542 3081 578 3152 in
593 3102 769 3153 carcerem
782 3091 1019 3176 prosecutum,
1038 3103 1078 3152 ac
1091 3081 1225 3165 deinde,
1244 3101 1324 3174 per-

246 3225 351 3275 cusso
367 3203 519 3289 domino,
534 3226 656 3276 canem
669 3203 799 3297 ingenti
821 3205 953 3276 ululatu
974 3205 1129 3276 dolorem
1147 3200 1323 3297 proprium

246 3329 354 3399 luisse
367 3338 542 3414 testatum,
556 3329 697 3400 demum
712 3352 800 3414 cum,
815 3331 942 3422 populo
954 3329 1149 3411 miserante,
1164 3325 1322 3398 adesum

246 3451 464 3536 invitaretur,
482 3452 635 3523 oblatum
657 3451 772 3523 cibum
794 3452 839 3524 ad
856 3473 895 3522 os
916 3450 1046 3522 domini
1067 3451 1121 3522 sui
1143 3448 1321 3520 retulisse:
1355 3524 1358 3535 ,

246 3585 421 3668 postremo
446 3575 609 3648 iactatum
635 3575 670 3644 in
695 3574 843 3646 Tiberim
865 3576 1030 3659 cadaver,
1052 3555 1241 3646 innatando
1266 3590 1323 3640 se-

245 3721 315 3792 que
333 3699 457 3772 dilecto
477 3699 574 3771 oneri
595 3698 834 3783 subiectand0,
860 3707 1057 3770 sustentare
1084 3695 1202 3767 visum
1222 3712 1319 3776 csse,

246 3843 315 3894 non
334 3822 504 3894 immerito
521 3823 675 3917 quidem,
690 3831 730 3893 ut
742 3821 852 3916 ipsius
869 3820 968 3892 Plinii
985 3818 1093 3891 verbo
1111 3829 1202 3902 utar,
1222 3818 1323 3909 effosa

247 3944 454 4016 multitudine
486 3944 529 4016 ad
560 3945 770 4040 spectandum
802 3944 959 4014 animulis
989 3940 1097 4036 fidem.
1119 3940 1323 4012 Innumera-

337 4127 345 4159 ⁴
363 4129 454 4190 Aperte
467 4136 549 4193 patet,
562 4129 618 4181 heic
629 4128 748 4181 nonnulla
763 4128 839 4180 verba
855 4126 959 4190 deesse,
972 4139 1028 4191 que
1040 4126 1066 4177 in
1080 4123 1220 4178 florentinis
1230 4120 1322 4174 codici-

186 4251 196 4270 ‚
249 4205 297 4256 bus
311 4205 495 4257 desiderantur.
