3078 4798
424 329 516 378 nram
540 328 1024 380 srxrnsorcnrus.-rrrsronn
1045 331 1085 379 ιν.
1237 319 1296 380 375

200 466 368 556 ,terribilis
390 467 426 536 io
448 465 712 557 consiliissuper
730 466 815 556 filios
839 467 1032 538 lominum:
1059 465 1150 538 idern
1179 478 1295 539 tamen

210 592 325 662 succis
357 600 388 659 et
420 590 508 660 mitis
542 601 574 658 et
606 591 717 658 multoe
747 587 978 681 misericordiae
1014 591 1164 660 omullus
1201 592 1297 662 invo-

212 713 362 786 cantibus
393 734 492 782 eum:
526 712 618 784 idem
649 713 821 783 miserator
846 723 876 782 et
900 714 1085 784 misericors
1110 712 1294 798 Dominus,

213 837 412 927 leuponimis
438 844 468 904 ct
493 833 633 904 multum
667 835 851 905 misericors
887 855 925 908 oc
950 837 1081 928 potiens
1118 846 1149 904 et
1184 839 1296 906 multae

211 956 445 1030 misericordie
465 967 495 1026 et
520 979 630 1028 aarum
642 982 652 1039 ;
678 956 770 1028 idern
797 956 900 1027 dulcis
926 968 957 1026 ct
981 968 1089 1027 rectus
1114 957 1294 1042 Dominus,
1343 983 1344 988 ¹

214 1091 246 1150 et
278 1082 336 1172 qui
366 1083 467 1171 lepem
498 1076 555 1150 dot
586 1077 849 1170 delinquentibus
882 1081 918 1149 in
952 1082 1025 1170 uio,
1058 1079 1149 1150 hanc
1182 1079 1293 1170 legem

214 1201 345 1274 scilicet
369 1201 473 1274 ulad
497 1223 577 1272 eum
600 1202 745 1274 redeant
769 1211 804 1272 et
826 1205 1017 1274 salventur.
1044 1201 1135 1286 Quid
1162 1203 1296 1272 multa?

214 1327 365 1420 prolecto
399 1334 437 1396 ut
468 1345 570 1395 nemo
602 1323 796 1406 terribilior,
821 1325 870 1396 sic
897 1346 999 1396 nemo
1023 1323 1292 1408 misericordior,

213 1468 316 1520 nemo
337 1447 573 1539 tranquillior:
597 1449 722 1518 multos
744 1447 902 1518 laborare
923 1445 1016 1537 cogit
1037 1467 1081 1517 ne
1101 1445 1292 1530 lasciviant,

214 1569 399 1662 periclitari
420 1569 554 1661 aliquos
577 1568 658 1640 sinit
679 1581 716 1639 ut
735 1567 893 1660 corrigat,
916 1567 1088 1640 neminem
1110 1570 1185 1639 vult
1207 1568 1295 1659 peri-

214 1714 265 1775 re,
293 1702 397 1784 atqua
429 1692 543 1763 omnia
576 1691 656 1764 iacit
686 1715 730 1762 ne
760 1712 955 1785 pereamus.
990 1691 1111 1782 ltaque
1137 1691 1295 1782 pellenda

213 1818 333 1912 procul
353 1815 564 1908 desperatio,
593 1815 783 1888 abiicienda
808 1815 967 1897 durities,
989 1815 1153 1886 exuenda
1174 1813 1296 1908 impie-

216 1948 281 2022 tae,
309 1936 532 2010 incredulitas
559 1937 795 2030 relinquenda.
824 1938 925 2022 Quod
949 1937 1041 2010 enirn
1064 1959 1165 2008 nemo
1187 1957 1295 2007 sanus

215 2061 358 2153 ignorat,
384 2059 469 2130 nihil
494 2060 722 2154 impossibile,
751 2060 820 2132 imo
845 2083 909 2131 nec
932 2060 1071 2131 difficile
1092 2059 1221 2151 aliquid
1241 2069 1297 2130 est

214 2186 300 2254 Deo:
321 2182 486 2274 qnodque
506 2204 608 2253 nemo
629 2183 707 2274 pins
731 2181 869 2265 diffidit,
894 2182 937 2252 nil
958 2181 1005 2270 illi
1028 2180 1176 2252 arduum
1197 2179 1296 2250 vide-

215 2317 270 2378 tur
290 2304 384 2398 quod
405 2303 450 2375 ad
471 2305 619 2376 salutem
643 2325 719 2376 suae
741 2305 910 2397 pertineat
930 2314 1111 2375 creaturae.
1133 2303 1296 2376 Perversi

214 2426 345 2520 ingenii
368 2433 423 2498 est
453 2426 624 2524 suspicari
649 2426 756 2510 aliud,
784 2433 820 2496 et
845 2425 1001 2498 misereri
1022 2446 1063 2496 ac
1084 2437 1224 2518 peccata
1244 2422 1297 2494 di·

216 2554 311 2622 luere
333 2553 390 2622 vel
408 2552 499 2622 nolle
514 2551 622 2622 Deum
646 2552 702 2622 vel
724 2569 791 2620 non
809 2571 936 2642 posse;
955 2548 1035 2620 hinc
1051 2548 1144 2620 enim
1166 2572 1234 2620 non
1251 2549 1296 2619 de

215 2677 309 2746 lonte
328 2675 395 2744 alio
414 2671 612 2768 desperatio
629 2674 726 2743 nasci
748 2674 847 2754 solet,
869 2693 1017 2764 quorum
1045 2673 1153 2742 altero
1173 2670 1294 2753 bonus,
1406 2741 1409 2748 ,

217 2797 324 2866 altero
345 2805 491 2888 negatur
512 2794 752 2889 omnipotens:
780 2803 927 2887 utraque
949 2793 1162 2887 blasphemia
1182 2803 1239 2862 est
1263 2793 1298 2861 in

217 2916 380 3010 Spiritum
403 2919 580 3004 Sanctum,
599 2939 680 3011 quae
699 2941 811 3013 neque
833 2918 868 2988 in
891 2920 965 3002 hoc,
990 2941 1102 3012 neque
1122 2917 1156 2988 in
1184 2919 1299 3010 inlu—ro

218 3041 348 3112 saeculo
365 3039 556 3123 dimittitur,
574 3040 658 3112 dum
679 3063 815 3113 summe
832 3041 963 3136 potenti
984 3062 1190 3133 summeque
1209 3039 1299 3112 bono

218 3161 277 3230 vel
293 3160 495 3254 impotentia
520 3163 589 3232 ulla
614 3165 670 3232 vel
686 3163 817 3268 invidia
838 3176 970 3236 nostrae
988 3164 1110 3236 salutis
1127 3163 1298 3236 obiicitur.

219 3280 364 3373 lnqnnd
386 3282 515 3352 malurn
537 3279 702 3352 incidisse
728 3283 883 3355 ereditur
909 3284 1001 3367 Cain,
1026 3283 1084 3355 ubi
1110 3285 1171 3355 ait:
1194 3286 1301 3354 molor

219 3416 265 3474 cst
289 3405 447 3494 iniquitas
468 3425 541 3473 meo
561 3423 660 3492 quom
687 3414 723 3471 ut
745 3407 879 3474 ueniam
899 3427 1041 3487 mercor,
1068 3406 1299 3496 nequeenim

221 3528 330 3598 maior
361 3548 442 3600 esse
475 3536 610 3620 poterat
642 3535 812 3596 creaturae
850 3526 991 3598 miseria
1023 3547 1129 3618 qnam
1163 3526 1299 3596 miseri-

221 3649 337 3722 cordia
370 3650 555 3720 Creatoris.
584 3649 622 3718 ln
647 3650 712 3719 hoc
747 3648 861 3743 ipsum
888 3647 993 3719 ludas
1023 3647 1143 3718 infelix
1169 3645 1300 3730 incidit,

220 3772 359 3863 quando
379 3772 543 3867 proiectis
564 3771 741 3864 argenteis
763 3773 796 3842 in
821 3773 958 3867 templo,
975 3771 1097 3842 abiens
1118 3771 1243 3862 laqueo
1264 3792 1302 3840 se
1377 3791 1381 3796 ·

220 3896 411 3988 suspendit,
431 3895 490 3988 qui
508 3894 575 3966 etsi
594 3897 701 3966 multo
719 3896 868 3988 amplius
886 3902 1067 3987 peccasset
1083 3915 1186 3985 qnam
1207 3892 1301 3976 Cain,

219 4015 413 4111 desperatio
435 4030 548 4090 tamen
571 4017 617 4088 illi
641 4017 743 4090 etiam
768 4019 841 4090 sola
868 4015 1014 4100 obstitit,
1042 4038 1087 4088 ne
1108 4014 1305 4088 misericor-

220 4139 312 4211 diam
334 4141 527 4226 invenirem
550 4163 653 4235 quam
677 4142 705 4214 si
728 4164 748 4214 a
769 4141 906 4213 Christo
924 4140 1081 4232 petiisset
1102 4139 1303 4226 invenisset,
