2988 4800
271 367 324 426 ιιι
598 379 639 424 nn
662 377 761 424 nunus
784 375 1004 425 rnnrnmnruvs

265 513 324 585 lud
365 514 503 585 siluisse
538 513 725 604 noluerim:
765 514 860 607 quod
902 513 936 581 in
974 511 1151 608 Babylone
1191 523 1228 584 tu
1272 535 1339 585 non

266 638 368 710 altius
381 637 582 721 ascendisti,
604 659 767 728 magnum
786 635 845 707 tibi
863 634 994 707 divinae
1010 635 1143 726 gratiae,
1164 633 1194 705 si
1212 637 1336 720 nescis,

265 760 438 832 indicium.
453 757 684 830 ascendisses
702 758 802 838 enim,
821 758 888 828 nisi
906 757 1169 852 praesidentium
1183 757 1339 829 moribus

265 884 443 955 dissimilis
469 882 654 967 videreris,
676 904 745 976 quo
771 881 912 976 quidem
938 889 1022 974 puto
1049 879 1133 949 nihil
1159 901 1241 950 esse
1267 879 1338 949 feli-

265 1008 349 1080 cius.
373 1007 408 1078 Si
428 1028 512 1098 ergo
533 1006 578 1077 ad
600 1009 746 1077 salutem
769 1013 916 1099 spectas
943 1002 1091 1073 libenter
1115 1000 1196 1072 hinc
1216 1005 1338 1072 exula-

264 1129 333 1201 bis:
355 1130 460 1200 immo
480 1150 564 1199 vero
585 1128 731 1198 libenter
750 1128 784 1198 in
801 1127 946 1220 patriam
964 1125 1008 1198 ab
1024 1126 1090 1197 hoc
1106 1125 1211 1198 exilio
1228 1125 1338 1197 redie-

265 1251 328 1320 ris:
346 1258 382 1320 et
399 1248 557 1342 quisquis
578 1249 622 1320 ad
648 1270 832 1342 supernam
856 1256 985 1342 spectat
1004 1247 1232 1330 Hierusalem,
1253 1247 1336 1318 dum

264 1371 421 1465 captivus
441 1371 615 1442 detinetur
635 1391 741 1462 super
761 1369 902 1439 ssumina
917 1367 1115 1462 Babylonis,
1139 1367 1184 1438 ad
1201 1389 1338 1440 amaras

265 1493 386 1565 salices
407 1493 588 1586 suspensis
608 1493 764 1585 organis,
783 1494 871 1563 flens
892 1514 933 1563 ac
951 1491 1076 1562 sedens
1089 1499 1241 1562 montem
1257 1492 1339 1563 Sion

263 1640 342 1688 cum
363 1617 538 1689 desiderio
560 1616 773 1687 recordatur:
795 1616 825 1685 si
846 1638 915 1708 qua
932 1637 1023 1710 vero
1048 1616 1193 1685 facultas
1221 1615 1341 1686 adlue-

265 1741 322 1824 rit,
343 1739 466 1833 cupide
487 1738 566 1810 inde
587 1759 625 1808 se
646 1737 803 1832 proripit,
825 1747 862 1808 ut
883 1738 1002 1809 redeat
1018 1759 1088 1830 quo
1106 1737 1268 1830 suspirat.
1291 1740 1340 1808 De

265 1861 396 1952 reliquo
410 1868 525 1930 autem
539 1859 624 1953 quid
640 1861 707 1932 nisi
724 1860 850 1954 etipse
868 1870 947 1954 post
964 1871 997 1932 te
1011 1860 1135 1932 tacitus
1154 1861 1338 1953 suspirem,

265 1984 359 2076 quod
376 2004 453 2068 nos,
472 1982 531 2076 qui
550 1984 599 2054 tui
618 2006 739 2055 sumus
753 2007 887 2069 omnes,
902 1984 1065 2079 praesenti
1087 1987 1218 2056 solutos
1239 2007 1340 2076 erga-

267 2107 357 2176 stulo
379 2105 475 2199 cupis
501 2105 537 2174 in
563 2106 660 2180 ltalia
688 2108 830 2180 videre?
849 2110 893 2178 Et
917 2109 1079 2203 prolecto,
1103 2107 1133 2179 si
1158 2117 1241 2179 voto
1262 2129 1341 2178 meo

266 2228 423 2300 Christus
445 2240 627 2314 annueret,
650 2230 684 2303 in
706 2233 800 2303 ltalia
822 2231 976 2302 viverem
997 2253 1037 2302 ac
1056 2252 1225 2302 morerer:
1247 2253 1341 2302 nunc

263 2352 453 2444 veroquid
473 2352 691 2424 sitfutururn
713 2354 839 2426 nescio.
862 2353 922 2436 llli,
944 2353 1004 2446 qui
1024 2353 1119 2446 quod
1142 2353 1281 2446 cupiam
1306 2366 1341 2426 et

264 2474 347 2566 quid
367 2473 529 2568 expediat
554 2475 663 2559 videt,
685 2465 723 2546 et'
736 2487 855 2569 potens
874 2485 929 2547 est
949 2485 1134 2568 utrumque
1153 2486 1339 2570 prestare.

265 2595 311 2666 illi
333 2617 389 2666 res
410 2597 637 2690 fortunasque
653 2618 749 2668 meas
766 2597 934 2669 commisi.
952 2599 1024 2669 Hoc
1042 2606 1076 2668 te
1092 2620 1160 2670 non
1178 2598 1339 2688 ignorare

264 2741 334 2792 non
355 2741 432 2790 sum
455 2719 606 2804 nescius
628 2722 717 2790 male
739 2719 822 2790 mihi
854 2741 935 2792 esse
964 2720 1046 2791 dum
1077 2720 1133 2792 hic
1153 2741 1241 2791 sum.
1269 2718 1340 2790 Sed

264 2841 348 2933 quid
368 2842 494 2913 iterum
514 2843 657 2912 faciam?
681 2843 798 2933 Magni
831 2865 922 2914 nunc
948 2853 1076 2928 mutue,
1099 2853 1137 2914 ut
1157 2840 1278 2926 vides,
1305 2842 1340 2912 in

266 2965 361 3036 ltalia
380 2973 556 3057 parantur.
579 2964 648 3036 Sed
668 2963 753 3037 illud
772 2985 911 3057 quoque
931 2987 1055 3038 verum
1075 2975 1145 3049 est,
1164 2967 1267 3037 malle
1285 2987 1341 3036 me

265 3088 299 3156 in
316 3087 412 3158 ltalia
432 3087 599 3172 laborare,
618 3109 721 3181 quam
740 3086 799 3158 ubi
818 3109 895 3189 sum
914 3088 1103 3180 quiescere.
1122 3088 1181 3158 lsti
1198 3086 1340 3182 quidem

266 3209 450 3295 Arsacidae,
464 3230 610 3303 quorum
625 3210 797 3282 nonnullis
810 3233 866 3282 me
878 3210 1055 3284 beneficiis
1065 3211 1256 3283 obnoxium
1269 3233 1340 3282 non

269 3355 372 3425 nego,
395 3336 451 3406 vel
470 3333 647 3430 Babylone
669 3336 725 3406 vel
745 3334 779 3404 in
798 3333 936 3407 Parthia
954 3337 1076 3406 saltem
1097 3335 1244 3407 retinere
1266 3356 1340 3405 mo·

140 3447 143 3454 ’
190 3543 194 3550 Ι
265 3459 408 3529 liuntur:
429 3457 600 3542 obluctor,
623 3468 658 3529 et
677 3457 791 3530 adhuc
810 3456 889 3530 finis
906 3456 941 3528 in
958 3458 1063 3530 dubio
1082 3465 1148 3530 est.
1167 3458 1202 3528 Si
1221 3458 1337 3543 vinco,

266 3602 333 3652 non
359 3588 438 3650 ante
463 3591 692 3652 revertentem
718 3579 840 3652 audies
865 3603 970 3676 quam
991 3603 1184 3654 reversum.
1206 3583 1242 3652 Si
1262 3583 1339 3654 viu-

154 3764 157 3769 .
266 3725 337 3787 cor,
359 3703 453 3796 quod
470 3701 607 3773 nonnisi
627 3703 778 3795 negandi
797 3701 1007 3774 verecundia
1026 3715 1110 3795 puto
1130 3725 1234 3798 posse
1258 3725 1339 3776 con-

269 3826 413 3917 tingere,
437 3834 554 3897 tamen
573 3835 674 3896 extra
692 3825 922 3898 Semirameos
943 3847 1061 3898 muros
1085 3848 1156 3898 ero.
1176 3825 1337 3910 Ubinam,

268 3947 431 4040 inquies?
470 3947 569 4019 Nulla
612 3947 838 4042 topographia
876 3970 964 4042 opus
1001 3957 1071 4031 est;
1107 3948 1340 4021 diversorium

267 4089 383 4139 meum
403 4070 508 4141 nosti:
531 4071 599 4142 scis
622 4069 680 4141 ubi
700 4071 839 4160 gallicas
862 4080 1003 4143 aestates
1020 4093 1137 4164 agere,
1157 4070 1215 4143 ubi
1232 4070 1341 4142 lenire

270 4192 398 4262 soleam
421 4193 629 4285 transalpina
663 4191 822 4285 suspiria.
854 4194 1031 4266 Postremo
1065 4193 1131 4266 viri
1164 4194 1255 4264 illius
1280 4192 1340 4285 qui
