2958 4804
230 374 286 434 aaa
568 387 607 432 ua
630 386 729 434 [lanus
752 386 972 436 annullamus

230 523 320 605 Quid
340 523 383 592 de
399 521 536 592 clriobus
550 520 719 591 Africanis
741 524 876 613 loquar,
897 545 1042 614 quorum
1061 505 1207 617 primus
1226 547 1303 595 cum

229 646 291 713 vix
311 645 497 737 quisquam
522 655 616 714 tutus
638 655 731 715 esset
752 647 785 714 in
808 646 914 729 ltalia,
935 645 967 715 in
986 644 1136 716 Africam
1158 647 1307 718 transire

229 789 299 837 non
320 768 446 850 timuit,
469 767 606 838 caeteris
629 767 729 838 victis
756 767 790 836 in
815 770 933 861 patria,
957 769 1107 840 victore
1129 778 1220 841 terra
1245 769 1308 840 ho-

231 891 299 960 stili
319 890 593 982 gloriosissimus
616 913 838 974 reversurum
860 893 947 962 alter
971 892 1005 962 in
1032 892 1147 963 Africa
1165 915 1306 985 quoque

230 1027 265 1085 et
281 1013 447 1108 Hispania
464 1012 552 1083 duas
567 1013 671 1084 urbes
686 1035 828 1086 romano
843 1014 984 1106 imperio
1000 1015 1253 1099 infestissimas,
1270 1025 1309 1084 ut

230 1139 278 1209 ait
299 1138 430 1220 Cicero,
454 1136 696 1227 Carthaginem
717 1137 1007 1229 Numantiamque
1034 1138 1219 1219 subvertit,
1239 1139 1308 1230 late

231 1261 366 1331 interim
388 1281 502 1350 vagus
523 1259 708 1352 multisque
730 1259 917 1352 provinciis
943 1283 1069 1352 magna
1094 1283 1173 1332 curn
1199 1261 1309 1352 gloria

231 1384 435 1478 peragratis.
457 1383 547 1466 Quid
568 1381 709 1453 vetabat-
728 1383 874 1453 Marium
895 1382 1084 1475 quiescere,
1108 1383 1172 1454 nisi
1195 1386 1309 1454 virtus

231 1515 267 1576 et
287 1506 407 1597 gloria,
431 1521 476 1575 ea·
494 1505 621 1575 scilicet
642 1503 686 1576 oh
707 1528 825 1597 quam,
845 1515 883 1574 ut
900 1506 947 1576 ait
963 1506 1088 1578 nobilis
1105 1507 1306 1590 historicus,

233 1653 315 1725 spes
333 1640 437 1723 atque
454 1651 538 1720 opes
559 1629 707 1699 civitatis
733 1628 769 1698 in
793 1629 850 1699 illo
872 1629 947 1698 viro
969 1629 1044 1699 sitae
1064 1634 1183 1700 erant?
1203 1631 1308 1700 Fama

233 1754 309 1823 haec
335 1754 429 1822 illum
455 1749 561 1833 Afris
586 1751 749 1820 Teutonis
767 1773 807 1822 ac
825 1751 972 1822 Cimbris
994 1753 1167 1845 opposuil;
1191 1751 1309 1844 itaque

233 1897 324 1944 nnnc
350 1897 370 1945 a
398 1873 539 1943 meridie
569 1882 689 1966 captos
719 1896 799 1943 eum
832 1896 934 1964 reges
966 1874 1108 1956 ducere,
1140 1897 1233 1944 nunc
1266 1873 1311 1946 ab

232 1995 337 2066 Arcto
356 1994 557 2067 incredibile
580 1997 799 2088 captivorum
827 2018 952 2088 agmen
977 2006 1058 2066 ante
1083 1995 1310 2088 triumphales

234 2139 357 2188 currus
378 2139 495 2210 agere,
519 2141 602 2189 mox
623 2117 789 2188 victorem
809 2118 922 2213 ipsum
949 2139 1088 2190 carcere
1108 2120 1309 2189 conclusum

233 2251 268 2311 et
288 2241 473 2335 paludibus
494 2243 683 2312 latitantem
705 2241 842 2326 videas
865 2241 997 2333 vixque
1019 2241 1093 2312 sine
1113 2239 1310 2332 fatigatione

235 2367 356 2438 audias
370 2367 519 2451 labores,
534 2389 623 2460 quos
645 2367 700 2436 ille
722 2366 835 2436 animo
857 2365 996 2458 pertulit
1014 2365 1198 2436 indelessa.
1220 2364 1311 2448 Quid

235 2489 343 2560 Cato‘l
367 2491 488 2560 Nonne
508 2490 648 2561 domum
675 2511 773 2559 suam
796 2497 929 2582 poterat
954 2487 1127 2560 incolere?
1154 2487 1310 2558 Siticulo-

236 2635 294 2683 sas
311 2633 435 2682 arenas
450 2612 630 2684 circumire
649 2611 783 2694 maluit,
802 2620 837 2680 ct
854 2611 993 2706 Libycis
1012 2610 1119 2682 vilan]
1137 2610 1309 2682 obiectare

237 2735 472 2828 serpentibus;
499 2745 594 2806 tanta
623 2757 705 2806 enm
737 2736 864 2820 virtus²
887 2745 1005 2806 tantus
1026 2757 1122 2806 amor
1143 2733 1308 2804 libertatis

235 2861 455 2942 accenderat3
489 2859 569 2930 huio
604 2867 716 2930 tamen
748 2859 873 2930 domus
898 2860 1088 2950 angustior.
1111 2857 1202 2942 Quid
1227 2880 1309 2928 vero

236 2984 419 3075 Pompeius
440 2991 474 3052 et
497 3003 531 3050 re
552 3001 701 3070 magnus
720 2993 755 3052 et
770 2982 931 3053 nomine?
951 2983 1070 3052 Nonne
1088 2981 1309 3073 amplissimis

236 3115 341 3199 atque
374 3104 647 3198 opulentissimis
681 3105 817 3176 aedibus
850 3105 1022 3176 derelictis
1056 3105 1248 3198 patriaque,
1276 3104 1307 3172 in

237 3252 305 3322 qua
330 3230 488 3321 princeps
515 3239 598 3312 erat,
628 3237 697 3300 toto
729 3251 844 3321 vagus
878 3229 987 3300 victor
1019 3227 1102 3300 orbe
1125 3236 1307 3308 terrarum,

235 3352 387 3445 quietem
410 3351 474 3422 sibi
496 3352 638 3423 abstulit
656 3363 693 3422 ut
710 3353 853 3442 gloriam
875 3353 1066 3422 inveniret?
1085 3348 1176 3433 Quid
1196 3349 1309 3420 Caesa-

237 3500 292 3549 res
307 3477 413 3548 lulius
426 3487 461 3548 et
476 3476 671 3569 Augustus,
690 3476 774 3569 quid
790 3475 1029 3566 Vespasianus
1046 3496 1086 3546 ac
1103 3473 1209 3556 Titus
1228 3471 1309 3564 quid

238 3600 420 3685 Traianus,
443 3599 785 3692 innumerabilesque
801 3599 866 3683 alii,
889 3619 976 3690 quos
999 3608 1095 3668 taceo
1109 3620 1152 3666 ne
1167 3596 1309 3666 immen-

238 3745 288 3794 sae
323 3724 479 3795 materiae
510 3723 760 3794 succumbam?
794 3721 896 3792 Prius
929 3720 1066 3793 deficiet
1099 3719 1173 3792 dies
1207 3741 1309 3810 quam

236 3850 397 3939 exempla
417 3856 624 3917 nostrorum.
647 3846 715 3916 Sed
740 3865 864 3915 rursus
889 3845 1091 3935 alienigenis
1114 3846 1226 3914 locum
1252 3840 1310 3911 de·

238 3991 326 4039 mus.
341 3971 461 4041 Clarus
477 3969 569 4064 apud
584 3966 823 4059 Carthaginem
838 3966 925 4037 civis
940 3965 1115 4046 Hannibal,
1137 3976 1173 4034 ut
1188 3963 1311 4034 clarior

239 4072 336 4161 fieret
350 4114 443 4162 mare
462 4091 636 4173 transivit,
657 4090 849 4183 permeavit
866 4088 1062 4181 Hispanias
1081 4086 1222 4170 GalliaS,
1245 4086 1312 4155 Ita·

237 4211 396 4296 liamela
412 4225 506 4302 tergo
517 4211 828 4306 rellctisPyrenaeis
842 4210 995 4296 collibus,
1010 4213 1091 4301 igne
1105 4219 1311 4302 alqueaoelo
