3024 4802
299 359 357 420 540
635 371 677 418 nn
698 370 799 419 ansus
819 369 1041 421 rnurnrnuraus

293 500 476 595 legationis
496 499 608 573 officio
628 501 793 593 iungitur,
815 501 966 573 Ducetus
988 503 1098 574 bonor
1130 525 1199 576 non
1233 508 1381 598 petenti,

293 625 364 695 imo
385 623 528 716 quidem
550 624 671 715 ignaro
692 622 759 694 sibi
792 622 926 715 obtigit.
957 624 1136 698 Reversus
1168 627 1204 698 in
1233 627 1383 721 patriam

290 749 460 842 cogitavit
477 749 582 842 quod,
604 758 749 840 utputo,
765 769 866 820 nemo
879 769 1033 840 unquam
1050 748 1236 840 cogitarat:
1251 773 1381 844 passus

292 883 347 944 est
363 871 460 964 quod
471 891 576 943 nemo
593 893 758 964 unquam.
775 872 813 942 ln
827 875 902 944 loco
914 871 1141 944 celeberrimo
1153 873 1382 969 omniumque

291 993 486 1066 clarissimo
508 1002 614 1087 atque
634 993 867 1088 pulcherrimo
888 1015 1109 1087 eorumquae
1125 1016 1193 1086 ego
1210 995 1379 1081 viderim,

292 1116 351 1189 uhi
383 1115 534 1188 maiores
568 1117 643 1202 sui,
676 1137 770 1210 saepe
809 1115 1010 1188 laetissimos
1052 1116 1202 1190 bonores
1241 1116 1379 1211 pompis

290 1237 562 1332 triumphalibus
583 1238 821 1322 deduxerunt;
841 1238 910 1311 illic
931 1238 1006 1334 ipse
1038 1239 1204 1312 servilem
1235 1239 1273 1312 iu
1308 1261 1379 1312 mo-

290 1362 390 1448 dum,
413 1384 587 1434 concursu
608 1361 725 1456 populi
747 1369 877 1434 tractus
899 1371 935 1434 et
965 1359 1103 1434 ducalia
1129 1371 1262 1436 exutus
1296 1361 1378 1436 insi-

289 1487 388 1580 gnia,
401 1485 513 1579 capite
534 1495 680 1558 truncus
694 1483 867 1570 occubuit,
883 1483 1071 1579 templique
1091 1487 1184 1558 sores
1205 1497 1241 1558 et
1260 1485 1378 1578 palatii

289 1610 422 1683 aditum
446 1611 629 1701 scalasque
650 1629 864 1681 marmoreas
887 1627 985 1701 saepe
1007 1609 1062 1680 vel
1088 1607 1188 1682 lestis
1214 1609 1377 1681 solemni·

289 1735 355 1806 bus
376 1735 435 1804 vel
455 1731 639 1804 hostilibus
662 1731 782 1824 spoliis
804 1731 1020 1813 honestatus,
1041 1732 1211 1824 sanguiue
1232 1732 1377 1805 loedavit

287 1856 436 1952 proprio.
459 1855 589 1928 Locum
616 1853 766 1946 signavi:
794 1861 931 1950 tempus
953 1855 1063 1945 signo.
1086 1853 1210 1926 Annus
1243 1863 1300 1926 est
1332 1853 1376 1926 ab

232 1987 367 2071 ,κ”οιιιι
388 1978 517 2050 Christi
536 1995 677 2063 nocens,
701 1977 779 2050 dies
804 1978 878 2062 luit,
905 1989 946 2050 ut
969 1981 1095 2063 lerunt,
1118 1995 1178 2048 xw
1197 1977 1372 2050 Kalendas

287 2104 378 2175 lllaii.
398 2103 531 2174 Rumor
546 2111 602 2172 est
621 2111 740 2174 tantus
761 2110 799 2172 ut
821 2100 851 2171 si
871 2099 952 2192 quis
973 2099 1073 2172 urbis
1101 2099 1196 2170 illius
1220 2099 1374 2194 discipli-

269 2223 273 2232 '
290 2249 371 2298 nam
390 2245 579 2318 moresque
596 2223 831 2319 prospexerit,
845 2233 1059 2315 quantamve
1079 2244 1195 2294 rerum
1212 2220 1374 2294 mutatio-

286 2372 368 2420 nem
389 2347 492 2420 unius
515 2346 667 2418 hominis
687 2365 782 2418 mors
800 2344 964 2428 minetur,
987 2366 1201 2438 quamquam
1222 2343 1281 2413 alii
1299 2345 1374 2438 plu-

287 2491 352 2554 res,
361 2481 400 2542 ut
413 2469 606 2562 perhibent,
616 2469 823 2562 complicum
836 2489 883 2539 ex
896 2489 1043 2540 numero
1055 2467 1149 2540 idem
1163 2465 1371 2560 supplicium

287 2596 341 2666 vel
361 2595 566 2686 pertulerint
587 2595 644 2664 vel
661 2603 863 2686 expectent,
885 2590 949 2662 vix
969 2591 1079 2664 maior
1099 2592 1135 2662 in
1161 2592 1260 2664 ltalia
1286 2603 1374 2665 tem-

286 2715 430 2809 poribus
463 2714 594 2788 nostris
627 2715 819 2788 emerserit.
852 2713 915 2786 llio
943 2715 1031 2788 sorte
1063 2736 1183 2788 meum
1205 2715 1372 2790 iudicium

285 2849 463 2931 expectes.
476 2837 655 2931 Populum,
671 2836 701 2908 si
718 2840 821 2908 famae
842 2836 1005 2920 creditur,
1028 2833 1188 2922 absolvo,
1208 2837 1372 2930 quamvis

285 2972 321 3034 et
346 2961 459 3032 lenius
482 2960 611 3031 saevire
630 2969 666 3030 et
682 2959 837 3031 dolorem
859 2980 963 3032 suum
983 2958 1102 3032 mitius
1120 2959 1301 3034 vindicare
1313 2981 1373 3056 po-

286 3083 429 3162 tuerint;
455 3081 607 3151 sednon
635 3079 733 3151 facile
764 3079 857 3152 iusta
891 3081 995 3154 simul
1027 3093 1134 3175 atque
1166 3081 1293 3174 ingens
1323 3081 1372 3154 ira

285 3199 535 3295 comprimitur,
559 3221 688 3291 magno
707 3201 907 3292 praesertim
928 3202 963 3272 in
983 3204 1125 3298 populo,
1146 3202 1207 3274 ubi
1233 3203 1372 3276 irucuu

285 3321 355 3395 diae
372 3322 531 3396 stimulos
550 3321 682 3415 rapidis
696 3321 973 3417 inconsultisque
985 3323 1196 3398 clamoribus
1213 3345 1370 3420 praeoeps

284 3454 390 3539 atque
415 3445 636 3518 multivolum
662 3448 791 3538 vulgus
822 3446 974 3518 exacuit.
1009 3447 1140 3518 lnlelici
1172 3446 1304 3518 homiui
1337 3457 1371 3518 et

283 3567 475 3660 compatior
494 3579 531 3640 et
547 3568 725 3659 indignor,
748 3567 807 3659 qui
822 3569 953 3640 honore
966 3579 1090 3640 auctus
1117 3568 1271 3652 insolito,
1286 3567 1371 3662 quid

283 3688 350 3760 sibi
372 3685 439 3760 sub
459 3699 659 3761 extremum
681 3690 763 3760 vitae
790 3700 927 3785 tempus
961 3692 1067 3763 vellet
1096 3691 1233 3783 ignoro,
1269 3691 1370 3763 cuius

282 3812 366 3886 illud
382 3834 523 3906 quoque
543 3813 775 3885 calamitatem
795 3825 1011 3909 praegravat,
1034 3815 1132 3908 quod
1165 3815 1371 3908 praescripto

282 3933 421 4027 publico
442 3956 539 4007 more
559 3934 678 4008 iudicii
691 3957 760 4008 non
773 3936 878 4008 modo
891 3936 998 4008 miser
1010 3937 1132 4022 luisse,
1148 3937 1212 4009 sed
1225 3937 1370 4011 insonus

282 4077 473 4151 amensque
499 4056 685 4142 videbitur,
705 4069 740 4130 et
764 4068 814 4130 tot
847 4058 917 4130 iam
947 4081 1009 4154 per
1041 4083 1152 4134 annos
1187 4061 1371 4155 sapientia

281 4175 401 4244 falsam
425 4179 551 4248 lamam
578 4177 681 4250 vanis
707 4177 841 4250 artibus
874 4201 1079 4276 usurpasse.
1115 4181 1270 4270 Ducibus
1307 4182 1369 4276 qui
