3078 4798
433 351 526 399 urana
547 349 814 401 snxrusuncmus
828 351 1030 401 -arisroua
1051 355 1094 402 111.
1204 391 1207 398 r
1246 343 1301 404 371

220 494 316 560 certe
339 485 369 556 si
391 505 459 556 non
481 493 575 555 amat
596 484 696 568 alior,
718 505 847 578 paucos
869 498 975 569 amat,
999 509 1147 580 quorum
1167 509 1212 557 ex
1241 510 1305 556 nu-

184 679 190 684 .
219 628 318 680 mero
338 627 407 677 non
427 627 516 690 sum,
536 613 572 675 et
592 607 730 678 mallem
751 627 832 678 esse
853 629 957 700 quam
977 609 1142 714 pontifex.
1162 611 1259 680 Vale.

363 751 407 808 Ad
422 751 528 807 fontem
542 751 656 823 Scrgiae,
673 751 697 805 V
712 751 851 808 Kalendas
866 753 979 826 Aprilis.

723 973 802 982 ...μ-..-

639 1202 818 1266 epistota
839 1203 883 1267 lV.

344 1381 348 1388 ’
451 1391 646 1440 salsolscus
668 1389 837 1439 Pernlnol
859 1389 900 1439 tn
922 1389 1073 1440 lGNO'lllll.

216 1551 289 1606 llere
313 1549 441 1620 indiguos
463 1548 591 1605 homines
614 1565 674 1604 esse
704 1549 805 1620 quibus
823 1554 863 1603 tot
882 1553 1012 1620 tantaque
1031 1548 1163 1604 beneficia
1181 1553 1302 1605 contule·

305 1625 349 1692 rit
364 1637 439 1693 Deus
463 1644 532 1710 quot
546 1636 648 1693 Christi
662 1653 714 1692 nos
727 1637 807 1692 docet
820 1637 931 1708 religio:
949 1653 1005 1692 non
1020 1636 1084 1692 inde
1099 1645 1192 1692 tamen
1207 1639 1237 1692 in
1252 1637 1302 1693 du·
1397 1631 1406 1639 ’

307 1726 384 1782 bium
403 1727 539 1782 sactorum
557 1726 701 1806 veiimtsm
716 1741 776 1782 essa
792 1725 985 1794 revocandam,
999 1741 1051 1782 nec
1069 1725 1253 1782 deficiendum
1272 1727 1301 1782 iu

307 1817 370 1872 tide.

317 2054 415 2126 Mitto
441 2027 512 2123 alia·
535 2051 579 2123 de
609 2051 739 2144 quibus'
764 2054 910 2146 colloqui
939 2051 1091 2138 dabitur,
1122 2065 1160 2125 ut
1186 2075 1298 2146 spero.

219 2178 334 2250 Unum
352 2175 495 2268 periculi
513 2173 653 2244 maioris
670 2184 705 2244 et
717 2174 811 2267 quod
828 2195 961 2246 moram
980 2175 1121 2268 respuit,
1139 2173 1297 2246 scribam.

216 2296 439 2392 Suspiciones
471 2306 549 2368 tuas
576 2295 620 2367 de
654 2316 791 2366 summa
816 2295 938 2366 salutis
971 2318 1068 2388 aegre
1092 2296 1178 2382 lero,
1204 2297 1297 2388 quod

216 2440 312 2512 saepe
338 2417 399 2490 tibi
420 2439 579 2512 praeseus
605 2416 703 2500 dixi;
731 2416 795 2488 sed
822 2429 859 2488 ut
884 2417 988 2494 video
1013 2438 1082 2488 nou
1106 2429 1174 2488 tam
1203 2438 1298 2512 saepe

216 2563 322 2634 quam
338 2539 453 2643 debui,
468 2551 503 2610 et
523 2548 692 2633 quantum
714 2538 803 2611 duro
819 2540 949 2634 pectori
972 2539 1207 2614 necessarium
1225 2551 1299 2612 erat
1360 2549 1369 2608 ξ

216 2673 255 2734 ut
275 2665 504 2755 frangeretur.
520 2640 610 2744 Quid
624 2683 709 2732 vero
722 2684 814 2734 nunc
826 2663 920 2735 aliud
933 2685 1012 2736 rear
1028 2664 1116 2734 inter
1132 2663 1298 2758 ambages

216 2807 334 2857 rerum
355 2794 390 2858 et
409 2786 561 2857 fallacias
583 2784 711 2856 diaboli
732 2785 884 2858 animum
903 2786 1086 2880 cogitantis
1106 2787 1296 2870 involvere,

213 2907 282 2978 nisi
305 2906 340 2978 id
355 2907 451 3001 quod
468 2907 589 3000 negari
607 2928 676 2979 non
693 2916 816 2999 potest,
836 2931 904 2981 non
922 2931 1004 2982 esse
1020 2908 1165 3002 dignum
1184 2929 1297 3000 genus

215 3029 402 3102 humanum
431 3029 485 3101 cui
512 3031 589 3102 baec
610 3031 745 3126 coelitus
767 3029 899 3117 fierent,
928 3054 1009 3126 quae
1035 3033 1124 3104 sacta
1148 3031 1298 3103 credidi-

214 3173 309 3233 muS,
332 3151 488 3240 eoquod
510 3151 652 3230 bictur,
676 3152 730 3223 ille
752 3154 922 3244 periurus,
945 3156 1000 3225 ille
1023 3155 1068 3226 sit
1092 3153 1237 3240 adulte-r,
1264 3167 1299 3225 et

214 3271 341 3346 talibus
360 3272 459 3363 plena
482 3271 526 3341 sit
546 3273 659 3349 omnis
677 3283 777 3358 terra,
800 3278 922 3368 quales
943 3277 1126 3350 induxisse
1148 3278 1297 3370 legimus

214 3395 412 3466 Creatorem
447 3403 485 3464 ut
516 3393 670 3465 diceret:
702 3399 841 3488 paenitet
878 3420 928 3466 me
964 3399 1077 3487 fecisse
1109 3401 1297 3470 bominem?

212 3515 394 3598 Quomodo
415 3537 502 3608 ergo
528 3516 609 3588 talia
634 3525 751 3588 tantus
786 3526 855 3588 tam
889 3517 1067 3612 indignis?
1100 3520 1186 3592 llaec
1210 3520 1296 3593 sorte
1366 3595 1367 3600 ,

203 3623 305 3709 ¹nunc
330 3647 443 3710 tecum
475 3640 573 3713 dieis.
601 3637 889 3712 Animadvertere
919 3651 1035 3712 autem
1062 3640 1199 3737 oportet
1229 3662 1296 3711 non

214 3757 290 3830 baec
312 3759 357 3832 ad
379 3759 668 3846 incredulitatem,
692 3762 757 3833 sed
782 3761 827 3833 ad
848 3762 1072 3836 humilitatem
1094 3774 1129 3834 et
1150 3762 1296 3855 gratitu-

211 3878 326 3952 dinem
348 3881 480 3952 debere
506 3884 674 3954 conterre.
696 3884 799 3956 Pauci
827 3883 1004 3958 beneficiis
1026 3887 1088 3958 Dei
1110 3885 1217 3978 digni,
1246 3887 1295 3956 fa·

214 4010 297 4087 teor,
316 4003 422 4076 immo
439 4007 556 4078 nullus
576 4006 725 4092 omnino,
748 4006 815 4079 nisi
835 4029 940 4102 quern
962 4007 1018 4081 ille
1038 4007 1183 4100 dignum
1204 4009 1295 4080 iece-

211 4123 264 4194 rit.
299 4127 409 4200 Tanto
438 4127 549 4199 maior
583 4128 639 4200 illa
665 4127 863 4222 benignitas
897 4142 932 4202 et
958 4130 1144 4204 liberalitas
1171 4129 1294 4203 clarior·
