2988 4800
265 326 321 386 tot
602 340 641 386 on
663 340 763 388 aeuus
786 340 1009 390 ruurelaamus

264 483 385 559 status,
402 475 560 566 adeoque
577 477 717 546 fervens
731 477 934 569 expectatio,
954 487 992 547 ut
1008 476 1206 548 dilationem
1222 480 1344 571 ipsam,

263 618 343 690 quae
365 591 525 688 gloriosis
543 597 742 691 primordiis
759 600 965 684 intercessit,
985 600 1096 672 eidem
1118 600 1347 694 providentiae

263 721 456 793 adscribam
491 721 605 814 potius
637 745 742 815 quam
763 725 924 808 fortunae,
947 747 1016 816 quo
1039 724 1168 795 scilicet
1201 724 1346 796 immen-

264 867 341 914 sum
359 843 615 939 exoptatissimi
639 844 805 940 principis
832 867 928 917 mora
955 845 1075 916 brevis
1102 847 1262 918 ardorem
1284 870 1347 940 pu-

262 965 390 1038 blicum
422 968 601 1038 excitaret.
637 969 709 1038 lam
744 989 829 1039 vero
861 967 1031 1039 bonorum
1064 969 1199 1040 animos
1225 970 1346 1041 ardere

262 1091 409 1186 amplius
427 1114 496 1162 non
513 1112 627 1184 posse,
644 1091 704 1160 tibi
718 1092 933 1184 persuadeas
948 1090 1066 1171 velim;
1082 1092 1347 1184 verendumque

262 1238 319 1300 ne,
352 1216 447 1308 quod
480 1224 605 1286 natura
637 1236 755 1285 rerum
788 1217 865 1298 fert,
902 1214 1064 1286 incendio
1090 1215 1221 1286 sensim
1248 1225 1348 1307 tepor

262 1340 420 1430 obrepat,
443 1339 511 1409 uisi
531 1338 713 1430 generosis
735 1338 899 1421 llammis,
920 1360 1007 1431 quas
1027 1347 1125 1408 tuum
1143 1360 1272 1409 nomen
1290 1360 1348 1409 ac-

262 1462 389 1546 cendit,
409 1462 605 1556 pracsentiae
624 1472 694 1532 tuae
712 1461 874 1531 alimenta
893 1460 1100 1552 praebueris.
1116 1461 1203 1530 Cum
1216 1460 1345 1552 itaque,

261 1587 356 1680 quod
377 1584 549 1654 neminem
575 1584 715 1654 omnino
749 1593 783 1653 te
816 1582 944 1652 molius
977 1603 1084 1653 nosse
1105 1602 1197 1666 reor,
1220 1603 1264 1654 oo
1290 1605 1347 1654 res

261 1708 428 1800 perducta
449 1706 493 1775 sit
514 1715 552 1777 ut
572 1728 684 1798 neque
702 1705 867 1775 maiestas
887 1717 955 1787 tua,
976 1706 1075 1776 salva
1092 1703 1211 1795 gloria,
1232 1704 1348 1775 Caesa-

262 1851 359 1900 reum
380 1828 519 1900 differre
540 1829 651 1922 possit
671 1828 877 1912 adventum,
902 1850 1022 1920 neque
1044 1849 1123 1898 mea
1141 1827 1291 1910 dovotio,
1310 1828 1349 1897 il-

262 1954 348 2022 laesa
367 1951 445 2036 fide,
464 1961 616 2047 coeptum
634 1952 764 2024 diutius
783 1962 902 2023 tenere
921 1952 1110 2034 silentium;
1128 1954 1250 2043 loquor
1267 1973 1347 2052 ecce

263 2075 387 2146 iterum
407 2076 453 2146 ad
470 2075 650 2147 dominum
668 2098 793 2159 meum,
812 2085 855 2159 et,
875 2074 941 2145 nisi
961 2076 1064 2168 piget,
1085 2074 1130 2145 ad
1146 2085 1346 2145 cunctorum

262 2198 441 2270 dominum
461 2201 596 2292 loquor,
621 2199 840 2291 simplicitate
860 2197 1090 2290 quantalibet,
1115 2197 1177 2268 sed
1195 2196 1263 2269 fide
1285 2221 1348 2290 pu-

262 2323 413 2394 rissima:
435 2334 470 2394 et
490 2326 612 2416 loquor
632 2343 700 2392 nou
720 2323 802 2394 novi
824 2321 969 2414 aliquid,
994 2322 1057 2393 scd
1086 2321 1180 2414 quod
1206 2321 1349 2392 notissi-

262 2470 356 2517 mum
390 2445 451 2516 tibi
484 2457 519 2515 et
551 2445 596 2516 ab
628 2445 789 2516 omnibus
825 2443 947 2515 amicis
968 2444 1107 2539 imperii
1134 2444 1269 2517 romani
1291 2447 1347 2516 vel

261 2572 457 2641 consultum
475 2570 517 2638 iri
538 2570 618 2640 scio.
641 2570 715 2639 Non
736 2568 828 2638 euim
849 2569 884 2640 id
903 2590 969 2660 ago
988 2579 1025 2639 ut
1041 2569 1204 2653 doceam,
1230 2569 1295 2640 sed
1311 2579 1350 2639 ut

261 2714 340 2763 mea
360 2690 448 2764 fides
472 2714 535 2763 suo
555 2694 719 2782 fungatur
738 2691 866 2763 officio:
890 2693 1040 2785 ideoque
1063 2715 1135 2764 rem
1161 2715 1231 2765 non
1255 2691 1347 2764 nitor

261 2814 430 2886 adornare
451 2813 638 2898 coloribus,
667 2812 780 2884 sciens
807 2823 845 2884 ut
871 2817 1036 2887 coloratis
1062 2815 1223 2908 fictisque
1248 2837 1348 2886 men-

262 2940 414 3024 dacium,
440 2939 489 3010 sic
510 2939 690 3010 veritatem
706 2939 841 3030 'apertis
863 2962 904 3011 ac
925 2938 1144 3033 simplicibus
1164 2939 1346 3011 delectari.

262 3059 468 3152 Simpliciter
489 3059 592 3151 igitur
612 3070 649 3130 et
669 3070 786 3154 aperte
807 3081 869 3152 pro
888 3060 1020 3130 honore
1042 3058 1192 3153 imperii,
1211 3081 1274 3153 pro
1293 3081 1348 3130 sa-

262 3187 333 3254 lute
345 3183 464 3266 ltaliae,
480 3205 543 3277 pro
562 3183 797 3253 consolatione
814 3181 912 3253 urbis
929 3183 1056 3266 Romae,
1076 3180 1345 3254 desolatissimae

263 3325 402 3400 spousae
423 3315 505 3391 tuae,
529 3327 590 3397 pro
622 3307 812 3380 amicorum
847 3305 975 3388 studio,
1011 3326 1074 3396 pro
1108 3304 1343 3374 subiectorum

261 3428 468 3514 commodis,
491 3450 555 3524 pro
574 3431 688 3521 quiete
709 3425 938 3501 laborantium
965 3425 1261 3509 Christianorum,
1284 3446 1347 3519 pro

261 3554 468 3626 maturando
487 3556 626 3644 negotio
652 3553 771 3622 Terrae
791 3553 942 3634 Sanctae‚
969 3548 1287 3645 proadipisoendo
1313 3547 1345 3616 in

261 3678 363 3748 terris
386 3675 663 3768 praeclarissimae
680 3697 721 3746 ac
737 3673 939 3746 immortalis
957 3676 1058 3746 lamae
1075 3673 1264 3766 praeconio,
1282 3693 1347 3764 pro

261 3812 393 3870 aeterna
424 3799 638 3872 beatitudine
666 3811 744 3892 post
768 3798 872 3868 buius
897 3795 1135 3888 fugacissimae
1170 3793 1253 3865 vitae
1277 3794 1341 3863 mi-

262 3923 373 3993 serias
399 3922 641 4014 promereuda,
670 3944 746 4006 oro,
781 3941 916 4014 precor,
952 3919 1112 4003 obsecro,
1150 3927 1222 3990 toto
1254 3938 1345 3987 nuuc

262 4045 376 4116 animo
401 4046 560 4136 genubus
587 4046 657 4116 tuis
685 4046 829 4126 affusus
852 4053 1026 4137 quatenus
1048 4042 1265 4114 occasionem
1288 4060 1344 4110 res

262 4166 434 4237 maximas
454 4179 558 4259 atque
574 4169 723 4259 optimas
742 4166 885 4257 gerendi
903 4166 1039 4239 coelitus
1060 4165 1210 4237 oblatam
1229 4163 1347 4234 incun-
