3078 4798
421 289 516 337 uranu
538 285 1020 338 suxrusnearuus.—nrrsronl
1043 286 1094 333 vu.
1244 275 1302 336 385

631 573 808 638 EPISTULA
829 574 885 636 Vll.

372 768 567 818 rannelscus
589 767 757 818 Parauaea
778 767 914 816 socunrl
935 765 994 815 SUO
1016 767 1042 814 S.
1064 767 1091 814 P.
1113 767 1143 815 D.

307 925 427 982 Nuneiet
442 925 592 980 adventum
605 923 657 979 sibi
671 929 849 996 pergratum,
866 923 996 994 doletque
1012 919 1117 979 abitum
1132 923 1213 978 amici

445 1015 479 1070 de
494 1031 550 1086 quo
566 1016 653 1070 nescit
669 1015 850 1086 omninoque
866 1030 895 1069 se
911 1014 1067 1070 contulerit.

317 1283 420 1352 Venit
440 1285 572 1356 amicus
598 1293 718 1356 noster
738 1284 783 1356 ad
809 1307 863 1355 me
884 1307 986 1377 quem
1011 1293 1192 1355 venturum
1218 1304 1297 1375 pro-

215 1405 377 1476 miseras.
403 1408 489 1478 Data
510 1429 549 1480 ao
576 1407 709 1478 reddita
732 1408 855 1490 salute,
877 1406 1027 1498 quaesivi
1048 1429 1092 1478 an
1112 1428 1133 1478 a
1155 1417 1187 1477 te
1208 1406 1298 1476 litte·
1353 1499 1356 1508 ι

216 1531 370 1600 rularum
393 1529 532 1620 aliquid.
556 1530 599 1600 Ut
621 1529 703 1599 nihil
729 1529 786 1612 ait,
808 1529 962 1622 cogitare
984 1528 1071 1621 coepi
1094 1529 1223 1600 frustra
1243 1528 1297 1598 lit—

216 1662 308 1722 teras
334 1649 444 1742 quaeri
468 1649 524 1720 ubi
551 1649 633 1722 viva
654 1673 728 1722 vox
754 1652 905 1722 adesset.
926 1649 1086 1721 Breviter
1107 1659 1223 1720 autem
1247 1648 1297 1722 sia

215 1771 319 1855 habe,
347 1773 394 1842 nil
424 1773 508 1844 mihi
542 1775 675 1865 grat-ius
706 1773 796 1846 illius
823 1773 972 1846 bominis
1006 1773 1171 1846 adventu.
1198 1773 1296 1843 Nosti

216 1894 344 1987 quibus
377 1895 540 1967 delectari
575 1900 715 1968 soleam.
748 1898 884 1980 Quanto
916 1897 962 1967 illi
996 1897 1117 1969 durior
1145 1897 1293 1980 fortuna,

216 2026 310 2090 tanto
335 2019 409 2112 ipse
436 2019 518 2089 mihi
539 2018 688 2103 dulcior,
712 2027 875 2111 tantoque
900 2019 1012 2090 carior
1038 2020 1136 2102 mihi,
1164 2027 1296 2112 quanto

216 2140 270 2212 ille
294 2142 350 2211 vel
378 2140 443 2212 sibi
475 2141 673 2233 despectior
699 2143 756 2213 vel
783 2140 954 2235 superbie.
981 2139 1113 2232 Excepi
1139 2160 1219 2209 eum
1259 2149 1297 2210 ut

215 2265 325 2358 potui,
345 2275 380 2336 et
405 2287 531 2358 passus
552 2275 608 2337 est
625 2266 745 2336 locus:
767 2264 897 2334 rustico
915 2284 1042 2346 rerum,
1058 2260 1162 2332 animi
1179 2273 1294 2333 autem

215 2399 383 2481 apparatu
416 2387 522 2480 regie,
553 2387 761 2480 ostendique
793 2385 858 2457 sibi
892 2395 1065 2456 montanee
1100 2382 1294 2456 solitudinis

216 2530 312 2595 meae,
352 2496 522 2603 quantum
560 2521 676 2581 tamen
715 2531 778 2602 pro
818 2518 973 2603 tempore
1015 2507 1173 2593 dabatur,
1211 2508 1295 2599 quid

216 2652 276 2722 per
294 2630 358 2701 bos
376 2630 453 2702 dies
475 2631 508 2700 in
530 2630 678 2722 ingenio,
701 2627 785 2722 quid
806 2630 840 2699 in
862 2629 999 2700 hortulo
1020 2625 1105 2722 quid
1126 2628 1160 2698 in
1182 2630 1295 2720 agello

216 2752 365 2824 severim
392 2754 522 2847 quidve
547 2753 766 2826 messuerim.
800 2755 887 2824 Dum
920 2753 970 2823 sio
998 2773 1158 2824 essemus
1185 2762 1223 2822 ut
1248 2753 1295 2822 nil

138 2953 147 2960 ,
216 2874 315 2947 nobis
337 2877 476 2948 omnino
498 2887 625 2970 praeter
646 2878 695 2950 tui
717 2874 937 2970 praesentiam
960 2875 1084 2947 deesse
1106 2874 1292 2958 videretur,

215 3001 255 3068 et'
271 2998 305 3067 in
327 2999 472 3088 siugulis
491 3000 595 3072 rebus
617 3010 713 3072 tuum
732 3001 832 3072 nobis
850 3023 975 3074 nornen
996 3011 1203 3086 occurreret,
1223 3021 1295 3072 coe-

215 3117 266 3210 pit
281 3138 361 3186 eum
379 3117 590 3190 familiariter
606 3122 716 3192 affecti
734 3122 838 3192 animi
855 3123 1027 3215 cupiditas
1048 3123 1296 3216 aliquantisper

215 3239 400 3331 evagandi.
426 3240 522 3310 Dixit
546 3263 626 3314 esse
653 3243 719 3314 sibi
744 3245 839 3318 cordi
866 3247 1013 3317 insulam
1041 3247 1206 3330 invisere,
1236 3247 1296 3338 qui

216 3365 312 3434 locus
335 3362 445 3436 tribus
467 3385 611 3458 passum
633 3365 785 3438 millibus
807 3366 917 3450 abest,
941 3367 1062 3458 Sergia
1083 3367 1243 3438 illabente
1261 3379 1296 3439 et

195 3525 197 3529 v
216 3485 484 3579 praeterlabente
501 3485 726 3558 delectabilis.
746 3485 870 3572 Annei,
889 3509 936 3558 ex
954 3488 1072 3582 pueris
1086 3488 1173 3559 meis
1189 3511 1295 3560 unum

216 3608 368 3701 aliquem
403 3609 471 3680 viae
506 3610 665 3681 comitem
700 3620 738 3681 ut
771 3610 943 3703 acciperet
977 3612 1149 3683 hortatus.
1177 3611 1297 3683 Oravit

217 3727 272 3800 ille
288 3751 331 3800 ne
345 3732 591 3823 profectionem
608 3755 716 3817 suam,
733 3732 767 3803 in
780 3754 850 3826 qua
864 3755 991 3824 magna
1005 3733 1071 3804 sibi
1084 3732 1295 3804 exonerandi

217 3850 321 3922 animi
349 3875 430 3945 spes
457 3864 566 3939 esset,
609 3855 703 3930 socio
736 3877 943 3948 gravarem
984 3856 1068 3926 nihil
1102 3854 1194 3926 enim
1230 3853 1297 3926 sibi

216 3971 252 4044 in
271 3996 313 4046 eo
332 3985 424 4048 statu
444 3977 581 4054 dulcius
600 3999 705 4070 quarn
727 3990 765 4050 ut
782 3981 879 4052 solus
896 4001 977 4052 esse
993 3990 1124 4074 posset.
1144 3977 1298 4068 Nonau-

218 4105 283 4166 tem
309 4098 452 4176 miratus
474 4123 573 4188 sum;
598 4124 676 4174 nam
698 4101 837 4176 etmihi
860 4111 1013 4195 quantus
1033 4103 1078 4176 sit
1098 4124 1195 4174 amor
1217 4101 1297 4175 soli-

343 4231 368 4271 rr.
1112 4221 1143 4272 ⁰25
